<?xml version="1.0" encoding="UTF-8" standalone="yes"?>
<PcGts xmlns="http://schema.primaresearch.org/PAGE/gts/pagecontent/2013-07-15" xmlns:xsi="http://www.w3.org/2001/XMLSchema-instance" xsi:schemaLocation="http://schema.primaresearch.org/PAGE/gts/pagecontent/2013-07-15 http://schema.primaresearch.org/PAGE/gts/pagecontent/2013-07-15/pagecontent.xsd">
    <Metadata>
        <Creator>prov=University of Rostock/Institute of Mathematics/CITlab/Gundram Leifert/gundram.leifert@uni-rostock.de:name=ONB_Newseye_GT_M1+(htr_id=10810)::::v=2.4.2
prov=University of Rostock/Institute of Mathematics/CITlab/Tobias Gruening/tobias.gruening@uni-rostock.de:name=de.uros.citlab.module.baseline2polygon.B2PSeamMultiOriented:v=2.4.2
prov=University of Rostock/Institute of Mathematics/CITlab/Tobias Gruening/tobias.gruening@uni-rostock.de:name=/mnt/transkribus/LA/DEA/URO/LA_news_onb_att.pb:de.uros.citlab.segmentation.CITlab_LA_ML:v=2.4.2
Transkribus</Creator>
        <Created>2019-10-07T11:38:32.294+02:00</Created>
        <LastChange>2019-10-08T15:05:35.256+02:00</LastChange>
        <TranskribusMetadata docId="223979" pageId="9502808" pageNr="535" tsid="16594614" status="IN_PROGRESS" userId="40391" imgUrl="https://files.transkribus.eu/Get?id=ZTSVHIJCAMWCRZOVHFXVNLYA&amp;fileType=view" xmlUrl="https://files.transkribus.eu/Get?id=PSOIQRSMPGQJGGPHBGYGNFJQ" imageId="6193022"/>
    </Metadata>
    <Page imageFilename="223979_0535.jpeg" imageWidth="3436" imageHeight="4448">
        <ReadingOrder>
            <OrderedGroup id="ro_1711449338457" caption="Regions reading order">
                <RegionRefIndexed index="0" regionRef="r1"/>
            </OrderedGroup>
        </ReadingOrder>
        <TextRegion orientation="0.0" id="r1" custom="readingOrder {index:0;}">
            <Coords points="318,239 318,4249 2982,4249 2982,239"/>
            <TextLine id="r1l1" custom="readingOrder {index:0;}">
                <Coords points="1948,293 2082,288 2096,273 2151,291 2413,291 2413,207 2215,204 2180,239 2148,236 2102,198 2041,198 1986,221 1948,209"/>
                <Baseline points="1963,264 1988,264 2014,264 2039,264 2065,265 2091,265 2116,266 2142,266 2168,267 2193,267 2219,268 2245,268 2270,267 2296,267 2322,266 2347,265 2373,263 2399,260"/>
                <TextEquiv>
                    <Unicode>box 20/6</Unicode>
                </TextEquiv>
            </TextLine>
            <TextLine id="r1l2" custom="readingOrder {index:1;}">
                <Coords points="303,301 1758,322 1827,314 1828,232 303,228"/>
                <Baseline points="318,263 392,269 467,274 542,277 616,281 691,283 766,285 840,286 915,287 990,287 1065,287 1139,286 1214,286 1289,285 1363,284 1438,284 1513,283 1587,282 1662,282 1737,282 1812,283"/>
                <TextEquiv>
                    <Unicode>14: Der Schleier der Beatrice</Unicode>
                </TextEquiv>
            </TextLine>
            <TextLine id="r1l3" custom="readingOrder {index:2;}">
                <Coords points="493,940 513,946 522,938 530,947 562,936 582,946 600,938 609,944 629,938 638,945 667,945 668,902 613,894 601,900 584,885 555,890 544,880 538,886 494,882"/>
                <Baseline points="506,931 535,932 564,932 593,932 622,934 652,937"/>
                <TextEquiv>
                    <Unicode>nntag</Unicode>
                </TextEquiv>
            </TextLine>
            <TextLine id="r1l4" custom="readingOrder {index:3;}">
                <Coords points="1020,934 1070,955 1137,935 1322,956 1427,942 1427,875 1395,869 1343,869 1308,898 1244,866 1189,868 1169,889 1105,868 1070,885 1021,879"/>
                <Baseline points="1035,929 1060,931 1085,932 1110,934 1135,934 1160,936 1185,936 1210,937 1235,937 1260,937 1285,937 1310,936 1335,935 1360,934 1385,932 1411,930"/>
                <TextEquiv>
                    <Unicode>Reichspost</Unicode>
                </TextEquiv>
            </TextLine>
            <TextLine id="r1l5" custom="readingOrder {index:4;}">
                <Coords points="2667,960 2914,960 2913,885 2791,874 2777,886 2765,874 2736,892 2704,875 2666,878"/>
                <Baseline points="2682,939 2709,941 2736,942 2763,942 2790,941 2817,940 2844,939 2871,939 2898,940"/>
                <TextEquiv>
                    <Unicode>Seite 11</Unicode>
                </TextEquiv>
            </TextLine>
            <TextLine id="r1l6" custom="readingOrder {index:5;}">
                <Coords points="1777,944 1863,960 2154,958 2155,906 2077,887 1966,900 1891,879 1859,896 1835,892 1815,912 1777,909"/>
                <Baseline points="1790,935 1815,937 1840,939 1865,940 1890,941 1915,941 1940,941 1965,941 1990,941 2015,941 2040,942 2065,942 2090,942 2115,943 2140,944"/>
                <TextEquiv>
                    <Unicode>24. Mai 1925</Unicode>
                </TextEquiv>
            </TextLine>
            <TextLine id="r1l7" custom="readingOrder {index:6;}">
                <Coords points="483,1048 526,1045 541,1033 570,1031 651,1040 652,982 585,981 567,996 556,987 521,984 509,972 503,978 483,978"/>
                <Baseline points="497,1020 524,1022 552,1022 580,1021 608,1021 636,1023"/>
                <TextEquiv>
                    <Unicode>einum</Unicode>
                </TextEquiv>
            </TextLine>
            <TextLine id="r1l8" custom="readingOrder {index:7;}">
                <Coords points="1472,1018 1504,1029 1571,1023 1620,1034 1632,1025 1704,1033 1756,1015 1777,1020 1776,988 1753,983 1692,1001 1625,984 1471,992"/>
                <Baseline points="1485,1021 1510,1023 1535,1024 1560,1025 1585,1026 1610,1026 1635,1025 1660,1024 1685,1023 1710,1022 1735,1021 1761,1019"/>
                <TextEquiv>
                    <Unicode>direkt, ahne</Unicode>
                </TextEquiv>
            </TextLine>
            <TextLine id="r1l9" custom="readingOrder {index:8;}">
                <Coords points="1797,1031 2984,1050 2984,1001 2796,985 1797,1002"/>
                <Baseline points="1812,1043 1869,1043 1927,1042 1985,1042 2043,1042 2101,1042 2159,1043 2216,1043 2274,1044 2332,1044 2390,1045 2448,1046 2506,1046 2564,1047 2621,1047 2679,1047 2737,1048 2795,1048 2853,1048 2911,1048 2969,1047"/>
                <TextEquiv>
                    <Unicode>Zugriff erfaßt, sondern allzu spielerisch behandelt, wie ja¬</Unicode>
                </TextEquiv>
            </TextLine>
            <TextLine id="r1l10" custom="readingOrder {index:9;}">
                <Coords points="1392,1070 1427,1075 1513,1053 1694,1063 1752,1053 1787,1067 1786,1015 1504,1030 1448,990 1390,1003"/>
                <Baseline points="1407,1063 1433,1059 1459,1058 1485,1055 1511,1055 1537,1054 1563,1053 1589,1053 1615,1053 1641,1053 1667,1053 1693,1053 1719,1052 1745,1052 1771,1050"/>
                <TextEquiv>
                    <Unicode>Zwischenhande',</Unicode>
                </TextEquiv>
            </TextLine>
            <TextLine id="r1l11" custom="readingOrder {index:10;}">
                <Coords points="490,1067 516,1068 528,1062 551,1075 571,1066 580,1073 603,1073 615,1065 621,1071 635,1071 636,1036 596,1029 566,1034 535,1030 520,1045 491,1044"/>
                <Baseline points="506,1063 534,1061 563,1062 591,1064 620,1065"/>
                <TextEquiv>
                    <Unicode>geist¬</Unicode>
                </TextEquiv>
            </TextLine>
            <TextLine id="r1l12" custom="readingOrder {index:11;}">
                <Coords points="1420,1081 1446,1078 1498,1102 1530,1083 1698,1085 1771,1110 1794,1101 1795,1035 1719,1060 1650,1047 1568,1060 1420,1052"/>
                <Baseline points="1433,1081 1459,1081 1486,1081 1513,1081 1540,1081 1566,1082 1593,1082 1620,1082 1647,1083 1673,1083 1700,1084 1727,1085 1754,1086 1781,1087"/>
                <TextEquiv>
                    <Unicode>daher 30 bis 40%</Unicode>
                </TextEquiv>
            </TextLine>
            <TextLine id="r1l13" custom="readingOrder {index:12;}">
                <Coords points="1797,1080 2996,1101 2996,1052 2903,1043 1797,1030"/>
                <Baseline points="1811,1088 1869,1087 1928,1088 1986,1088 2045,1088 2103,1088 2162,1089 2220,1089 2279,1090 2337,1090 2396,1091 2455,1091 2513,1092 2572,1092 2630,1093 2689,1093 2747,1093 2806,1093 2864,1093 2923,1093 2982,1093"/>
                <TextEquiv>
                    <Unicode>bei Schnitzler Liebe immer zur Liebelei wird, Sterben</Unicode>
                </TextEquiv>
            </TextLine>
            <TextLine id="r1l14" custom="readingOrder {index:13;}">
                <Coords points="637,1111 1302,1131 1471,1104 1471,1078 1288,1049 1088,1079 823,1067 786,1035 638,1053"/>
                <Baseline points="651,1089 691,1092 731,1093 771,1095 811,1097 852,1099 892,1100 932,1101 972,1102 1012,1103 1053,1104 1093,1104 1133,1105 1173,1105 1213,1104 1254,1104 1294,1103 1334,1102 1374,1101 1414,1100 1455,1098"/>
                <TextEquiv>
                    <Unicode>Gummim.-Hänfer</Unicode>
                </TextEquiv>
            </TextLine>
            <TextLine id="r1l15" custom="readingOrder {index:14;}">
                <Coords points="477,1111 500,1115 527,1106 541,1118 562,1105 582,1110 588,1104 648,1120 652,1074 634,1073 623,1060 605,1073 588,1066 550,1070 521,1062 497,1075 480,1073"/>
                <Baseline points="492,1097 520,1098 548,1099 577,1101 605,1104 634,1107"/>
                <TextEquiv>
                    <Unicode>sjahre</Unicode>
                </TextEquiv>
            </TextLine>
            <TextLine id="r1l16" custom="readingOrder {index:15;}">
                <Coords points="1493,1131 1566,1114 1586,1123 1621,1117 1650,1126 1667,1117 1699,1123 1728,1112 1746,1115 1746,1089 1609,1085 1598,1073 1586,1082 1493,1085"/>
                <Baseline points="1508,1110 1536,1111 1564,1111 1592,1111 1620,1111 1648,1111 1676,1111 1704,1111 1732,1113"/>
                <TextEquiv>
                    <Unicode>Ersparnis.</Unicode>
                </TextEquiv>
            </TextLine>
            <TextLine id="r1l17" custom="readingOrder {index:16;}">
                <Coords points="1798,1131 2986,1134 2968,1090 1798,1082"/>
                <Baseline points="1811,1129 1869,1130 1927,1130 1985,1131 2043,1132 2101,1132 2159,1133 2217,1133 2275,1134 2333,1135 2391,1135 2449,1136 2507,1136 2565,1136 2623,1137 2681,1137 2739,1137 2797,1137 2855,1137 2913,1137 2972,1137"/>
                <TextEquiv>
                    <Unicode>immer zu einer kapriziösen Komödiantenangelegenheit,</Unicode>
                </TextEquiv>
            </TextLine>
            <TextLine id="r1l18" custom="readingOrder {index:17;}">
                <Coords points="481,1139 548,1165 618,1153 638,1168 708,1144 1016,1156 1048,1142 1048,1110 1024,1107 481,1107"/>
                <Baseline points="495,1140 521,1141 548,1141 575,1142 602,1143 629,1143 656,1143 683,1144 710,1144 737,1144 764,1143 790,1143 817,1143 844,1143 871,1143 898,1142 925,1142 952,1142 979,1142 1006,1142 1033,1142"/>
                <TextEquiv>
                    <Unicode>9 Uhr j Preise von K 145.000.</Unicode>
                </TextEquiv>
            </TextLine>
            <TextLine id="r1l19" custom="readingOrder {index:18;}">
                <Coords points="1531,1150 1568,1153 1580,1165 1597,1151 1798,1154 1798,1122 1767,1110 1700,1123 1604,1116 1592,1104 1584,1113 1531,1112"/>
                <Baseline points="1544,1143 1570,1144 1597,1144 1623,1145 1650,1145 1676,1146 1703,1147 1729,1147 1756,1146 1783,1146"/>
                <TextEquiv>
                    <Unicode>Größte Auswahl.</Unicode>
                </TextEquiv>
            </TextLine>
            <TextLine id="r1l20" custom="readingOrder {index:19;}">
                <Coords points="1808,1188 2993,1195 2973,1134 1808,1139"/>
                <Baseline points="1824,1171 1881,1173 1939,1174 1997,1175 2055,1176 2112,1176 2170,1177 2228,1177 2286,1177 2343,1178 2401,1178 2459,1178 2517,1178 2574,1178 2632,1179 2690,1179 2748,1180 2805,1181 2863,1182 2921,1183 2979,1185"/>
                <TextEquiv>
                    <Unicode>Trauer immer zu einer süßlichen Melancholie, von der</Unicode>
                </TextEquiv>
            </TextLine>
            <TextLine id="r1l21" custom="readingOrder {index:20;}">
                <Coords points="1018,1179 1796,1194 1797,1150 1573,1157 1515,1125 1437,1141 1350,1112 1312,1135 1077,1115 1019,1141"/>
                <Baseline points="1032,1174 1069,1175 1107,1176 1144,1176 1182,1176 1219,1177 1257,1177 1294,1177 1332,1177 1369,1177 1407,1177 1445,1178 1482,1178 1520,1178 1557,1178 1595,1179 1632,1179 1670,1180 1707,1180 1745,1182 1783,1183"/>
                <TextEquiv>
                    <Unicode>Industrie für Regenmäntellabrikation, V. Rechte</Unicode>
                </TextEquiv>
            </TextLine>
            <TextLine id="r1l22" custom="readingOrder {index:21;}">
                <Coords points="633,1224 1806,1212 1806,1177 1104,1182 999,1146 633,1169"/>
                <Baseline points="649,1209 706,1208 763,1208 820,1207 877,1207 934,1207 991,1206 1048,1206 1105,1207 1162,1207 1220,1207 1277,1207 1334,1207 1391,1208 1448,1208 1505,1209 1562,1209 1619,1209 1676,1210 1733,1210 1791,1210"/>
                <TextEquiv>
                    <Unicode>„Allweller“ wienzelle 93, 1. Stock, Hiallestelle Pigramprücke.</Unicode>
                </TextEquiv>
            </TextLine>
            <TextLine id="r1l23" custom="readingOrder {index:22;}">
                <Coords points="487,1212 504,1211 528,1231 539,1225 563,1230 571,1224 589,1224 609,1235 635,1231 634,1188 617,1188 602,1180 582,1183 558,1172 541,1176 486,1162"/>
                <Baseline points="501,1223 531,1221 561,1219 591,1219 621,1221"/>
                <TextEquiv>
                    <Unicode>abeth.</Unicode>
                </TextEquiv>
            </TextLine>
            <TextLine id="r1l24" custom="readingOrder {index:23;}">
                <Coords points="1802,1215 2792,1238 2989,1230 2990,1199 1802,1168"/>
                <Baseline points="1816,1216 1877,1217 1938,1218 1999,1219 2060,1220 2121,1220 2182,1221 2243,1221 2304,1222 2365,1223 2426,1223 2487,1223 2548,1224 2609,1224 2670,1225 2731,1225 2792,1225 2853,1226 2914,1226 2975,1227"/>
                <TextEquiv>
                    <Unicode>auch dieses Stück ganz und gar durchtränkt ist. Den</Unicode>
                </TextEquiv>
            </TextLine>
            <TextLine id="r1l25" custom="readingOrder {index:24;}">
                <Coords points="510,1261 524,1261 533,1255 551,1272 576,1262 614,1273 644,1272 645,1228 610,1235 587,1224 569,1225 561,1231 549,1225 508,1227"/>
                <Baseline points="525,1261 551,1261 578,1259 605,1257 632,1260"/>
                <TextEquiv>
                    <Unicode> grie¬</Unicode>
                </TextEquiv>
            </TextLine>
            <TextLine id="r1l26" custom="readingOrder {index:25;}">
                <Coords points="1799,1255 2984,1270 2984,1227 1800,1212"/>
                <Baseline points="1815,1263 1872,1263 1930,1263 1988,1264 2045,1264 2103,1264 2161,1265 2218,1265 2276,1266 2334,1266 2392,1267 2449,1267 2507,1267 2565,1268 2622,1268 2680,1268 2738,1268 2795,1268 2853,1268 2911,1268 2969,1268"/>
                <TextEquiv>
                    <Unicode>klaren Sien eines Stückes verschleiert er fast allemal mit</Unicode>
                </TextEquiv>
            </TextLine>
            <TextLine id="r1l27" custom="readingOrder {index:26;}">
                <Coords points="502,1311 531,1314 542,1302 557,1299 574,1308 606,1308 621,1299 650,1301 649,1272 629,1272 612,1264 603,1267 594,1261 548,1267 536,1256 527,1256 522,1262 501,1262"/>
                <Baseline points="517,1299 546,1296 576,1297 605,1298 635,1295"/>
                <TextEquiv>
                    <Unicode>beid¬</Unicode>
                </TextEquiv>
            </TextLine>
            <TextLine id="r1l28" custom="readingOrder {index:27;}">
                <Coords points="1800,1323 2988,1316 2983,1269 1801,1259"/>
                <Baseline points="1815,1305 1876,1305 1937,1305 1998,1305 2059,1305 2120,1306 2181,1306 2242,1307 2303,1307 2364,1308 2425,1308 2486,1309 2547,1309 2608,1310 2669,1311 2730,1312 2791,1312 2852,1313 2913,1314 2974,1315"/>
                <TextEquiv>
                    <Unicode>wichtigtnerischer Philosophie, Einfallsarmut deckt er mit</Unicode>
                </TextEquiv>
            </TextLine>
            <TextLine id="r1l29" custom="readingOrder {index:28;}">
                <Coords points="515,1338 539,1336 553,1343 573,1341 579,1347 603,1339 619,1355 625,1349 640,1350 642,1306 575,1300 543,1305 517,1301"/>
                <Baseline points="529,1336 561,1336 593,1338 625,1340"/>
                <TextEquiv>
                    <Unicode>Ort:</Unicode>
                </TextEquiv>
            </TextLine>
            <TextLine id="r1l30" custom="readingOrder {index:29;}">
                <Coords points="1324,1353 1391,1356 1405,1371 1420,1371 1420,1295 1400,1298 1394,1292 1388,1295 1385,1292 1373,1295 1324,1292"/>
                <Baseline points="1338,1348 1371,1346 1404,1348"/>
                <TextEquiv>
                    <Unicode>8200</Unicode>
                </TextEquiv>
            </TextLine>
            <TextLine id="r1l31" custom="readingOrder {index:30;}">
                <Coords points="1798,1370 2980,1357 2980,1314 1798,1298"/>
                <Baseline points="1812,1349 1869,1350 1927,1350 1984,1350 2042,1351 2100,1351 2157,1351 2215,1352 2273,1352 2330,1353 2388,1353 2446,1353 2503,1354 2561,1354 2619,1355 2676,1355 2734,1355 2792,1355 2849,1356 2907,1356 2965,1356"/>
                <TextEquiv>
                    <Unicode>schönrednerischem Wortprunk. In seiner ganzen Anlage.</Unicode>
                </TextEquiv>
            </TextLine>
            <TextLine id="r1l32" custom="readingOrder {index:31;}">
                <Coords points="506,1393 530,1394 535,1400 553,1393 561,1399 573,1396 584,1409 599,1412 635,1382 652,1383 654,1354 619,1355 602,1340 581,1347 576,1341 561,1344 509,1335"/>
                <Baseline points="521,1378 550,1375 580,1376 609,1379 639,1382"/>
                <TextEquiv>
                    <Unicode>Mai,</Unicode>
                </TextEquiv>
            </TextLine>
            <TextLine id="r1l33" custom="readingOrder {index:32;}">
                <Coords points="1806,1393 2979,1392 2979,1357 1806,1355"/>
                <Baseline points="1821,1394 1878,1394 1935,1394 1992,1394 2049,1394 2106,1395 2163,1395 2221,1395 2278,1396 2335,1396 2392,1397 2449,1397 2506,1397 2563,1398 2621,1398 2678,1398 2735,1398 2792,1398 2849,1398 2906,1397 2964,1397"/>
                <TextEquiv>
                    <Unicode>namentlich aber in seinem Schluß verrät dieses Schauspiel</Unicode>
                </TextEquiv>
            </TextLine>
            <TextLine id="r1l34" custom="readingOrder {index:33;}">
                <Coords points="1797,1459 2984,1460 2985,1402 1797,1395"/>
                <Baseline points="1812,1438 1869,1438 1927,1438 1985,1438 2043,1439 2101,1439 2159,1439 2216,1440 2274,1440 2332,1440 2390,1441 2448,1441 2506,1442 2564,1443 2621,1443 2679,1444 2737,1444 2795,1445 2853,1446 2911,1447 2969,1448"/>
                <TextEquiv>
                    <Unicode>starke Hinneigung zu Shakespeare. Einen eigenen, persön¬</Unicode>
                </TextEquiv>
            </TextLine>
            <TextLine id="r1l35" custom="readingOrder {index:34;}">
                <Coords points="819,1463 1629,1472 1632,1292 1603,1285 1292,1284 1263,1310 1228,1283 822,1286"/>
                <Baseline points="835,1450 874,1448 913,1447 952,1446 991,1446 1030,1446 1069,1446 1108,1447 1147,1448 1186,1449 1225,1450 1264,1451 1303,1453 1342,1454 1381,1454 1420,1455 1459,1455 1498,1455 1537,1455 1576,1454 1615,1453"/>
                <TextEquiv>
                    <Unicode>NOLEUIR</Unicode>
                </TextEquiv>
            </TextLine>
            <TextLine id="r1l36" custom="readingOrder {index:35;}">
                <Coords points="484,1456 524,1465 539,1456 553,1462 577,1454 597,1465 626,1454 646,1457 646,1387 632,1387 600,1413 571,1398 556,1407 545,1395 536,1401 527,1392 519,1401 484,1398"/>
                <Baseline points="498,1454 524,1452 551,1453 578,1453 605,1454 632,1452"/>
                <TextEquiv>
                    <Unicode>ien V.</Unicode>
                </TextEquiv>
            </TextLine>
            <TextLine id="r1l37" custom="readingOrder {index:36;}">
                <Coords points="1800,1493 2863,1509 2899,1454 1801,1447"/>
                <Baseline points="1815,1478 1868,1479 1921,1480 1975,1481 2028,1482 2082,1483 2135,1484 2188,1484 2242,1485 2295,1485 2349,1486 2402,1486 2455,1487 2509,1487 2562,1488 2616,1488 2669,1489 2722,1490 2776,1490 2829,1491 2883,1492"/>
                <TextEquiv>
                    <Unicode>licheren Stil hat sich Schnitzler erst später geschaffen.</Unicode>
                </TextEquiv>
            </TextLine>
            <TextLine id="r1l38" custom="readingOrder {index:37;}">
                <Coords points="481,1500 504,1505 527,1497 562,1505 568,1499 600,1496 629,1513 650,1513 649,1458 585,1458 576,1453 559,1459 481,1456"/>
                <Baseline points="495,1493 522,1494 550,1494 578,1494 606,1493 634,1492"/>
                <TextEquiv>
                    <Unicode>#fessor</Unicode>
                </TextEquiv>
            </TextLine>
            <TextLine id="r1l39" custom="readingOrder {index:38;}">
                <Coords points="1364,1523 1402,1511 1750,1513 1750,1472 1599,1467 1579,1479 1555,1464 1544,1476 1512,1467 1477,1479 1442,1465 1425,1477 1364,1477"/>
                <Baseline points="1379,1511 1404,1509 1429,1509 1455,1508 1480,1508 1506,1508 1531,1507 1557,1507 1582,1507 1607,1507 1633,1507 1658,1507 1684,1508 1709,1508 1735,1508"/>
                <TextEquiv>
                    <Unicode>Mariaalterstr. 35</Unicode>
                </TextEquiv>
            </TextLine>
            <TextLine id="r1l40" custom="readingOrder {index:39;}">
                <Coords points="1872,1514 2944,1545 2987,1531 2988,1476 1873,1488"/>
                <Baseline points="1888,1525 1942,1525 1996,1525 2050,1526 2104,1526 2159,1527 2213,1528 2267,1529 2321,1530 2375,1531 2430,1531 2484,1532 2538,1533 2592,1533 2646,1534 2701,1534 2755,1534 2809,1534 2863,1534 2917,1533 2972,1532"/>
                <TextEquiv>
                    <Unicode>Die Aufführung dieses Stückes, an dem man. von</Unicode>
                </TextEquiv>
            </TextLine>
            <TextLine id="r1l41" custom="readingOrder {index:40;}">
                <Coords points="1294,1537 1384,1552 1407,1540 1758,1546 1758,1511 1677,1500 1398,1514 1352,1473 1294,1494"/>
                <Baseline points="1308,1533 1333,1536 1359,1538 1384,1540 1410,1541 1435,1542 1461,1542 1487,1542 1512,1541 1538,1541 1563,1540 1589,1540 1615,1539 1640,1538 1666,1538 1691,1538 1717,1539 1743,1540"/>
                <TextEquiv>
                    <Unicode>FII. Mariehelierstr. 104</Unicode>
                </TextEquiv>
            </TextLine>
            <TextLine id="r1l42" custom="readingOrder {index:41;}">
                <Coords points="1275,1582 1331,1588 1409,1567 1633,1576 1656,1559 1685,1585 1760,1567 1760,1530 1415,1533 1380,1547 1313,1533 1275,1547"/>
                <Baseline points="1291,1571 1316,1571 1341,1571 1366,1570 1392,1570 1417,1570 1442,1570 1467,1570 1493,1570 1518,1570 1543,1570 1569,1571 1594,1571 1619,1571 1644,1571 1670,1570 1695,1570 1720,1570 1746,1570"/>
                <TextEquiv>
                    <Unicode>Xiv. Neriaulierstr 191</Unicode>
                </TextEquiv>
            </TextLine>
            <TextLine id="r1l43" custom="readingOrder {index:42;}">
                <Coords points="1800,1562 2888,1593 2978,1583 2979,1539 1800,1528"/>
                <Baseline points="1815,1568 1872,1569 1930,1569 1987,1569 2045,1570 2102,1570 2160,1571 2217,1571 2275,1572 2332,1573 2390,1573 2447,1574 2505,1575 2562,1575 2620,1576 2677,1576 2735,1577 2792,1577 2850,1578 2907,1578 2965,1579"/>
                <TextEquiv>
                    <Unicode>welcher Seite immer man es betrachten mag, wahrhaftia</Unicode>
                </TextEquiv>
            </TextLine>
            <TextLine id="r1l44" custom="readingOrder {index:43;}">
                <Coords points="1333,1614 1359,1602 1388,1614 1423,1599 1603,1600 1658,1626 1693,1611 1768,1613 1768,1564 1469,1561 1333,1579"/>
                <Baseline points="1347,1601 1372,1601 1398,1601 1423,1601 1449,1601 1474,1601 1500,1601 1525,1601 1551,1601 1576,1600 1602,1600 1627,1600 1653,1599 1678,1599 1704,1598 1729,1598 1755,1597"/>
                <TextEquiv>
                    <Unicode>I. Körninerstraß 63</Unicode>
                </TextEquiv>
            </TextLine>
            <TextLine id="r1l45" custom="readingOrder {index:44;}">
                <Coords points="478,1610 512,1617 541,1612 559,1624 599,1616 608,1625 620,1619 651,1628 653,1544 627,1550 618,1544 577,1572 563,1563 542,1568 525,1559 510,1565 496,1550 479,1552"/>
                <Baseline points="491,1606 520,1608 549,1609 578,1609 607,1610 636,1609"/>
                <TextEquiv>
                    <Unicode>.Juli</Unicode>
                </TextEquiv>
            </TextLine>
            <TextLine id="r1l46" custom="readingOrder {index:45;}">
                <Coords points="1802,1621 2891,1635 2983,1627 2984,1578 1802,1568"/>
                <Baseline points="1815,1612 1872,1613 1930,1614 1987,1615 2045,1615 2103,1616 2160,1617 2218,1617 2276,1618 2333,1619 2391,1619 2449,1620 2506,1620 2564,1620 2622,1621 2679,1621 2737,1621 2795,1621 2852,1621 2910,1622 2968,1621"/>
                <TextEquiv>
                    <Unicode>keine Freude haben kann, hat Direktor Herterich in</Unicode>
                </TextEquiv>
            </TextLine>
            <TextLine id="r1l47" custom="readingOrder {index:46;}">
                <Coords points="718,1642 958,1652 1099,1623 1153,1654 1618,1649 1642,1606 719,1554"/>
                <Baseline points="732,1621 776,1618 821,1616 866,1615 911,1614 956,1614 1000,1615 1045,1616 1090,1618 1135,1620 1180,1621 1224,1623 1269,1625 1314,1627 1359,1628 1404,1630 1448,1630 1493,1631 1538,1630 1583,1629 1628,1627"/>
                <TextEquiv>
                    <Unicode>Aerr I wonrete 13</Unicode>
                </TextEquiv>
            </TextLine>
            <TextLine id="r1l48" custom="readingOrder {index:47;}">
                <Coords points="488,1652 523,1659 561,1653 575,1660 596,1655 619,1659 634,1646 654,1647 657,1597 639,1599 618,1618 595,1614 580,1619 555,1603 534,1614 490,1611"/>
                <Baseline points="502,1646 529,1648 556,1649 583,1650 610,1652 638,1655"/>
                <TextEquiv>
                    <Unicode>iesach,</Unicode>
                </TextEquiv>
            </TextLine>
            <TextLine id="r1l49" custom="readingOrder {index:48;}">
                <Coords points="1806,1663 2985,1665 2965,1621 1806,1619"/>
                <Baseline points="1820,1654 1877,1656 1934,1658 1992,1659 2049,1660 2107,1661 2164,1661 2222,1662 2279,1662 2337,1663 2394,1663 2451,1663 2509,1664 2566,1664 2624,1664 2681,1665 2739,1665 2796,1665 2854,1666 2911,1667 2969,1668"/>
                <TextEquiv>
                    <Unicode>seine persönliche Obhut genommen. Seine Regiearbeit,</Unicode>
                </TextEquiv>
            </TextLine>
            <TextLine id="r1l50" custom="readingOrder {index:49;}">
                <Coords points="483,1696 497,1696 523,1720 555,1721 575,1713 598,1722 622,1711 636,1724 653,1724 656,1646 632,1645 617,1659 589,1655 583,1661 571,1655 484,1652"/>
                <Baseline points="498,1688 526,1690 554,1691 583,1691 611,1692 640,1693"/>
                <TextEquiv>
                    <Unicode>ildigst</Unicode>
                </TextEquiv>
            </TextLine>
            <TextLine id="r1l51" custom="readingOrder {index:50;}">
                <Coords points="679,1715 1759,1709 1759,1648 1623,1635 1213,1667 679,1631"/>
                <Baseline points="692,1693 744,1695 797,1697 849,1698 902,1699 955,1700 1007,1701 1060,1701 1112,1702 1165,1702 1218,1702 1270,1702 1323,1702 1375,1702 1428,1702 1481,1702 1533,1702 1586,1703 1638,1703 1691,1704 1744,1705"/>
                <TextEquiv>
                    <Unicode>Spezial-Ausführung von Linoleum-Belagen</Unicode>
                </TextEquiv>
            </TextLine>
            <TextLine id="r1l52" custom="readingOrder {index:51;}">
                <Coords points="1804,1699 2911,1723 2987,1663 1805,1664"/>
                <Baseline points="1818,1698 1875,1699 1933,1700 1991,1701 2048,1702 2106,1703 2164,1704 2221,1705 2279,1705 2337,1706 2395,1707 2452,1707 2510,1708 2568,1708 2625,1709 2683,1709 2741,1710 2798,1710 2856,1711 2914,1711 2972,1711"/>
                <TextEquiv>
                    <Unicode>unterstützt von den märchenhaft schönen Bühnenbildern</Unicode>
                </TextEquiv>
            </TextLine>
            <TextLine id="r1l53" custom="readingOrder {index:52;}">
                <Coords points="1801,1751 2866,1775 2989,1741 2989,1712 1801,1702"/>
                <Baseline points="1816,1743 1877,1744 1938,1745 1999,1746 2060,1746 2121,1747 2182,1747 2243,1748 2304,1749 2365,1749 2426,1750 2487,1750 2548,1751 2609,1752 2670,1752 2731,1753 2792,1754 2853,1755 2914,1757 2975,1758"/>
                <TextEquiv>
                    <Unicode>Remigius Geylings, betont mit Glück vor allem</Unicode>
                </TextEquiv>
            </TextLine>
            <TextLine id="r1l54" custom="readingOrder {index:53;}">
                <Coords points="676,1773 751,1785 777,1768 809,1780 830,1768 850,1783 888,1766 917,1784 1033,1784 1033,1715 926,1720 888,1705 821,1722 766,1707 676,1715"/>
                <Baseline points="689,1758 714,1759 739,1759 765,1760 790,1760 815,1760 841,1760 866,1760 892,1760 917,1760 942,1761 968,1761 993,1761 1019,1761"/>
                <TextEquiv>
                    <Unicode>Silnige Preise</Unicode>
                </TextEquiv>
            </TextLine>
            <TextLine id="r1l55" custom="readingOrder {index:54;}">
                <Coords points="1384,1772 1700,1786 1776,1768 1777,1730 1722,1714 1556,1727 1536,1712 1510,1726 1385,1717"/>
                <Baseline points="1398,1758 1423,1760 1449,1761 1475,1763 1501,1764 1527,1764 1553,1765 1579,1766 1604,1766 1630,1767 1656,1767 1682,1768 1708,1768 1734,1769 1760,1769"/>
                <TextEquiv>
                    <Unicode>Beste Gualität</Unicode>
                </TextEquiv>
            </TextLine>
            <TextLine id="r1l56" custom="readingOrder {index:55;}">
                <Coords points="483,1766 524,1774 538,1765 556,1779 571,1773 614,1776 649,1769 648,1717 622,1712 593,1727 575,1715 532,1722 503,1702 482,1708"/>
                <Baseline points="497,1767 524,1766 551,1766 579,1766 606,1765 634,1764"/>
                <TextEquiv>
                    <Unicode> Juli</Unicode>
                </TextEquiv>
            </TextLine>
            <TextLine id="r1l57" custom="readingOrder {index:56;}">
                <Coords points="1793,1782 2986,1799 2986,1759 2745,1748 1793,1753"/>
                <Baseline points="1808,1788 1866,1789 1924,1790 1982,1791 2040,1792 2099,1793 2157,1793 2215,1794 2273,1794 2331,1795 2390,1795 2448,1796 2506,1796 2564,1796 2622,1797 2681,1797 2739,1798 2797,1798 2855,1799 2913,1800 2972,1800"/>
                <TextEquiv>
                    <Unicode>die romantischen Züge der Dichtung und gibt ihnen eine</Unicode>
                </TextEquiv>
            </TextLine>
            <TextLine id="r1l58" custom="readingOrder {index:57;}">
                <Coords points="483,1832 518,1826 591,1832 608,1829 623,1817 649,1817 649,1768 605,1777 593,1771 533,1768 518,1774 501,1765 483,1768"/>
                <Baseline points="499,1811 526,1809 553,1807 580,1807 607,1808 635,1812"/>
                <TextEquiv>
                    <Unicode>estern,</Unicode>
                </TextEquiv>
            </TextLine>
            <TextLine id="r1l59" custom="readingOrder {index:58;}">
                <Coords points="1807,1840 2980,1853 2980,1798 1807,1797"/>
                <Baseline points="1822,1839 1879,1837 1936,1837 1993,1837 2050,1836 2108,1837 2165,1837 2222,1837 2279,1838 2336,1839 2394,1839 2451,1840 2508,1841 2565,1841 2622,1842 2680,1842 2737,1842 2794,1842 2851,1842 2908,1842 2966,1841"/>
                <TextEquiv>
                    <Unicode>fast über Gebühr edle Kraft. In der Rolle der Veatrice</Unicode>
                </TextEquiv>
            </TextLine>
            <TextLine id="r1l60" custom="readingOrder {index:59;}">
                <Coords points="516,1873 530,1874 550,1890 570,1885 579,1892 590,1889 602,1893 608,1888 622,1897 636,1898 641,1838 626,1837 618,1827 579,1836 566,1827 554,1829 540,1819 519,1820"/>
                <Baseline points="530,1881 561,1880 592,1884 623,1886"/>
                <TextEquiv>
                    <Unicode>dem</Unicode>
                </TextEquiv>
            </TextLine>
            <TextLine id="r1l61" custom="readingOrder {index:60;}">
                <Coords points="1801,1892 2983,1897 2983,1853 2899,1844 1802,1840"/>
                <Baseline points="1816,1882 1873,1882 1931,1882 1989,1882 2046,1882 2104,1882 2162,1882 2219,1882 2277,1883 2335,1883 2393,1883 2450,1884 2508,1884 2566,1884 2623,1885 2681,1885 2739,1885 2796,1885 2854,1885 2912,1886 2970,1886"/>
                <TextEquiv>
                    <Unicode>legte Frl. Wagener eine bedeutsame Probe ihres Kön¬</Unicode>
                </TextEquiv>
            </TextLine>
            <TextLine id="r1l62" custom="readingOrder {index:61;}">
                <Coords points="483,1932 513,1930 519,1924 530,1931 553,1929 564,1941 585,1941 593,1951 643,1947 644,1903 630,1903 619,1891 543,1885 532,1875 526,1881 518,1872 486,1879"/>
                <Baseline points="499,1920 525,1918 551,1919 577,1920 603,1922 629,1924"/>
                <TextEquiv>
                    <Unicode>lichen</Unicode>
                </TextEquiv>
            </TextLine>
            <TextLine id="r1l63" custom="readingOrder {index:62;}">
                <Coords points="1797,1925 2979,1931 2979,1897 2729,1880 1797,1893"/>
                <Baseline points="1812,1921 1869,1922 1927,1923 1984,1924 2042,1925 2100,1926 2157,1926 2215,1927 2273,1928 2330,1928 2388,1929 2446,1930 2503,1930 2561,1930 2619,1931 2676,1931 2734,1931 2792,1930 2849,1930 2907,1930 2965,1929"/>
                <TextEquiv>
                    <Unicode>nens ab. Diese Gestalt scheint ihrem Wesen in seltsamer</Unicode>
                </TextEquiv>
            </TextLine>
            <TextLine id="r1l64" custom="readingOrder {index:63;}">
                <Coords points="487,1979 501,1979 516,1968 533,1971 542,1965 556,1971 568,1963 571,1966 591,1963 592,1926 578,1925 569,1934 534,1924 522,1927 517,1924 511,1930 505,1927 488,1929"/>
                <Baseline points="501,1958 526,1958 551,1959 576,1959"/>
                <TextEquiv>
                    <Unicode>en.</Unicode>
                </TextEquiv>
            </TextLine>
            <TextLine id="r1l65" custom="readingOrder {index:64;}">
                <Coords points="1802,1980 2848,1994 2984,1969 2985,1934 1803,1928"/>
                <Baseline points="1817,1966 1874,1966 1932,1967 1989,1968 2047,1968 2105,1969 2162,1970 2220,1970 2278,1971 2335,1971 2393,1972 2451,1972 2508,1973 2566,1973 2624,1974 2681,1974 2739,1974 2797,1974 2854,1974 2912,1974 2970,1974"/>
                <TextEquiv>
                    <Unicode>Art entgegenzukommen, wenngleich man die Aeußerlichteit</Unicode>
                </TextEquiv>
            </TextLine>
            <TextLine id="r1l66" custom="readingOrder {index:65;}">
                <Coords points="785,1991 1383,2006 1438,1975 1650,2000 1676,1994 1678,1910 1153,1882 1048,1906 991,1861 914,1898 787,1892"/>
                <Baseline points="801,1973 844,1973 887,1972 930,1972 973,1973 1016,1973 1059,1974 1102,1974 1145,1975 1188,1976 1231,1977 1274,1978 1317,1979 1360,1980 1403,1982 1446,1983 1489,1984 1532,1985 1575,1986 1618,1987 1662,1988"/>
                <TextEquiv>
                    <Unicode>Theater, Kunst und Musik.</Unicode>
                </TextEquiv>
            </TextLine>
            <TextLine id="r1l67" custom="readingOrder {index:66;}">
                <Coords points="491,2000 552,2002 563,2009 589,2007 598,2013 636,2006 639,1948 609,1953 604,1947 589,1961 571,1966 534,1958 522,1963 513,1957 507,1963 493,1962"/>
                <Baseline points="504,1999 533,1999 562,2000 591,2002 621,2004"/>
                <TextEquiv>
                    <Unicode>woch,</Unicode>
                </TextEquiv>
            </TextLine>
            <TextLine id="r1l68" custom="readingOrder {index:67;}">
                <Coords points="1803,2017 2974,2018 2974,1977 1804,1973"/>
                <Baseline points="1817,2013 1874,2013 1931,2014 1988,2014 2045,2014 2102,2015 2159,2015 2216,2015 2273,2015 2330,2016 2388,2016 2445,2016 2502,2016 2559,2017 2616,2017 2673,2017 2730,2018 2787,2018 2844,2019 2901,2020 2959,2020"/>
                <TextEquiv>
                    <Unicode>übersehen muß, daß Frl. Wagener in Aussehen und</Unicode>
                </TextEquiv>
            </TextLine>
            <TextLine id="r1l69" custom="readingOrder {index:68;}">
                <Coords points="496,2041 513,2038 534,2049 595,2049 600,2043 638,2039 638,2007 559,2006 553,2000 495,2003"/>
                <Baseline points="510,2040 538,2038 566,2037 594,2037 623,2039"/>
                <TextEquiv>
                    <Unicode>listen:</Unicode>
                </TextEquiv>
            </TextLine>
            <TextLine id="r1l70" custom="readingOrder {index:69;}">
                <Coords points="1052,2066 1154,2068 1171,2083 1197,2063 1252,2084 1319,2065 1389,2078 1387,2005 1335,2010 1289,1989 1219,1997 1161,1987 1053,2014"/>
                <Baseline points="1066,2050 1091,2053 1117,2055 1143,2056 1169,2056 1195,2057 1221,2057 1246,2058 1272,2058 1298,2058 1324,2057 1350,2058 1376,2058"/>
                <TextEquiv>
                    <Unicode>Burgtheater.</Unicode>
                </TextEquiv>
            </TextLine>
            <TextLine id="r1l71" custom="readingOrder {index:70;}">
                <Coords points="1799,2055 2987,2057 2987,2004 1800,2009"/>
                <Baseline points="1813,2056 1874,2057 1935,2057 1996,2058 2057,2058 2118,2059 2179,2059 2240,2059 2301,2060 2362,2060 2423,2060 2484,2060 2545,2060 2606,2061 2667,2061 2728,2062 2789,2062 2850,2063 2911,2064 2972,2065"/>
                <TextEquiv>
                    <Unicode>Sprache allzu deutsch ist, um für eine richtige Italienerin</Unicode>
                </TextEquiv>
            </TextLine>
            <TextLine id="r1l72" custom="readingOrder {index:71;}">
                <Coords points="489,2078 524,2079 533,2088 556,2081 574,2087 609,2083 618,2091 629,2082 644,2082 642,2035 593,2048 564,2043 535,2050 511,2036 503,2045 489,2046"/>
                <Baseline points="503,2079 528,2078 553,2077 578,2077 603,2076 629,2075"/>
                <TextEquiv>
                    <Unicode>pern¬</Unicode>
                </TextEquiv>
            </TextLine>
            <TextLine id="r1l73" custom="readingOrder {index:72;}">
                <Coords points="1795,2095 2986,2115 2986,2057 1795,2060"/>
                <Baseline points="1809,2103 1867,2104 1925,2104 1983,2104 2041,2104 2099,2104 2157,2104 2215,2104 2273,2104 2331,2104 2390,2104 2448,2104 2506,2104 2564,2105 2622,2105 2680,2105 2738,2105 2796,2106 2854,2106 2912,2107 2971,2107"/>
                <TextEquiv>
                    <Unicode>gelten zu können. Interessant ist die Leistung des Herrn</Unicode>
                </TextEquiv>
            </TextLine>
            <TextLine id="r1l74" custom="readingOrder {index:73;}">
                <Coords points="476,2126 505,2128 517,2139 529,2136 541,2147 602,2142 625,2129 639,2129 637,2085 591,2078 576,2088 565,2079 530,2084 503,2076 495,2085 475,2083"/>
                <Baseline points="490,2120 516,2120 543,2120 569,2119 596,2117 623,2115"/>
                <TextEquiv>
                    <Unicode>hester.</Unicode>
                </TextEquiv>
            </TextLine>
            <TextLine id="r1l75" custom="readingOrder {index:74;}">
                <Coords points="900,2132 981,2141 1051,2115 1098,2136 1353,2128 1385,2149 1522,2126 1522,2082 1435,2085 1409,2062 1252,2084 1205,2064 1170,2081 901,2054"/>
                <Baseline points="916,2118 945,2119 975,2119 1004,2119 1034,2120 1064,2120 1093,2120 1123,2120 1152,2121 1182,2121 1212,2121 1241,2121 1271,2121 1300,2121 1330,2121 1360,2121 1389,2121 1419,2121 1448,2121 1478,2121 1508,2121"/>
                <TextEquiv>
                    <Unicode>„Der Schleier der Beatrice.“</Unicode>
                </TextEquiv>
            </TextLine>
            <TextLine id="r1l76" custom="readingOrder {index:75;}">
                <Coords points="1806,2144 2979,2171 2979,2113 2921,2109 1806,2100"/>
                <Baseline points="1821,2145 1878,2144 1935,2143 1992,2143 2049,2143 2106,2143 2163,2144 2220,2144 2277,2145 2334,2146 2392,2147 2449,2147 2506,2148 2563,2149 2620,2149 2677,2150 2734,2150 2791,2151 2848,2151 2905,2150 2963,2150"/>
                <TextEquiv>
                    <Unicode>Andersen als Philippo, der durch seine schwärmerische</Unicode>
                </TextEquiv>
            </TextLine>
            <TextLine id="r1l77" custom="readingOrder {index:76;}">
                <Coords points="639,2189 1801,2201 1801,2128 640,2128"/>
                <Baseline points="654,2173 710,2173 767,2172 823,2172 880,2172 937,2173 993,2173 1050,2174 1107,2174 1163,2175 1220,2175 1277,2176 1333,2177 1390,2178 1447,2178 1503,2179 1560,2179 1617,2179 1673,2179 1730,2179 1787,2178"/>
                <TextEquiv>
                    <Unicode>Schauspiel von Arthur Schnitzler. — Erstaufführung am</Unicode>
                </TextEquiv>
            </TextLine>
            <TextLine id="r1l78" custom="readingOrder {index:77;}">
                <Coords points="1802,2190 2978,2200 2978,2157 1802,2144"/>
                <Baseline points="1817,2187 1874,2187 1931,2187 1988,2188 2046,2188 2103,2189 2160,2189 2218,2190 2275,2191 2332,2192 2390,2192 2447,2193 2504,2194 2561,2194 2619,2195 2676,2195 2733,2195 2791,2195 2848,2195 2905,2194 2963,2194"/>
                <TextEquiv>
                    <Unicode>Melancholie zu ergreifen wußte. In einem schönen, ge¬</Unicode>
                </TextEquiv>
            </TextLine>
            <TextLine id="r1l79" custom="readingOrder {index:78;}">
                <Coords points="487,2210 505,2213 519,2199 537,2199 545,2205 554,2197 606,2203 618,2195 636,2195 637,2134 619,2131 605,2142 581,2139 572,2147 564,2141 544,2144 514,2164 488,2163"/>
                <Baseline points="502,2191 531,2192 561,2192 590,2193 620,2193"/>
                <TextEquiv>
                    <Unicode>ahrts¬</Unicode>
                </TextEquiv>
            </TextLine>
            <TextLine id="r1l80" custom="readingOrder {index:79;}">
                <Coords points="1055,2240 1096,2240 1113,2228 1128,2237 1148,2222 1180,2243 1218,2234 1244,2242 1261,2228 1279,2242 1302,2234 1337,2248 1374,2234 1374,2202 1354,2205 1328,2181 1159,2182 1151,2190 1119,2173 1096,2188 1055,2188"/>
                <Baseline points="1070,2221 1096,2221 1122,2221 1149,2221 1175,2221 1201,2221 1228,2220 1254,2220 1280,2220 1307,2220 1333,2221 1360,2222"/>
                <TextEquiv>
                    <Unicode>23. Mai 1925.</Unicode>
                </TextEquiv>
            </TextLine>
            <TextLine id="r1l81" custom="readingOrder {index:80;}">
                <Coords points="480,2222 500,2219 523,2240 601,2238 619,2250 642,2251 643,2187 593,2201 553,2197 544,2205 535,2199 512,2199 504,2190 480,2196"/>
                <Baseline points="495,2235 521,2232 547,2232 574,2233 600,2235 627,2235"/>
                <TextEquiv>
                    <Unicode>raben</Unicode>
                </TextEquiv>
            </TextLine>
            <TextLine id="r1l82" custom="readingOrder {index:81;}">
                <Coords points="1792,2243 2930,2253 2986,2231 2986,2184 1792,2194"/>
                <Baseline points="1808,2228 1866,2229 1924,2231 1982,2232 2040,2233 2099,2234 2157,2234 2215,2235 2273,2235 2331,2236 2390,2236 2448,2236 2506,2237 2564,2237 2622,2237 2681,2238 2739,2238 2797,2239 2855,2239 2913,2240 2972,2241"/>
                <TextEquiv>
                    <Unicode>messenen Gegensatz dazu die zwar gleichfalls schwermütige,</Unicode>
                </TextEquiv>
            </TextLine>
            <TextLine id="r1l83" custom="readingOrder {index:82;}">
                <Coords points="480,2287 497,2291 515,2277 530,2280 559,2270 646,2288 647,2242 633,2241 622,2232 616,2237 566,2235 554,2241 520,2236 506,2227 482,2232"/>
                <Baseline points="496,2269 523,2270 550,2271 577,2272 604,2273 632,2275"/>
                <TextEquiv>
                    <Unicode>#nsen</Unicode>
                </TextEquiv>
            </TextLine>
            <TextLine id="r1l84" custom="readingOrder {index:83;}">
                <Coords points="1798,2277 2986,2292 2969,2245 1798,2237"/>
                <Baseline points="1814,2273 1871,2274 1929,2275 1987,2276 2045,2276 2103,2277 2161,2277 2218,2278 2276,2278 2334,2279 2392,2279 2450,2280 2508,2280 2566,2281 2623,2281 2681,2282 2739,2283 2797,2283 2855,2284 2913,2285 2971,2287"/>
                <TextEquiv>
                    <Unicode>aber mit Tatkraft und Entschlossenheit gepaarte Holtung</Unicode>
                </TextEquiv>
            </TextLine>
            <TextLine id="r1l85" custom="readingOrder {index:84;}">
                <Coords points="714,2295 1803,2302 1803,2241 1769,2232 714,2240"/>
                <Baseline points="729,2280 784,2281 840,2282 896,2283 951,2283 1007,2285 1063,2285 1119,2286 1174,2287 1230,2288 1286,2288 1342,2289 1397,2289 1453,2289 1509,2290 1565,2290 1620,2290 1676,2289 1732,2289 1788,2288"/>
                <TextEquiv>
                    <Unicode>Dieses Stück dürfte an die fünfundzwanzig Jahre alt</Unicode>
                </TextEquiv>
            </TextLine>
            <TextLine id="r1l86" custom="readingOrder {index:85;}">
                <Coords points="1811,2322 2984,2334 2966,2287 1811,2278"/>
                <Baseline points="1826,2319 1883,2320 1940,2321 1997,2322 2054,2322 2111,2323 2168,2323 2226,2323 2283,2324 2340,2324 2397,2324 2454,2324 2511,2324 2568,2324 2626,2325 2683,2325 2740,2325 2797,2326 2854,2326 2911,2327 2969,2328"/>
                <TextEquiv>
                    <Unicode>des Herrn Aslan als Herzog. Aus der langen Reihe</Unicode>
                </TextEquiv>
            </TextLine>
            <TextLine id="r1l87" custom="readingOrder {index:86;}">
                <Coords points="643,2343 1796,2340 1796,2296 1729,2287 643,2274"/>
                <Baseline points="658,2327 714,2328 770,2329 826,2330 882,2330 939,2331 995,2331 1051,2332 1107,2332 1163,2332 1220,2333 1276,2333 1332,2333 1388,2333 1444,2333 1501,2333 1557,2333 1613,2333 1669,2333 1725,2333 1782,2333"/>
                <TextEquiv>
                    <Unicode>sein. Wir gehören nicht zu den genauen und liebevollen</Unicode>
                </TextEquiv>
            </TextLine>
            <TextLine id="r1l88" custom="readingOrder {index:87;}">
                <Coords points="1808,2368 2981,2363 2981,2334 2476,2311 1808,2322"/>
                <Baseline points="1821,2364 1878,2363 1935,2363 1992,2364 2049,2364 2107,2364 2164,2365 2221,2365 2278,2366 2335,2366 2393,2367 2450,2368 2507,2369 2564,2369 2621,2370 2679,2371 2736,2372 2793,2372 2850,2373 2907,2373 2965,2374"/>
                <TextEquiv>
                    <Unicode>der anderen beteiligten Künstler, die fast durchaus un¬</Unicode>
                </TextEquiv>
            </TextLine>
            <TextLine id="r1l89" custom="readingOrder {index:88;}">
                <Coords points="635,2393 1797,2384 1797,2335 636,2332"/>
                <Baseline points="649,2372 705,2372 762,2373 818,2373 875,2374 932,2374 988,2375 1045,2376 1101,2376 1158,2377 1215,2378 1271,2378 1328,2379 1384,2379 1441,2379 1498,2379 1554,2378 1611,2378 1667,2377 1724,2376 1781,2374"/>
                <TextEquiv>
                    <Unicode>Kennern der Schnitzlerschen Muse, die um die Entstehungs¬</Unicode>
                </TextEquiv>
            </TextLine>
            <TextLine id="r1l90" custom="readingOrder {index:89;}">
                <Coords points="1800,2419 2956,2430 2974,2369 1801,2367"/>
                <Baseline points="1816,2407 1873,2407 1930,2407 1987,2408 2044,2408 2101,2409 2158,2410 2215,2411 2272,2411 2329,2412 2387,2413 2444,2413 2501,2414 2558,2414 2615,2415 2672,2415 2729,2416 2786,2416 2843,2416 2900,2416 2958,2416"/>
                <TextEquiv>
                    <Unicode>seres Lobes würdig wären, seien etwa hervorgehoben der</Unicode>
                </TextEquiv>
            </TextLine>
            <TextLine id="r1l91" custom="readingOrder {index:90;}">
                <Coords points="636,2430 1713,2434 1806,2425 1806,2367 636,2369"/>
                <Baseline points="649,2419 706,2418 763,2418 820,2418 877,2418 934,2418 991,2419 1048,2419 1105,2420 1162,2420 1220,2421 1277,2421 1334,2422 1391,2422 1448,2422 1505,2422 1562,2422 1619,2422 1676,2421 1733,2420 1791,2419"/>
                <TextEquiv>
                    <Unicode>geschichte seiner Werke besser Bescheid wissen als um jene</Unicode>
                </TextEquiv>
            </TextLine>
            <TextLine id="r1l92" custom="readingOrder {index:91;}">
                <Coords points="1805,2456 2911,2473 2986,2465 2987,2413 1805,2418"/>
                <Baseline points="1818,2450 1875,2451 1933,2452 1991,2452 2048,2453 2106,2454 2164,2454 2221,2455 2279,2455 2337,2456 2395,2456 2452,2457 2510,2457 2568,2457 2625,2458 2683,2458 2741,2458 2798,2459 2856,2459 2914,2459 2972,2459"/>
                <TextEquiv>
                    <Unicode>männlich stolze Andrea des Herrn Hennings, der</Unicode>
                </TextEquiv>
            </TextLine>
            <TextLine id="r1l93" custom="readingOrder {index:92;}">
                <Coords points="638,2466 1800,2476 1800,2424 639,2417"/>
                <Baseline points="654,2458 710,2458 767,2459 823,2459 880,2459 936,2460 993,2460 1049,2461 1106,2462 1162,2462 1219,2462 1275,2463 1332,2463 1388,2464 1445,2464 1501,2464 1558,2464 1614,2464 1671,2464 1727,2464 1784,2463"/>
                <TextEquiv>
                    <Unicode>der Schillerschen Dramen. Erinnerlich ist uns nur, daß</Unicode>
                </TextEquiv>
            </TextLine>
            <TextLine id="r1l94" custom="readingOrder {index:93;}">
                <Coords points="491,2513 506,2514 514,2523 523,2524 541,2519 558,2523 570,2517 578,2524 587,2518 593,2524 607,2525 612,2432 574,2433 565,2442 534,2431 510,2444 495,2444"/>
                <Baseline points="506,2493 535,2495 564,2495 594,2499"/>
                <TextEquiv>
                    <Unicode>n.</Unicode>
                </TextEquiv>
            </TextLine>
            <TextLine id="r1l95" custom="readingOrder {index:94;}">
                <Coords points="1806,2499 2976,2516 2976,2461 1806,2455"/>
                <Baseline points="1821,2492 1878,2493 1935,2495 1992,2496 2049,2497 2106,2498 2163,2499 2220,2500 2277,2500 2334,2500 2391,2501 2448,2501 2505,2501 2562,2501 2619,2501 2676,2501 2733,2501 2790,2501 2847,2502 2904,2502 2962,2502"/>
                <TextEquiv>
                    <Unicode>wunderliche Vater Nardi des Herrn Straßni. der</Unicode>
                </TextEquiv>
            </TextLine>
            <TextLine id="r1l96" custom="readingOrder {index:95;}">
                <Coords points="636,2500 1798,2517 1798,2470 1595,2458 637,2465"/>
                <Baseline points="652,2503 708,2503 765,2502 821,2503 878,2503 934,2503 991,2504 1047,2504 1104,2504 1160,2505 1217,2506 1273,2506 1330,2507 1386,2507 1443,2507 1499,2507 1556,2507 1612,2507 1669,2506 1725,2506 1782,2505"/>
                <TextEquiv>
                    <Unicode>Herr Brahm am Deutschen Theater in Berlin schon vor</Unicode>
                </TextEquiv>
            </TextLine>
            <TextLine id="r1l97" custom="readingOrder {index:96;}">
                <Coords points="1796,2538 2881,2571 2986,2555 2987,2509 1796,2497"/>
                <Baseline points="1811,2537 1869,2538 1927,2539 1985,2540 2043,2540 2101,2541 2159,2541 2217,2541 2275,2542 2333,2542 2391,2542 2449,2543 2507,2543 2565,2544 2623,2545 2681,2546 2739,2548 2797,2551 2855,2553 2913,2556 2972,2559"/>
                <TextEquiv>
                    <Unicode>feurige Francesco des Herrn Lohner, der gutmütig</Unicode>
                </TextEquiv>
            </TextLine>
            <TextLine id="r1l98" custom="readingOrder {index:97;}">
                <Coords points="632,2557 1802,2557 1802,2514 1765,2511 632,2496"/>
                <Baseline points="646,2548 703,2548 760,2549 817,2549 874,2549 931,2549 988,2550 1045,2550 1102,2550 1159,2550 1217,2550 1274,2550 1331,2550 1388,2550 1445,2550 1502,2550 1559,2551 1616,2551 1673,2551 1730,2552 1788,2552"/>
                <TextEquiv>
                    <Unicode>mehr als zwei Jahrzehnten mit diesem Schauspiel ziemlich</Unicode>
                </TextEquiv>
            </TextLine>
            <TextLine id="r1l99" custom="readingOrder {index:98;}">
                <Coords points="1794,2590 2891,2603 2891,2568 2758,2549 1794,2543"/>
                <Baseline points="1808,2580 1861,2581 1914,2582 1968,2583 2021,2584 2075,2584 2128,2585 2181,2585 2235,2586 2288,2586 2342,2586 2395,2587 2448,2587 2502,2587 2555,2588 2609,2588 2662,2589 2715,2590 2769,2590 2822,2591 2876,2592"/>
                <TextEquiv>
                    <Unicode>bürgerliche Vittorio des Herrn Philipp Zeska.</Unicode>
                </TextEquiv>
            </TextLine>
            <TextLine id="r1l100" custom="readingOrder {index:99;}">
                <Coords points="642,2599 1786,2615 1804,2557 642,2552"/>
                <Baseline points="657,2590 713,2591 770,2591 826,2591 883,2592 939,2592 996,2593 1052,2593 1109,2593 1165,2594 1222,2594 1279,2594 1335,2595 1392,2595 1448,2595 1505,2595 1561,2595 1618,2595 1674,2595 1731,2595 1788,2594"/>
                <TextEquiv>
                    <Unicode>trübe Erfahrungen machte, weswegen man auch in Wien,</Unicode>
                </TextEquiv>
            </TextLine>
            <TextLine id="r1l101" custom="readingOrder {index:100;}">
                <Coords points="1883,2627 2989,2659 2990,2587 2949,2581 1884,2593"/>
                <Baseline points="1898,2626 1951,2627 2005,2628 2059,2628 2113,2629 2167,2630 2220,2630 2274,2631 2328,2631 2382,2632 2436,2632 2489,2633 2543,2633 2597,2634 2651,2634 2705,2635 2758,2635 2812,2636 2866,2637 2920,2638 2974,2638"/>
                <TextEquiv>
                    <Unicode>Die Wiener Schnitzlergilde benützte auch diesen nicht</Unicode>
                </TextEquiv>
            </TextLine>
            <TextLine id="r1l102" custom="readingOrder {index:101;}">
                <Coords points="636,2643 1797,2647 1797,2601 1661,2592 636,2600"/>
                <Baseline points="651,2637 707,2636 764,2636 820,2636 877,2637 934,2637 990,2637 1047,2637 1104,2638 1160,2638 1217,2638 1274,2638 1330,2639 1387,2639 1444,2639 1500,2639 1557,2638 1614,2638 1670,2637 1727,2636 1784,2635"/>
                <TextEquiv>
                    <Unicode>wo man doch sonst diesen Propheten im Vaterlande wahr¬</Unicode>
                </TextEquiv>
            </TextLine>
            <TextLine id="r1l103" custom="readingOrder {index:102;}">
                <Coords points="1805,2673 2975,2696 2976,2633 1805,2620"/>
                <Baseline points="1818,2670 1875,2671 1932,2672 1989,2673 2046,2673 2103,2674 2160,2675 2217,2675 2274,2676 2331,2676 2389,2677 2446,2678 2503,2678 2560,2679 2617,2679 2674,2680 2731,2680 2788,2681 2845,2681 2902,2682 2960,2682"/>
                <TextEquiv>
                    <Unicode>eben glücklich gewählten Anlaß, um ihrem Dichter Ova¬</Unicode>
                </TextEquiv>
            </TextLine>
            <TextLine id="r1l104" custom="readingOrder {index:103;}">
                <Coords points="644,2682 1797,2690 1797,2649 1664,2635 644,2638"/>
                <Baseline points="660,2681 716,2681 772,2681 828,2681 884,2681 940,2682 996,2682 1053,2683 1109,2683 1165,2684 1221,2684 1277,2684 1333,2685 1389,2685 1446,2685 1502,2685 1558,2684 1614,2684 1670,2683 1726,2681 1783,2680"/>
                <TextEquiv>
                    <Unicode>haftig zu schätzen wußte, die Hand davon ließ. Aber da</Unicode>
                </TextEquiv>
            </TextLine>
            <TextLine id="r1l105" custom="readingOrder {index:104;}">
                <Coords points="1798,2722 2828,2751 2861,2719 2991,2732 2992,2686 1798,2678"/>
                <Baseline points="1812,2713 1870,2715 1928,2717 1986,2718 2045,2719 2103,2720 2161,2720 2219,2721 2278,2721 2336,2722 2394,2722 2452,2722 2511,2723 2569,2723 2627,2724 2685,2724 2744,2726 2802,2726 2860,2728 2918,2729 2977,2732"/>
                <TextEquiv>
                    <Unicode>tionen darzubringen. Die Treue, sie ist eben doch kein</Unicode>
                </TextEquiv>
            </TextLine>
            <TextLine id="r1l106" custom="readingOrder {index:105;}">
                <Coords points="631,2738 1793,2733 1793,2693 1729,2681 631,2680"/>
                <Baseline points="645,2724 701,2724 758,2724 814,2724 871,2724 928,2724 984,2725 1041,2725 1097,2726 1154,2726 1211,2727 1267,2727 1324,2728 1380,2728 1437,2728 1494,2728 1550,2728 1607,2728 1663,2727 1720,2726 1777,2725"/>
                <TextEquiv>
                    <Unicode>das Burgtheater einem ungeschriebenen Gesetz zufolge</Unicode>
                </TextEquiv>
            </TextLine>
            <TextLine id="r1l107" custom="readingOrder {index:106;}">
                <Coords points="1803,2775 1841,2770 1855,2784 1878,2785 1907,2770 1919,2782 1959,2785 1986,2771 2023,2786 2047,2769 2113,2775 2114,2741 2067,2737 2047,2722 2004,2728 1960,2716 1946,2724 1803,2720"/>
                <Baseline points="1818,2757 1843,2758 1869,2758 1894,2758 1920,2758 1946,2759 1971,2759 1997,2759 2023,2760 2048,2760 2074,2760 2100,2760"/>
                <TextEquiv>
                    <Unicode>leerer Wahn.</Unicode>
                </TextEquiv>
            </TextLine>
            <TextLine id="r1l108" custom="readingOrder {index:107;}">
                <Coords points="639,2769 1800,2783 1789,2730 639,2731"/>
                <Baseline points="654,2767 710,2767 767,2768 823,2768 880,2768 937,2768 993,2769 1050,2769 1106,2769 1163,2769 1220,2770 1276,2770 1333,2770 1389,2770 1446,2770 1503,2770 1559,2770 1616,2770 1672,2769 1729,2769 1786,2769"/>
                <TextEquiv>
                    <Unicode>Herrn Schnitzler Jahr für Jahr seinen Tribut zollen muß,</Unicode>
                </TextEquiv>
            </TextLine>
            <TextLine id="r1l109" custom="readingOrder {index:108;}">
                <Coords points="632,2818 1806,2821 1806,2780 1678,2768 633,2772"/>
                <Baseline points="647,2813 704,2813 761,2813 818,2813 875,2813 933,2813 990,2813 1047,2813 1104,2813 1161,2813 1219,2813 1276,2813 1333,2813 1390,2813 1447,2814 1505,2814 1562,2814 1619,2815 1676,2815 1733,2816 1791,2816"/>
                <TextEquiv>
                    <Unicode>so muß in Ermangelung eines neuen Werkes dieses alte</Unicode>
                </TextEquiv>
            </TextLine>
            <TextLine id="r1l110" custom="readingOrder {index:109;}">
                <Coords points="1921,2838 2972,2849 2973,2785 2662,2775 2595,2803 2552,2774 2105,2765 1922,2794"/>
                <Baseline points="1935,2830 1986,2830 2037,2831 2088,2831 2139,2832 2190,2833 2241,2834 2293,2835 2344,2836 2395,2837 2446,2838 2497,2839 2548,2840 2599,2840 2651,2841 2702,2841 2753,2842 2804,2842 2855,2842 2906,2841 2958,2841"/>
                <TextEquiv>
                    <Unicode>— Konzert der Dresdner Sänger. Der auf seiner</Unicode>
                </TextEquiv>
            </TextLine>
            <TextLine id="r1l111" custom="readingOrder {index:110;}">
                <Coords points="631,2866 1799,2867 1781,2818 631,2820"/>
                <Baseline points="647,2857 703,2857 760,2857 817,2857 874,2857 931,2858 987,2858 1044,2858 1101,2858 1158,2858 1215,2858 1271,2858 1328,2858 1385,2858 1442,2858 1499,2858 1555,2858 1612,2858 1669,2858 1726,2857 1783,2857"/>
                <TextEquiv>
                    <Unicode>herhalten, das bestimmt nicht sein bestes ist. In mehr als</Unicode>
                </TextEquiv>
            </TextLine>
            <TextLine id="r1l112" custom="readingOrder {index:111;}">
                <Coords points="1794,2874 2976,2885 2953,2841 1795,2836"/>
                <Baseline points="1809,2873 1866,2875 1924,2876 1981,2878 2039,2879 2097,2880 2154,2881 2212,2882 2270,2883 2327,2884 2385,2884 2443,2885 2500,2885 2558,2885 2616,2885 2673,2885 2731,2885 2789,2885 2846,2885 2904,2885 2962,2884"/>
                <TextEquiv>
                    <Unicode>Sängerfahrt in Wien herzlich begrüßte „Dresdner</Unicode>
                </TextEquiv>
            </TextLine>
            <TextLine id="r1l113" custom="readingOrder {index:112;}">
                <Coords points="638,2903 1788,2910 1788,2866 1718,2857 638,2857"/>
                <Baseline points="652,2898 708,2899 764,2900 820,2900 876,2901 932,2901 988,2901 1044,2902 1100,2902 1156,2902 1212,2902 1268,2902 1324,2902 1380,2902 1436,2902 1492,2902 1548,2902 1604,2903 1660,2903 1716,2903 1773,2904"/>
                <TextEquiv>
                    <Unicode>einem Belange hat er sich seither mit anderen Dichtungen</Unicode>
                </TextEquiv>
            </TextLine>
            <TextLine id="r1l114" custom="readingOrder {index:113;}">
                <Coords points="1801,2925 2983,2933 2983,2880 1801,2884"/>
                <Baseline points="1815,2919 1872,2921 1930,2922 1987,2923 2045,2925 2103,2926 2160,2927 2218,2927 2275,2928 2333,2928 2391,2929 2448,2929 2506,2929 2563,2929 2621,2929 2679,2929 2736,2929 2794,2929 2851,2929 2909,2928 2967,2928"/>
                <TextEquiv>
                    <Unicode>Orpheus“, einer der bekanntesten und ältesten (schon</Unicode>
                </TextEquiv>
            </TextLine>
            <TextLine id="r1l115" custom="readingOrder {index:114;}">
                <Coords points="635,2944 1800,2972 1800,2905 635,2903"/>
                <Baseline points="651,2944 707,2945 764,2945 821,2946 877,2946 934,2946 991,2946 1047,2946 1104,2946 1161,2945 1218,2945 1274,2944 1331,2944 1388,2944 1444,2944 1501,2944 1558,2944 1614,2944 1671,2945 1728,2946 1785,2947"/>
                <TextEquiv>
                    <Unicode>übertroffen, so etwa in der Größe der historischen Vision</Unicode>
                </TextEquiv>
            </TextLine>
            <TextLine id="r1l116" custom="readingOrder {index:115;}">
                <Coords points="1792,2964 2968,2988 2986,2933 1792,2934"/>
                <Baseline points="1807,2965 1865,2965 1923,2965 1981,2966 2039,2966 2098,2967 2156,2968 2214,2969 2272,2970 2330,2970 2389,2971 2447,2972 2505,2972 2563,2973 2621,2973 2680,2973 2738,2972 2796,2971 2854,2970 2912,2969 2971,2967"/>
                <TextEquiv>
                    <Unicode>1834 gegründet) deutschen Männergesangvereine, veran¬</Unicode>
                </TextEquiv>
            </TextLine>
            <TextLine id="r1l117" custom="readingOrder {index:116;}">
                <Coords points="645,3003 732,3017 758,2997 1185,2995 1185,2951 889,2944 726,2962 645,2948"/>
                <Baseline points="659,2986 684,2987 710,2988 735,2989 761,2990 786,2990 812,2990 837,2990 863,2990 888,2989 914,2989 940,2989 965,2988 991,2988 1016,2988 1042,2987 1067,2987 1093,2987 1118,2987 1144,2987 1170,2987"/>
                <TextEquiv>
                    <Unicode>im „Jungen Medardus“.</Unicode>
                </TextEquiv>
            </TextLine>
            <TextLine id="r1l118" custom="readingOrder {index:117;}">
                <Coords points="1791,3009 2970,3032 2942,2970 1792,2977"/>
                <Baseline points="1807,3011 1864,3010 1921,3010 1979,3009 2036,3009 2094,3010 2151,3010 2208,3011 2266,3011 2323,3012 2381,3013 2438,3014 2495,3015 2553,3016 2610,3017 2668,3017 2725,3018 2782,3018 2840,3018 2897,3018 2955,3018"/>
                <TextEquiv>
                    <Unicode>staltete am 22. d. im Großen Musikvereinssaal ein großes</Unicode>
                </TextEquiv>
            </TextLine>
            <TextLine id="r1l119" custom="readingOrder {index:118;}">
                <Coords points="721,3043 1392,3057 1467,3028 1798,3066 1781,2976 1575,3011 1197,2976 721,3002"/>
                <Baseline points="736,3043 788,3043 840,3043 893,3043 945,3042 998,3042 1050,3042 1102,3042 1155,3042 1207,3041 1260,3041 1312,3041 1364,3041 1417,3041 1469,3041 1522,3042 1574,3042 1626,3042 1679,3043 1731,3043 1784,3044"/>
                <TextEquiv>
                    <Unicode>Im „Schleier der Beatrice“ soll die historische</Unicode>
                </TextEquiv>
            </TextLine>
            <TextLine id="r1l120" custom="readingOrder {index:119;}">
                <Coords points="1803,3060 2979,3069 2959,3020 1803,3010"/>
                <Baseline points="1816,3053 1873,3053 1930,3053 1988,3053 2045,3053 2102,3054 2160,3054 2217,3055 2274,3055 2332,3056 2389,3057 2446,3057 2504,3058 2561,3059 2618,3060 2676,3060 2733,3061 2790,3062 2848,3063 2905,3063 2963,3064"/>
                <TextEquiv>
                    <Unicode>Festkonzert mit Orchester, das unter der künstlerischen</Unicode>
                </TextEquiv>
            </TextLine>
            <TextLine id="r1l121" custom="readingOrder {index:120;}">
                <Coords points="641,3088 1802,3093 1802,3056 1686,3047 641,3039"/>
                <Baseline points="656,3082 712,3084 769,3085 825,3086 882,3087 939,3088 995,3088 1052,3088 1108,3088 1165,3087 1222,3087 1278,3087 1335,3086 1391,3086 1448,3086 1505,3086 1561,3086 1618,3087 1674,3088 1731,3089 1788,3090"/>
                <TextEquiv>
                    <Unicode>Situation als drammatisches Moment mitspielen: Bologna</Unicode>
                </TextEquiv>
            </TextLine>
            <TextLine id="r1l122" custom="readingOrder {index:121;}">
                <Coords points="1799,3100 2981,3113 2981,3067 2682,3049 1800,3057"/>
                <Baseline points="1813,3096 1870,3097 1928,3097 1985,3098 2043,3098 2101,3099 2158,3099 2216,3100 2273,3100 2331,3101 2389,3101 2446,3102 2504,3103 2561,3103 2619,3104 2677,3105 2734,3105 2792,3106 2849,3107 2907,3108 2965,3110"/>
                <TextEquiv>
                    <Unicode>Leitung Dr. Heinz Knölls stand, eines Wiener</Unicode>
                </TextEquiv>
            </TextLine>
            <TextLine id="r1l123" custom="readingOrder {index:122;}">
                <Coords points="517,3104 537,3101 560,3107 575,3122 584,3122 592,3116 607,3116 607,3052 589,3052 587,3055 572,3043 558,3058 549,3061 517,3058"/>
                <Baseline points="531,3104 561,3102 591,3104"/>
                <TextEquiv>
                    <Unicode>9</Unicode>
                </TextEquiv>
            </TextLine>
            <TextLine id="r1l124" custom="readingOrder {index:123;}">
                <Coords points="636,3142 1800,3138 1780,3091 1609,3082 636,3093"/>
                <Baseline points="649,3130 705,3131 762,3131 819,3131 876,3131 933,3131 990,3131 1046,3131 1103,3131 1160,3130 1217,3130 1274,3130 1331,3130 1388,3130 1444,3130 1501,3130 1558,3131 1615,3131 1672,3132 1729,3133 1786,3135"/>
                <TextEquiv>
                    <Unicode>ist von Feinden umzingelt. Morgen wird die Entscheidung</Unicode>
                </TextEquiv>
            </TextLine>
            <TextLine id="r1l125" custom="readingOrder {index:124;}">
                <Coords points="1791,3138 2494,3155 2494,3117 2462,3105 2393,3122 2312,3101 1792,3091"/>
                <Baseline points="1806,3141 1839,3140 1873,3140 1906,3141 1940,3141 1974,3141 2007,3142 2041,3143 2074,3143 2108,3144 2142,3145 2175,3145 2209,3146 2242,3146 2276,3147 2310,3147 2343,3147 2377,3147 2410,3147 2444,3146 2478,3145"/>
                <TextEquiv>
                    <Unicode>Musikers, der gegenwärtig als</Unicode>
                </TextEquiv>
            </TextLine>
            <TextLine id="r1l126" custom="readingOrder {index:125;}">
                <Coords points="2478,3140 2530,3158 2972,3153 2972,3112 2789,3127 2627,3098 2586,3115 2479,3111"/>
                <Baseline points="2492,3144 2517,3144 2543,3144 2569,3144 2595,3145 2621,3146 2647,3146 2672,3147 2698,3148 2724,3148 2750,3149 2776,3149 2802,3150 2827,3150 2853,3150 2879,3150 2905,3150 2931,3149 2957,3148"/>
                <TextEquiv>
                    <Unicode>Kapellmeister an der</Unicode>
                </TextEquiv>
            </TextLine>
            <TextLine id="r1l127" custom="readingOrder {index:126;}">
                <Coords points="634,3191 1734,3186 1789,3181 1789,3137 634,3138"/>
                <Baseline points="649,3177 705,3177 761,3176 818,3176 874,3175 930,3175 987,3175 1043,3175 1099,3174 1156,3174 1212,3174 1268,3174 1325,3174 1381,3174 1437,3174 1494,3174 1550,3175 1606,3175 1663,3175 1719,3176 1776,3176"/>
                <TextEquiv>
                    <Unicode>fallen. Die Stadt ist in fieberhafter Erregung. Niemand</Unicode>
                </TextEquiv>
            </TextLine>
            <TextLine id="r1l128" custom="readingOrder {index:127;}">
                <Coords points="1796,3192 2482,3195 2482,3154 2386,3142 2348,3165 2317,3147 1797,3140"/>
                <Baseline points="1810,3183 1842,3183 1875,3183 1908,3184 1941,3184 1974,3184 2006,3184 2039,3184 2072,3184 2105,3185 2138,3185 2170,3185 2203,3186 2236,3186 2269,3186 2301,3187 2334,3187 2367,3187 2400,3188 2433,3188 2466,3189"/>
                <TextEquiv>
                    <Unicode>Dresdner Staatsoper tätig ist.</Unicode>
                </TextEquiv>
            </TextLine>
            <TextLine id="r1l129" custom="readingOrder {index:128;}">
                <Coords points="2463,3195 2594,3188 2696,3204 2792,3191 2864,3209 2975,3182 2975,3156 2958,3152 2563,3156 2464,3140"/>
                <Baseline points="2479,3188 2504,3188 2529,3188 2554,3188 2580,3189 2605,3189 2630,3190 2656,3190 2681,3191 2706,3191 2732,3192 2757,3193 2782,3193 2808,3194 2833,3194 2858,3194 2884,3194 2909,3193 2934,3193 2960,3191"/>
                <TextEquiv>
                    <Unicode>Sein Verdienst mag es</Unicode>
                </TextEquiv>
            </TextLine>
            <TextLine id="r1l130" custom="readingOrder {index:129;}">
                <Coords points="629,3234 1773,3230 1796,3180 628,3179"/>
                <Baseline points="643,3220 699,3220 756,3220 813,3220 870,3220 927,3220 984,3220 1041,3220 1098,3220 1155,3219 1212,3219 1268,3219 1325,3218 1382,3218 1439,3218 1496,3218 1553,3218 1610,3219 1667,3219 1724,3220 1781,3221"/>
                <TextEquiv>
                    <Unicode>wagt an Rettung zu glauben. Der gewaltige Borgia steht</Unicode>
                </TextEquiv>
            </TextLine>
            <TextLine id="r1l131" custom="readingOrder {index:130;}">
                <Coords points="1799,3229 2978,3246 2958,3185 1799,3191"/>
                <Baseline points="1814,3231 1871,3231 1928,3230 1986,3230 2043,3230 2101,3230 2158,3230 2216,3231 2273,3231 2331,3232 2388,3232 2445,3233 2503,3233 2560,3234 2618,3235 2675,3236 2733,3237 2790,3238 2848,3239 2905,3240 2963,3241"/>
                <TextEquiv>
                    <Unicode>auch zum Teile sein, wenn diese sächsischen Sänger mit</Unicode>
                </TextEquiv>
            </TextLine>
            <TextLine id="r1l132" custom="readingOrder {index:131;}">
                <Coords points="635,3265 2973,3248 635,3230"/>
                <Baseline points="649,3267 764,3265 879,3263 995,3262 1110,3262 1226,3262 1341,3263 1456,3264 1572,3265 1687,3267 1803,3268 1918,3270 2033,3272 2149,3274 2264,3276 2380,3278 2495,3279 2610,3280 2726,3281 2841,3282 2957,3282"/>
                <TextEquiv>
                    <Unicode>vor dem Tore. Der junge Herzog von Bologna will diese Leistungen aufwarteten, die auch für die Stadt eines</Unicode>
                </TextEquiv>
            </TextLine>
            <TextLine id="r1l133" custom="readingOrder {index:132;}">
                <Coords points="624,3320 1791,3306 1791,3271 1683,3260 624,3259"/>
                <Baseline points="637,3310 694,3309 751,3309 808,3308 865,3308 922,3308 979,3308 1036,3308 1093,3308 1150,3308 1207,3308 1264,3308 1321,3308 1378,3308 1435,3308 1492,3307 1549,3307 1606,3307 1663,3306 1720,3306 1777,3305"/>
                <TextEquiv>
                    <Unicode>letzte Nacht mit der schönsten Tochter der Stadt verbrin¬</Unicode>
                </TextEquiv>
            </TextLine>
            <TextLine id="r1l134" custom="readingOrder {index:133;}">
                <Coords points="1801,3327 2977,3325 2954,3281 1801,3283"/>
                <Baseline points="1816,3315 1873,3316 1930,3317 1988,3317 2045,3318 2102,3318 2160,3319 2217,3319 2274,3319 2332,3319 2389,3319 2446,3320 2504,3320 2561,3320 2618,3320 2676,3321 2733,3321 2790,3322 2848,3322 2905,3323 2963,3324"/>
                <TextEquiv>
                    <Unicode>Wiener Männergesangvereines und Schubertbundes als</Unicode>
                </TextEquiv>
            </TextLine>
            <TextLine id="r1l135" custom="readingOrder {index:134;}">
                <Coords points="630,3368 2956,3382 2980,3322 631,3319"/>
                <Baseline points="644,3356 760,3354 876,3352 992,3351 1108,3350 1224,3350 1340,3351 1456,3352 1572,3353 1688,3354 1805,3356 1921,3358 2037,3360 2153,3361 2269,3363 2385,3365 2501,3366 2617,3367 2733,3367 2849,3367 2966,3367"/>
                <TextEquiv>
                    <Unicode>gen. Er sieht die holde Beatrice, die Tochter des armen außerordentlich gute zu bezeichnen sind. Der „Dresdner</Unicode>
                </TextEquiv>
            </TextLine>
            <TextLine id="r1l136" custom="readingOrder {index:135;}">
                <Coords points="626,3393 1805,3414 1805,3353 626,3341"/>
                <Baseline points="641,3396 698,3396 755,3396 813,3396 870,3396 928,3396 985,3396 1042,3396 1100,3396 1157,3396 1215,3395 1272,3395 1329,3395 1387,3395 1444,3395 1502,3395 1559,3394 1616,3394 1674,3394 1731,3394 1789,3394"/>
                <TextEquiv>
                    <Unicode>Wappenschneiders Nardi, und begehrt sie, doch folgt sie ihm</Unicode>
                </TextEquiv>
            </TextLine>
            <TextLine id="r1l137" custom="readingOrder {index:136;}">
                <Coords points="1792,3419 2852,3426 2965,3415 2966,3369 1793,3370"/>
                <Baseline points="1806,3403 1863,3405 1920,3406 1977,3407 2035,3408 2092,3408 2149,3408 2206,3409 2264,3409 2321,3409 2378,3408 2435,3408 2493,3408 2550,3408 2607,3408 2664,3409 2722,3409 2779,3409 2836,3410 2893,3411 2951,3413"/>
                <TextEquiv>
                    <Unicode>Orpheus“ verfügt nicht nur über ausgezeichnetes Stim¬</Unicode>
                </TextEquiv>
            </TextLine>
            <TextLine id="r1l138" custom="readingOrder {index:137;}">
                <Coords points="624,3431 1794,3445 1794,3402 1640,3393 624,3390"/>
                <Baseline points="639,3442 696,3442 753,3441 810,3441 867,3441 924,3440 981,3440 1038,3439 1095,3439 1152,3439 1209,3439 1266,3438 1323,3438 1380,3438 1437,3438 1494,3438 1551,3438 1608,3439 1665,3439 1722,3440 1780,3441"/>
                <TextEquiv>
                    <Unicode>erst, nachdem er sie in rascher Vermählung zur Herzogin</Unicode>
                </TextEquiv>
            </TextLine>
            <TextLine id="r1l139" custom="readingOrder {index:138;}">
                <Coords points="1805,3454 2972,3459 2940,3418 2818,3405 1805,3416"/>
                <Baseline points="1819,3448 1875,3449 1932,3449 1989,3449 2046,3449 2103,3450 2160,3450 2217,3451 2274,3451 2331,3452 2388,3452 2444,3453 2501,3454 2558,3454 2615,3455 2672,3455 2729,3456 2786,3456 2843,3457 2900,3457 2957,3458"/>
                <TextEquiv>
                    <Unicode>menmaterial, namentlich profunde, tragende Bässe, son¬</Unicode>
                </TextEquiv>
            </TextLine>
            <TextLine id="r1l140" custom="readingOrder {index:139;}">
                <Coords points="630,3501 1809,3470 1602,3433 630,3437"/>
                <Baseline points="643,3489 700,3487 758,3485 815,3484 873,3483 931,3483 988,3482 1046,3482 1103,3483 1161,3483 1219,3484 1276,3484 1334,3484 1391,3485 1449,3485 1507,3485 1564,3485 1622,3484 1679,3483 1737,3482 1795,3480"/>
                <TextEquiv>
                    <Unicode>gemacht hat. Sie entweicht ihm aber vom Hochzeitsfeste</Unicode>
                </TextEquiv>
            </TextLine>
            <TextLine id="r1l141" custom="readingOrder {index:140;}">
                <Coords points="1795,3499 2977,3504 2945,3457 1795,3450"/>
                <Baseline points="1809,3490 1866,3492 1924,3493 1981,3493 2039,3494 2097,3494 2154,3495 2212,3495 2269,3495 2327,3495 2385,3495 2442,3495 2500,3495 2557,3496 2615,3496 2673,3496 2730,3497 2788,3498 2845,3499 2903,3500 2961,3502"/>
                <TextEquiv>
                    <Unicode>dern auch über eine bemerkenswerte Chordisziplin, die</Unicode>
                </TextEquiv>
            </TextLine>
            <TextLine id="r1l142" custom="readingOrder {index:141;}">
                <Coords points="624,3532 1742,3537 1800,3525 1800,3479 624,3491"/>
                <Baseline points="638,3530 695,3529 752,3528 810,3527 867,3526 925,3526 982,3526 1039,3525 1097,3525 1154,3525 1212,3525 1269,3525 1326,3525 1384,3525 1441,3525 1499,3525 1556,3525 1613,3525 1671,3525 1728,3524 1786,3524"/>
                <TextEquiv>
                    <Unicode>und eilt zu ihrem geliebten Dichter Philippo, der sie vor</Unicode>
                </TextEquiv>
            </TextLine>
            <TextLine id="r1l143" custom="readingOrder {index:142;}">
                <Coords points="1796,3539 2984,3558 2984,3494 1797,3498"/>
                <Baseline points="1810,3537 1868,3536 1926,3536 1984,3535 2042,3535 2100,3535 2158,3535 2216,3535 2274,3535 2332,3536 2390,3536 2448,3537 2506,3537 2564,3538 2622,3538 2680,3539 2738,3540 2796,3540 2854,3541 2912,3542 2970,3543"/>
                <TextEquiv>
                    <Unicode>sich in der Sicherheit der Einsätze, der Klangreinheit der</Unicode>
                </TextEquiv>
            </TextLine>
            <TextLine id="r1l144" custom="readingOrder {index:143;}">
                <Coords points="636,3574 1804,3583 1804,3522 636,3534"/>
                <Baseline points="651,3571 707,3570 764,3569 821,3569 878,3568 935,3568 992,3568 1048,3568 1105,3568 1162,3568 1219,3568 1276,3568 1333,3568 1390,3568 1446,3569 1503,3569 1560,3569 1617,3569 1674,3569 1731,3569 1788,3569"/>
                <TextEquiv>
                    <Unicode>wenigen Stunden verstoßen hat, da sie ihm erzählte, wie</Unicode>
                </TextEquiv>
            </TextLine>
            <TextLine id="r1l145" custom="readingOrder {index:144;}">
                <Coords points="1804,3580 2971,3601 2971,3549 2922,3543 1804,3542"/>
                <Baseline points="1817,3580 1874,3581 1931,3582 1988,3582 2045,3583 2102,3583 2159,3583 2216,3584 2273,3584 2330,3584 2387,3584 2444,3584 2501,3584 2558,3584 2615,3584 2672,3584 2729,3584 2786,3584 2843,3585 2900,3585 2957,3586"/>
                <TextEquiv>
                    <Unicode>Stimmführung und der prächtigen Dynamik sowie der</Unicode>
                </TextEquiv>
            </TextLine>
            <TextLine id="r1l146" custom="readingOrder {index:145;}">
                <Coords points="635,3627 1797,3620 1796,3574 635,3575"/>
                <Baseline points="651,3615 707,3615 764,3615 820,3615 877,3614 934,3614 990,3614 1047,3613 1103,3613 1160,3612 1217,3612 1273,3612 1330,3611 1386,3611 1443,3611 1500,3611 1556,3611 1613,3611 1669,3612 1726,3612 1783,3613"/>
                <TextEquiv>
                    <Unicode>seltsam sie vom Herzog geträumt. Zwischen ihren beiden</Unicode>
                </TextEquiv>
            </TextLine>
            <TextLine id="r1l147" custom="readingOrder {index:146;}">
                <Coords points="1802,3630 2969,3637 2969,3582 1802,3581"/>
                <Baseline points="1817,3624 1873,3624 1930,3625 1987,3625 2044,3626 2101,3626 2158,3626 2215,3627 2272,3627 2329,3627 2386,3627 2442,3627 2499,3628 2556,3628 2613,3628 2670,3628 2727,3628 2784,3628 2841,3628 2898,3628 2955,3628"/>
                <TextEquiv>
                    <Unicode>hervorragenden Aussprache äußert. Der künstlerische</Unicode>
                </TextEquiv>
            </TextLine>
            <TextLine id="r1l148" custom="readingOrder {index:147;}">
                <Coords points="636,3659 1560,3674 1798,3663 1798,3616 636,3621"/>
                <Baseline points="650,3656 706,3656 763,3656 819,3657 876,3657 933,3657 989,3657 1046,3657 1102,3657 1159,3657 1216,3657 1272,3657 1329,3657 1385,3657 1442,3657 1499,3657 1555,3657 1612,3657 1668,3657 1725,3657 1782,3658"/>
                <TextEquiv>
                    <Unicode>Abenteuern mit dem Dichter und dem Herzog wäre</Unicode>
                </TextEquiv>
            </TextLine>
            <TextLine id="r1l149" custom="readingOrder {index:148;}">
                <Coords points="510,3687 524,3683 530,3673 550,3671 530,3589 513,3593 511,3597 504,3595 487,3600"/>
                <Baseline points="518,3660 531,3657"/>
                <TextEquiv>
                    <Unicode>1</Unicode>
                </TextEquiv>
            </TextLine>
            <TextLine id="r1l150" custom="readingOrder {index:149;}">
                <Coords points="1800,3666 2976,3664 2959,3629 2697,3616 1800,3631"/>
                <Baseline points="1815,3667 1872,3667 1929,3668 1986,3668 2044,3669 2101,3669 2158,3669 2216,3670 2273,3670 2330,3670 2388,3671 2445,3671 2502,3671 2559,3672 2617,3672 2674,3672 2731,3672 2789,3673 2846,3673 2903,3673 2961,3674"/>
                <TextEquiv>
                    <Unicode>Gesamteindruck übertraf den, den die Leipziger Sänger</Unicode>
                </TextEquiv>
            </TextLine>
            <TextLine id="r1l151" custom="readingOrder {index:150;}">
                <Coords points="641,3712 1794,3704 1765,3661 641,3659"/>
                <Baseline points="656,3699 712,3699 768,3699 824,3699 880,3699 937,3699 993,3699 1049,3700 1105,3700 1161,3700 1218,3700 1274,3700 1330,3700 1386,3700 1442,3700 1499,3700 1555,3700 1611,3700 1667,3700 1723,3700 1780,3699"/>
                <TextEquiv>
                    <Unicode>Beatrice beinahe die Gattin eines kleinen Gewerbs¬</Unicode>
                </TextEquiv>
            </TextLine>
            <TextLine id="r1l152" custom="readingOrder {index:151;}">
                <Coords points="1792,3716 2828,3737 2979,3715 2980,3680 1792,3670"/>
                <Baseline points="1807,3713 1868,3712 1929,3712 1990,3711 2051,3711 2112,3711 2173,3712 2234,3712 2295,3712 2356,3713 2417,3714 2478,3714 2539,3715 2600,3716 2661,3716 2722,3717 2783,3717 2844,3717 2905,3717 2966,3717"/>
                <TextEquiv>
                    <Unicode>und der Neebsche Männerchor in Wien hinterlassen haben.</Unicode>
                </TextEquiv>
            </TextLine>
            <TextLine id="r1l153" custom="readingOrder {index:152;}">
                <Coords points="641,3755 1803,3759 1803,3707 1745,3701 641,3706"/>
                <Baseline points="657,3744 713,3744 770,3743 826,3743 883,3743 939,3743 996,3743 1052,3743 1109,3743 1165,3743 1222,3743 1279,3743 1335,3744 1392,3744 1448,3744 1505,3744 1561,3744 1618,3744 1674,3744 1731,3744 1788,3744"/>
                <TextEquiv>
                    <Unicode>mannes geworden, dem sie seit langem versprochen ist.</Unicode>
                </TextEquiv>
            </TextLine>
            <TextLine id="r1l154" custom="readingOrder {index:153;}">
                <Coords points="1800,3768 2979,3757 2979,3717 1800,3713"/>
                <Baseline points="1815,3756 1872,3757 1929,3757 1987,3758 2044,3758 2102,3759 2159,3759 2217,3759 2274,3759 2332,3759 2389,3759 2446,3759 2504,3759 2561,3758 2619,3758 2676,3758 2734,3758 2791,3758 2849,3759 2906,3759 2964,3759"/>
                <TextEquiv>
                    <Unicode>Auch die Vortragsfolge stand auf ansehnlicher Höhe, wenn</Unicode>
                </TextEquiv>
            </TextLine>
            <TextLine id="r1l155" custom="readingOrder {index:154;}">
                <Coords points="508,3776 525,3774 557,3789 581,3780 610,3784 633,3781 634,3729 619,3729 613,3723 590,3731 509,3733"/>
                <Baseline points="522,3776 554,3776 586,3778 618,3776"/>
                <TextEquiv>
                    <Unicode>curt</Unicode>
                </TextEquiv>
            </TextLine>
            <TextLine id="r1l156" custom="readingOrder {index:155;}">
                <Coords points="634,3793 2975,3809 635,3752"/>
                <Baseline points="649,3790 764,3788 880,3787 995,3786 1111,3786 1226,3787 1342,3788 1457,3789 1573,3791 1688,3793 1804,3794 1919,3796 2035,3798 2150,3800 2266,3801 2381,3803 2497,3803 2612,3804 2728,3804 2843,3803 2959,3802"/>
                <TextEquiv>
                    <Unicode>Eben wollte sie mit ihm zur Trauung gehen, da trat der auch vielleicht der orchestrale Teil etwas zu stark in den</Unicode>
                </TextEquiv>
            </TextLine>
            <TextLine id="r1l157" custom="readingOrder {index:156;}">
                <Coords points="491,3826 506,3826 517,3815 526,3814 625,3817 624,3779 569,3776 558,3768 546,3768 537,3777 526,3774 517,3783 491,3780"/>
                <Baseline points="506,3807 532,3806 558,3805 584,3805 610,3807"/>
                <TextEquiv>
                    <Unicode>str. 42</Unicode>
                </TextEquiv>
            </TextLine>
            <TextLine id="r1l158" custom="readingOrder {index:157;}">
                <Coords points="641,3845 1808,3835 1808,3795 1715,3786 641,3793"/>
                <Baseline points="654,3835 711,3835 768,3834 825,3834 882,3833 939,3833 996,3832 1053,3832 1110,3832 1167,3832 1224,3832 1281,3832 1338,3832 1395,3831 1452,3831 1509,3831 1566,3831 1623,3831 1680,3831 1737,3831 1794,3830"/>
                <TextEquiv>
                    <Unicode>Herzog dazwischen. Nun aber wird sie durch einen ihr</Unicode>
                </TextEquiv>
            </TextLine>
            <TextLine id="r1l159" custom="readingOrder {index:158;}">
                <Coords points="1792,3849 2977,3863 2954,3802 1793,3803"/>
                <Baseline points="1808,3842 1865,3842 1923,3842 1981,3842 2039,3842 2097,3843 2154,3843 2212,3843 2270,3843 2328,3844 2386,3844 2443,3844 2501,3845 2559,3845 2617,3845 2675,3846 2732,3846 2790,3846 2848,3846 2906,3846 2964,3845"/>
                <TextEquiv>
                    <Unicode>Vordergrund trat. Besonderes Lob gebührt dem Diri¬</Unicode>
                </TextEquiv>
            </TextLine>
            <TextLine id="r1l160" custom="readingOrder {index:159;}">
                <Coords points="645,3887 1775,3891 1792,3836 645,3841"/>
                <Baseline points="659,3878 715,3877 771,3877 827,3876 883,3876 939,3876 995,3876 1051,3876 1107,3876 1163,3876 1219,3876 1275,3876 1331,3876 1387,3876 1443,3876 1499,3876 1555,3876 1611,3876 1667,3875 1723,3874 1779,3874"/>
                <TextEquiv>
                    <Unicode>selber unerklärlichen Zwang von der Hochzeitstafel weg</Unicode>
                </TextEquiv>
            </TextLine>
            <TextLine id="r1l161" custom="readingOrder {index:160;}">
                <Coords points="1804,3896 2939,3902 2963,3847 1804,3852"/>
                <Baseline points="1818,3889 1874,3888 1931,3888 1987,3888 2044,3888 2100,3888 2157,3888 2213,3888 2270,3888 2326,3888 2383,3888 2439,3888 2496,3888 2552,3889 2609,3889 2665,3889 2722,3890 2778,3890 2835,3891 2891,3891 2948,3892"/>
                <TextEquiv>
                    <Unicode>genten, der feinfühlig aus Chor und Orchester prächtige</Unicode>
                </TextEquiv>
            </TextLine>
            <TextLine id="r1l162" custom="readingOrder {index:161;}">
                <Coords points="633,3909 1797,3922 1797,3879 1695,3867 633,3883"/>
                <Baseline points="647,3923 703,3922 760,3920 817,3919 874,3919 931,3918 988,3918 1044,3918 1101,3918 1158,3918 1215,3918 1272,3918 1329,3918 1386,3918 1442,3918 1499,3918 1556,3918 1613,3917 1670,3917 1727,3916 1784,3915"/>
                <TextEquiv>
                    <Unicode>zu dem Dichter zurückgeführt. Von Ekel und Lebensüber¬</Unicode>
                </TextEquiv>
            </TextLine>
            <TextLine id="r1l163" custom="readingOrder {index:162;}">
                <Coords points="1795,3928 2974,3936 2957,3889 1795,3893"/>
                <Baseline points="1811,3931 1868,3931 1925,3930 1983,3930 2040,3930 2098,3930 2155,3930 2213,3931 2270,3931 2328,3931 2385,3932 2442,3932 2500,3933 2557,3933 2615,3933 2672,3934 2730,3934 2787,3934 2845,3934 2902,3934 2960,3933"/>
                <TextEquiv>
                    <Unicode>Leistungen hervorholte. Er verstand es, jedes einzelne</Unicode>
                </TextEquiv>
            </TextLine>
            <TextLine id="r1l164" custom="readingOrder {index:163;}">
                <Coords points="633,3969 2971,3990 2646,3927 634,3928"/>
                <Baseline points="649,3968 764,3966 879,3964 995,3963 1110,3963 1226,3963 1341,3963 1456,3964 1572,3965 1687,3967 1803,3968 1918,3970 2033,3972 2149,3973 2264,3975 2380,3976 2495,3977 2610,3978 2726,3978 2841,3978 2957,3978"/>
                <TextEquiv>
                    <Unicode>druß gequält trinkt Philippo den Giftbecher. Beatrice hat Vortragsstück klangplastisch und dynamisch ganz prächtig</Unicode>
                </TextEquiv>
            </TextLine>
            <TextLine id="r1l165" custom="readingOrder {index:164;}">
                <Coords points="639,4013 1713,4016 1806,4001 1806,3969 638,3966"/>
                <Baseline points="652,4011 709,4011 766,4011 823,4010 880,4010 937,4010 994,4009 1051,4009 1108,4008 1165,4008 1222,4007 1279,4007 1336,4007 1393,4006 1450,4006 1507,4006 1564,4006 1621,4006 1678,4006 1735,4007 1792,4007"/>
                <TextEquiv>
                    <Unicode>nicht genug Kraft, ihm in den Tod zu folgen, sie will</Unicode>
                </TextEquiv>
            </TextLine>
            <TextLine id="r1l166" custom="readingOrder {index:165;}">
                <Coords points="1789,4017 2974,4022 2974,3981 2881,3972 1789,3979"/>
                <Baseline points="1805,4018 1862,4018 1920,4019 1978,4019 2036,4019 2093,4020 2151,4020 2209,4020 2267,4020 2324,4020 2382,4020 2440,4020 2498,4020 2555,4020 2613,4020 2671,4020 2729,4020 2786,4021 2844,4021 2902,4021 2960,4021"/>
                <TextEquiv>
                    <Unicode>herauszuarbeiten. Der erste Teil des Programms enthielt</Unicode>
                </TextEquiv>
            </TextLine>
            <TextLine id="r1l167" custom="readingOrder {index:166;}">
                <Coords points="634,4052 1793,4056 1793,4013 1676,3999 634,4012"/>
                <Baseline points="649,4053 705,4054 762,4054 818,4055 875,4055 931,4055 988,4054 1044,4054 1101,4054 1157,4053 1214,4053 1270,4052 1327,4051 1383,4051 1440,4050 1496,4050 1553,4049 1609,4049 1666,4049 1722,4048 1779,4048"/>
                <TextEquiv>
                    <Unicode>leben und eilt zum Herzog zurück, wobei sie den kostbaren</Unicode>
                </TextEquiv>
            </TextLine>
            <TextLine id="r1l168" custom="readingOrder {index:167;}">
                <Coords points="1792,4065 2960,4069 2960,4025 1792,4021"/>
                <Baseline points="1808,4063 1864,4063 1921,4063 1978,4063 2035,4063 2092,4063 2149,4062 2206,4062 2263,4062 2320,4062 2377,4062 2433,4062 2490,4062 2547,4062 2604,4063 2661,4063 2718,4063 2775,4064 2832,4064 2889,4065 2946,4065"/>
                <TextEquiv>
                    <Unicode>einleitend Regers schwieriges „Requiem“ für acht¬</Unicode>
                </TextEquiv>
            </TextLine>
            <TextLine id="r1l169" custom="readingOrder {index:168;}">
                <Coords points="630,4106 1797,4101 1797,4055 630,4042"/>
                <Baseline points="645,4095 701,4096 758,4097 815,4097 872,4097 929,4097 986,4097 1043,4097 1100,4097 1157,4096 1214,4096 1270,4095 1327,4095 1384,4095 1441,4094 1498,4094 1555,4093 1612,4093 1669,4093 1726,4093 1783,4093"/>
                <TextEquiv>
                    <Unicode>Schleier vergißt, den sie als Hochzeitsschmuck erhalten.</Unicode>
                </TextEquiv>
            </TextLine>
            <TextLine id="r1l170" custom="readingOrder {index:169;}">
                <Coords points="1793,4118 2931,4125 2972,4119 2972,4058 1793,4066"/>
                <Baseline points="1806,4104 1863,4105 1921,4105 1978,4105 2036,4105 2093,4105 2151,4105 2208,4105 2266,4105 2323,4105 2381,4104 2438,4104 2496,4104 2553,4104 2611,4104 2668,4104 2726,4105 2783,4105 2841,4106 2898,4106 2956,4107"/>
                <TextEquiv>
                    <Unicode>stimmigen Männerchor a cappelli mit Orgeleinleitung</Unicode>
                </TextEquiv>
            </TextLine>
            <TextLine id="r1l171" custom="readingOrder {index:170;}">
                <Coords points="623,4162 2967,4135 624,4110"/>
                <Baseline points="639,4144 754,4141 870,4139 985,4138 1101,4137 1217,4137 1332,4137 1448,4138 1564,4139 1679,4140 1795,4142 1911,4144 2026,4145 2142,4147 2258,4148 2373,4149 2489,4149 2605,4149 2720,4149 2836,4148 2952,4146"/>
                <TextEquiv>
                    <Unicode>Ihre lange Abwesenheit wurde bemerkt, ihre Ausreden und Finale, das glänzend gemeistert wurde. Den Orgel¬</Unicode>
                </TextEquiv>
            </TextLine>
            <TextLine id="r1l172" custom="readingOrder {index:171;}">
                <Coords points="634,4197 2919,4208 2972,4138 634,4148"/>
                <Baseline points="649,4187 764,4184 879,4182 995,4181 1110,4181 1225,4181 1341,4181 1456,4182 1571,4183 1687,4184 1802,4185 1917,4187 2033,4188 2148,4189 2263,4191 2379,4192 2494,4192 2609,4193 2725,4193 2840,4192 2956,4191"/>
                <TextEquiv>
                    <Unicode>werden als Lügen durchschaut und der Herzog zwingt sie part spielte unser Wiener Meister, Herr Domorganist</Unicode>
                </TextEquiv>
            </TextLine>
            <TextLine id="r1l173" custom="readingOrder {index:172;}">
                <Coords points="2276,4220 2293,4217 2308,4224 2340,4222 2348,4228 2377,4232 2392,4218 2407,4219 2408,4195 2390,4198 2376,4188 2367,4197 2344,4196 2332,4201 2300,4194 2277,4197"/>
                <Baseline points="2290,4225 2315,4224 2340,4226 2365,4228 2391,4226"/>
                <TextEquiv>
                    <Unicode># Ope:</Unicode>
                </TextEquiv>
            </TextLine>
            <TextLine id="r1l174" custom="readingOrder {index:173;}">
                <Coords points="644,4259 1190,4209 1788,4226 1820,4179 644,4192"/>
                <Baseline points="660,4232 717,4231 774,4229 831,4229 889,4228 946,4227 1003,4226 1061,4226 1118,4225 1175,4225 1233,4225 1290,4224 1347,4224 1404,4224 1462,4224 1519,4224 1576,4224 1634,4224 1691,4224 1748,4224 1806,4224"/>
                <TextEquiv>
                    <Unicode>5</Unicode>
                </TextEquiv>
            </TextLine>
            <TextLine id="r1l175" custom="readingOrder {index:174;}">
                <Coords points="2832,4250 2858,4251 2861,4248 2870,4252 2919,4251 2921,4204 2901,4203 2895,4206 2889,4200 2878,4203 2872,4199 2860,4199 2854,4205 2851,4202 2834,4204"/>
                <Baseline points="2848,4237 2877,4239 2906,4239"/>
                <TextEquiv>
                    <Unicode>e</Unicode>
                </TextEquiv>
            </TextLine>
            <TextEquiv>
                <Unicode>box 20/6
14: Der Schleier der Beatrice
nntag
Reichspost
Seite 11
24. Mai 1925
einum
direkt, ahne
Zugriff erfaßt, sondern allzu spielerisch behandelt, wie ja¬
Zwischenhande',
geist¬
daher 30 bis 40%
bei Schnitzler Liebe immer zur Liebelei wird, Sterben
Gummim.-Hänfer
sjahre
Ersparnis.
immer zu einer kapriziösen Komödiantenangelegenheit,
9 Uhr j Preise von K 145.000.
Größte Auswahl.
Trauer immer zu einer süßlichen Melancholie, von der
Industrie für Regenmäntellabrikation, V. Rechte
„Allweller“ wienzelle 93, 1. Stock, Hiallestelle Pigramprücke.
abeth.
auch dieses Stück ganz und gar durchtränkt ist. Den
 grie¬
klaren Sien eines Stückes verschleiert er fast allemal mit
beid¬
wichtigtnerischer Philosophie, Einfallsarmut deckt er mit
Ort:
8200
schönrednerischem Wortprunk. In seiner ganzen Anlage.
Mai,
namentlich aber in seinem Schluß verrät dieses Schauspiel
starke Hinneigung zu Shakespeare. Einen eigenen, persön¬
NOLEUIR
ien V.
licheren Stil hat sich Schnitzler erst später geschaffen.
#fessor
Mariaalterstr. 35
Die Aufführung dieses Stückes, an dem man. von
FII. Mariehelierstr. 104
Xiv. Neriaulierstr 191
welcher Seite immer man es betrachten mag, wahrhaftia
I. Körninerstraß 63
.Juli
keine Freude haben kann, hat Direktor Herterich in
Aerr I wonrete 13
iesach,
seine persönliche Obhut genommen. Seine Regiearbeit,
ildigst
Spezial-Ausführung von Linoleum-Belagen
unterstützt von den märchenhaft schönen Bühnenbildern
Remigius Geylings, betont mit Glück vor allem
Silnige Preise
Beste Gualität
 Juli
die romantischen Züge der Dichtung und gibt ihnen eine
estern,
fast über Gebühr edle Kraft. In der Rolle der Veatrice
dem
legte Frl. Wagener eine bedeutsame Probe ihres Kön¬
lichen
nens ab. Diese Gestalt scheint ihrem Wesen in seltsamer
en.
Art entgegenzukommen, wenngleich man die Aeußerlichteit
Theater, Kunst und Musik.
woch,
übersehen muß, daß Frl. Wagener in Aussehen und
listen:
Burgtheater.
Sprache allzu deutsch ist, um für eine richtige Italienerin
pern¬
gelten zu können. Interessant ist die Leistung des Herrn
hester.
„Der Schleier der Beatrice.“
Andersen als Philippo, der durch seine schwärmerische
Schauspiel von Arthur Schnitzler. — Erstaufführung am
Melancholie zu ergreifen wußte. In einem schönen, ge¬
ahrts¬
23. Mai 1925.
raben
messenen Gegensatz dazu die zwar gleichfalls schwermütige,
#nsen
aber mit Tatkraft und Entschlossenheit gepaarte Holtung
Dieses Stück dürfte an die fünfundzwanzig Jahre alt
des Herrn Aslan als Herzog. Aus der langen Reihe
sein. Wir gehören nicht zu den genauen und liebevollen
der anderen beteiligten Künstler, die fast durchaus un¬
Kennern der Schnitzlerschen Muse, die um die Entstehungs¬
seres Lobes würdig wären, seien etwa hervorgehoben der
geschichte seiner Werke besser Bescheid wissen als um jene
männlich stolze Andrea des Herrn Hennings, der
der Schillerschen Dramen. Erinnerlich ist uns nur, daß
n.
wunderliche Vater Nardi des Herrn Straßni. der
Herr Brahm am Deutschen Theater in Berlin schon vor
feurige Francesco des Herrn Lohner, der gutmütig
mehr als zwei Jahrzehnten mit diesem Schauspiel ziemlich
bürgerliche Vittorio des Herrn Philipp Zeska.
trübe Erfahrungen machte, weswegen man auch in Wien,
Die Wiener Schnitzlergilde benützte auch diesen nicht
wo man doch sonst diesen Propheten im Vaterlande wahr¬
eben glücklich gewählten Anlaß, um ihrem Dichter Ova¬
haftig zu schätzen wußte, die Hand davon ließ. Aber da
tionen darzubringen. Die Treue, sie ist eben doch kein
das Burgtheater einem ungeschriebenen Gesetz zufolge
leerer Wahn.
Herrn Schnitzler Jahr für Jahr seinen Tribut zollen muß,
so muß in Ermangelung eines neuen Werkes dieses alte
— Konzert der Dresdner Sänger. Der auf seiner
herhalten, das bestimmt nicht sein bestes ist. In mehr als
Sängerfahrt in Wien herzlich begrüßte „Dresdner
einem Belange hat er sich seither mit anderen Dichtungen
Orpheus“, einer der bekanntesten und ältesten (schon
übertroffen, so etwa in der Größe der historischen Vision
1834 gegründet) deutschen Männergesangvereine, veran¬
im „Jungen Medardus“.
staltete am 22. d. im Großen Musikvereinssaal ein großes
Im „Schleier der Beatrice“ soll die historische
Festkonzert mit Orchester, das unter der künstlerischen
Situation als drammatisches Moment mitspielen: Bologna
Leitung Dr. Heinz Knölls stand, eines Wiener
9
ist von Feinden umzingelt. Morgen wird die Entscheidung
Musikers, der gegenwärtig als
Kapellmeister an der
fallen. Die Stadt ist in fieberhafter Erregung. Niemand
Dresdner Staatsoper tätig ist.
Sein Verdienst mag es
wagt an Rettung zu glauben. Der gewaltige Borgia steht
auch zum Teile sein, wenn diese sächsischen Sänger mit
vor dem Tore. Der junge Herzog von Bologna will diese Leistungen aufwarteten, die auch für die Stadt eines
letzte Nacht mit der schönsten Tochter der Stadt verbrin¬
Wiener Männergesangvereines und Schubertbundes als
gen. Er sieht die holde Beatrice, die Tochter des armen außerordentlich gute zu bezeichnen sind. Der „Dresdner
Wappenschneiders Nardi, und begehrt sie, doch folgt sie ihm
Orpheus“ verfügt nicht nur über ausgezeichnetes Stim¬
erst, nachdem er sie in rascher Vermählung zur Herzogin
menmaterial, namentlich profunde, tragende Bässe, son¬
gemacht hat. Sie entweicht ihm aber vom Hochzeitsfeste
dern auch über eine bemerkenswerte Chordisziplin, die
und eilt zu ihrem geliebten Dichter Philippo, der sie vor
sich in der Sicherheit der Einsätze, der Klangreinheit der
wenigen Stunden verstoßen hat, da sie ihm erzählte, wie
Stimmführung und der prächtigen Dynamik sowie der
seltsam sie vom Herzog geträumt. Zwischen ihren beiden
hervorragenden Aussprache äußert. Der künstlerische
Abenteuern mit dem Dichter und dem Herzog wäre
1
Gesamteindruck übertraf den, den die Leipziger Sänger
Beatrice beinahe die Gattin eines kleinen Gewerbs¬
und der Neebsche Männerchor in Wien hinterlassen haben.
mannes geworden, dem sie seit langem versprochen ist.
Auch die Vortragsfolge stand auf ansehnlicher Höhe, wenn
curt
Eben wollte sie mit ihm zur Trauung gehen, da trat der auch vielleicht der orchestrale Teil etwas zu stark in den
str. 42
Herzog dazwischen. Nun aber wird sie durch einen ihr
Vordergrund trat. Besonderes Lob gebührt dem Diri¬
selber unerklärlichen Zwang von der Hochzeitstafel weg
genten, der feinfühlig aus Chor und Orchester prächtige
zu dem Dichter zurückgeführt. Von Ekel und Lebensüber¬
Leistungen hervorholte. Er verstand es, jedes einzelne
druß gequält trinkt Philippo den Giftbecher. Beatrice hat Vortragsstück klangplastisch und dynamisch ganz prächtig
nicht genug Kraft, ihm in den Tod zu folgen, sie will
herauszuarbeiten. Der erste Teil des Programms enthielt
leben und eilt zum Herzog zurück, wobei sie den kostbaren
einleitend Regers schwieriges „Requiem“ für acht¬
Schleier vergißt, den sie als Hochzeitsschmuck erhalten.
stimmigen Männerchor a cappelli mit Orgeleinleitung
Ihre lange Abwesenheit wurde bemerkt, ihre Ausreden und Finale, das glänzend gemeistert wurde. Den Orgel¬
werden als Lügen durchschaut und der Herzog zwingt sie part spielte unser Wiener Meister, Herr Domorganist
# Ope:
5
e</Unicode>
            </TextEquiv>
        </TextRegion>
    </Page>
</PcGts>
