3436 4384
1937 285 2397 380 box 20/1
285 260 1907 387 14. Der SchleienderBeatrie
834 1290 2190 1363 nur seine ersten Einakter gespielt worden. Ich gehöre durchaus nicht
840 1347 2178 1405 zu den Ueberschätzern der Etikette „Jung=Wien'. Mir sind die Jung¬
836 1374 2187 1444 Wiener Offenbarungen eigentlich zu pretiös und zu arm an Natur.
845 1424 2185 1498 Aber ich verkenne nicht, daß ein Burgtheaterdirektor an diesen Werken
841 1479 2183 1530 doch nicht ostentativ vorübergehen darf, schon aus dem Grunde, weil
839 1523 2183 1588 im Wienerwald zurzeit nichts Höheres wächst, es wäre denn Karl
832 1574 2184 1630 Schönherr. Wir sind gerecht: Schönherr ist ein Aktivum auf dem Konto
833 1615 2190 1671 Schleuthers. Diesen jungen Tiroler hat er gehegt und gehutet. Am
844 1666 2190 1742 Ende ist die dichterische Beute jedes heutigen Theaterdirektors ganz
828 1725 2182 1792 klein, denn wir sind furchtbar arm geworden. Doch auch das bischen
827 1770 2189 1844 Blühen hat Schlenther übersehen. Er hat Wilhelm Schmidtbonn
834 1818 2180 1877 und Herbert Eulenberg nicht bemerken wollen; da roch er „die Rein¬
833 1863 2170 1948 hardt=Clique'. Für Schlenther hat keines von den großquadrigen
828 1925 2177 1967 Dramen Strindbergs existiert. Er ist, weil ihm alle Experimentier¬
825 1970 2177 2038 kühnheit mangelte, an „Hidalla' und dem „Marquis von Keith ven
823 2022 2167 2083 Wedekind vorübergegangen, obwohl er an Treßler einen meisterhaften
834 2067 2170 2135 Wedekindspieler gehabt hätte. Er hat Bernard Shaw leichtherzig dem
824 2102 2176 2183 Volkstheater überlassen, aber er hat dafür — es ist hundertmal gesagt
832 2166 2175 2224 worden — die abgeschmacktesten Blumenthäler und Kadelburgen mitten
836 2210 2178 2271 in die einst heroische Burglandschaft gebflanzt. Den plattesten und
831 2251 2167 2319 spekulativsten Jung=Wiener, Herrn Hu Muller, hat er begönnert,
833 2320 2175 2363 aber die höchsten Shakespearedramen dem Burgtheater fremd werden
820 2365 2162 2411 lassen. Kein Macbeth war mehr möglich, kein Coriolan. Die Königs¬
833 2412 2165 2476 dramen verschwanden fast. Kein Othello ist mehr möglich, unser Lear
820 2461 2170 2526 ist tot und unersetzt, was aber noch da ist, wie Romeo und Julia, besteht
830 2501 2170 2569 in schändlicher Mittelmäßigkeit. Hebbel lebt nur noch mit dem „Gyges'
825 2564 2159 2613 im Repertoire, Grillparzer in ein paar verwaschenen, faden Vorstel¬
827 2604 2157 2691 lungen. Kein jugendlicher Wille, keine neuschaffende Regisseurphan¬
819 2655 1322 2718 tasie belebt die Meister.
911 2710 2170 2759 Das sind Tatsachen, die schließlich allen Zuschauern deutlich
821 2755 2164 2803 wurden. Es wäre blöde, sich die Einstimmigkeit der wiener Kritiker
817 2817 2161 2870 einfach durch Cliquenschlusse zu erklären. Der alte Hugo Wittmann,
817 2839 2159 2907 der ganz für sich lebt, ist gerade so wenig Cliquenplänen zugänglich wie
825 2901 2167 2957 Engelbert Pernerstorfer, der ehedem ein Tafelgenosse Schlenthers war.
826 2952 2167 2998 Wenn Felix Salten Schlenther bekämpfte, so wäre das im allgemeinen
818 2994 2160 3068 ei. Grund für manchen wiener Kritiker, justament für Schlenther ein¬
820 3045 2162 3118 zutreten. Ich rede gar nicht von Ludwig Hevesi, Alfred Poigar,
814 3103 2168 3146 Hermann Bahr und mir, die auch zu keinem Rutlischwur zu haben
814 3149 2164 3205 wären. Nein, wir sind nur in einem einzigen Punkt einer Meinung,
817 3189 1884 3258 und diese Einstimmigkeit hat Schlenther selbst erzeugt.
905 3246 2149 3316 Nicht nur theatralisch war Schlenther seiner Aufgabe nicht ge¬
824 3297 2160 3346 wachsen, er verstand auch seine kulturelle Rolle nicht. Eine der
818 3336 2162 3407 schönsten Neuerungen, die Burckhard eingeführt hatte, waren die Ar¬
815 3390 1521 3472 beitervorstellungen an Sonntagsne.
1589 3390 2165 3471 agen für die Gewerkschaften.
2038 3484 2149 3574 89
