3484 4448
1971 192 2391 281 box 20/4
286 201 1821 298 14: Der Schleiender Beatrice
2225 1589 2362 1670 R
1712 1670 2934 1724 Leichnam, den er wutentbrannt beschimpft. Von dem trotz seines
485 1666 1711 1722 blatt aus dem Rausch, und der Ernüchterte bemüht sich, die lästig
167 1663 504 1732 Etten, sie gesehen
2931 1672 3375 1734 kein Fürst des Quinau
1712 1703 2946 1759 Verbotes nachgeeilten Gefolge hört er, daß der Tote Filippo
487 1711 1717 1769 gewordenen Besucherinnen schleunigst wieder los zu werden. Das
177 1716 498 1770 ihrer Schwester,
2931 1723 3374 1786 Begeisterung für Fil
1711 1743 2937 1803 ist; Francesco, der gleichfalls mit eingedrungen, ersticht die
487 1760 1713 1819 geht aber nicht so leicht, denn selbstverständlich sind auch diese
172 1741 501 1817 n sich verzehre;
2926 1755 3377 1821 oder was es sonst ist,
1719 1792 2938 1856 Schwester, der Herzog aber hält dem Dichter eine rühmende Nach¬
485 1797 1711 1844 Töchter der Sünde in den großen Dichter verliebt und muß er
187 1771 500 1854 geflüchtet, ein¬
2930 1795 3345 1854 Naturwüchsigkeit, er
1717 1814 2861 1880 rede und befiehlt, daß er in der Fürstenaruft beigesetzt werde.
485 1825 1715 1882 der Einen sogar den Giftbecher mit Gewalt entreißen. Endlich
171 1826 500 1889 der sie in sein
2925 1824 3365 1897 aber kein Mann. Ein
489 1857 1719 1918 kommt ein Freund mit der Nachricht von der Vermählung des
1794 1871 2934 1930 „Wozu der Lärm?“ Die Frage ist gewiß nicht unberechtigt,
174 1864 495 1929 et in heller Wut,
2926 1864 3377 1931 gegen sind dem Dich
498 1892 1712 1960 Herzogs und der Einladung aufs Schloß und entführt die aben¬
1706 1907 2936 1956 und von vieler Zuschauer Lippen glaubte ich ganz deutlich zu ver¬
179 1898 511 1982 sie von dannen;
2929 1903 3368 1974 beim Ritt ins alte ro
499 1949 1713 2000 teuerlustigen Schönen. Nachdem Filippo noch mit dem Bruder
1712 1949 2946 2005 nehmen: „ich weiß nicht, was soll es bedeuten.“ Traurig war
2934 1941 3369 2010 mäulig und widerspe
1702 1971 2945 2046 allerdings das Publikum nicht gestimmt, diese sonderbaren Personen
173 1972 498 2047 t lebhaft zu, das
487 1992 1717 2043 der verlassenen Braut eine Auseinandersetzung gehabt, erscheint
2942 1990 3369 2049 Verse von hinreißende
1710 2014 2948 2088 und die verworrenen und verschlungenen Vorgänge vermochten eine
492 2024 1726 2080 Beatrice im vollen Hochzeitsstaat. Ungeheuere Sehnsucht
167 2027 507 2081 schönste Mädchen
2999 2020 3383 2095 Abgesehen von de
1711 2073 2934 2127 tiefer gehende Anteilnahme, ein wahres Interesse nicht zu er¬
697 2056 1713 2127 hierher getrieben, sie will mit ihm sterben.
486 2072 609 2120 hat
157 2071 501 2127 rang ist natürlich
2929 2071 3368 2125 waren, ließ die Dar
1705 2098 2943 2161 wecken, ein gewisses Gefühl der Unklarheit herrschte vor, und es
489 2097 1719 2157 Er stellt sie auf die Probe und erklärt ihr, daß
165 2101 505 2165 ängstlich um sie
2929 2106 3369 2177 [Triesch glich dem B
1703 2144 2942 2209 gab Augenblicke, in denen das ganze Kartenhaus mit all' seinen
491 2147 1717 2199 der Wein, den sie getrunken, sei vergiftet. Da verfällt sie in solch
152 2137 496 2210 us der bedrohten
2927 2149 3354 2211 zeichnet, vollkommen,
1707 2186 2941 2239 gemalten Figuren bedenklich ins Wanken geriet. Ueber dem Ganzen
495 2186 1717 2239 entsetzliche Todesangst, daß er, von Ekel ergriffen, den unheilvollen
152 2172 500 2238 Ernhauses erretten
2928 2182 3371 2246 endung, wie die Todes
1711 2216 2941 2273 liegt ein zuweilen recht duftig und fein gesponnener Schleier, der
485 2224 1719 2287 Becher leert und tot dahinsinkt. Vor brennender Begierde nach dem
2928 2217 3356 2289 wahrhaft erschütternd
1715 2258 2937 2317 aber die Mängel und Unebenheiten nicht zu verdecken vermag. Die
488 2272 1343 2327 Leben erfaßt, eilt Beatrice schnell davon.
160 2270 508 2326 Heimat zu ziehen.
2930 2263 3362 2321 Charakter zu schaffen,
1705 2298 2939 2361 Heldin Beatrice ist so dicht verschleiert, daß ihre eigent¬
568 2288 1719 2364 Der vierte Akt spielt in den „Blumensälen“ — doch nein, im
2921 2316 3368 2369 alle Klippen und Unti
241 2310 499 2365 soll sogleich
1704 2334 2934 2388 lichen Züge nicht zu erkennen. Ein kaum erblühtes, von dem Gift¬
493 2337 1720 2395 Schlosse des Herzogs, eine so wüste Orgie wäre in keinem öffent¬
171 2331 504 2410 begiebt sie sich
2930 2343 3374 2410 fort. Ganz unzuläng
1710 2375 2940 2438 hauch ihrer Umgebung vielleicht noch unberührtes Mädchen, lebens¬
495 2385 1713 2436 lichen Lokale möglich. „Adlig geboren nenn' ich die Sprossen
303 2375 504 2438 erbitten.
2929 2374 3349 2448 Loschi, nicht die
1705 2413 2943 2484 lustig und nicht ohne sinnliche Regungen, ist sie doch wieder von
496 2427 1710 2475 dieser Nacht, da Euer Fürst mit Beatrice Nardi Hochzeit hält.“ Diese
154 2413 502 2488 Em Herzog gegen¬
2926 2425 3365 2488 Ton, nichts Gefällig
1711 2450 2946 2521 einer fast erschreckenden Passivität, die ohne jede Gefühlsäußerung
494 2458 1708 2513 Losung, die der erlauchte Gastgeber verkündet, thut ihre Schuldigkeit.
169 2466 498 2517 t und hier eine
3227 2472 3342 2515 Es i
2920 2463 3244 2522 und abstoßend.
1705 2500 2935 2555 alles geduldig über sich ergehen läßt, und zuletzt die ganz un¬
496 2505 1714 2549 Unwillkürlich muß man der Pest in Florenz gedenken, es ist, als
155 2499 495 2567 der und nähert
2935 2495 3370 2567 Autors frühere Stücke,
1704 2538 2938 2593 genügende Erklärung giebt, daß die Furcht vor dem Tode sie „die
492 2538 1719 2601 ob die Todgeweihten noch einmal in toller Selbstvergessenheit all
149 2532 501 2599 Suf dem Weg zur
2923 2534 3370 2603 Triumphe führte, hier
1706 2584 2936 2642 fürchterlichen Wege iagte von Lüg' in Lüge, Schmach in Schmach“,
490 2579 1709 2638 ihren Lüsten freien Lauf ließen. Aber zur Hochzeitsfeier fehlt die
152 2573 500 2636 Beatrice geht
2921 2584 3368 2640 Dichter wie den Darst
1709 2611 2928 2679 obgleich sie keinem Böses wollte. Danach wäre Lebensgier ihres
490 2615 1724 2679 Neuvermählte, die sich während des Mahles davongeschlichen.
159 2620 511 2680 des Bruders und
2926 2616 3377 2688 Friedrich Kahßl
1705 2661 2928 2717 Wesens Grund und Ursache, vielleicht auch gedankenloser Leichtsinn.
503 2663 1717 2718 Schon ist ihre Abwesenheit bemerkt, und die Umgebung des
147 2659 503 2719 erzogs versunken.
2924 2660 3359 2725 der Anmut und Ho
1709 2697 2928 2753 Und da haben wir das süße Mädel im Schleier der Beatrice.
158 2689 514 2761 acht ihr und der
504 2699 1718 2755 Herzogs, die sie für eine Hexe hält, beginnt sich zu regen. Endlich
2919 2700 3366 2767 gezeichnet war Luise
1703 2740 2929 2792 Schon die knappe Inhaltsangabe zeigt, daß manche vertraute
750 2723 1723 2788 sich wieder ein, aber ohne Schleier, den
151 2739 512 2794 Weatrice aber
501 2739 774 2794 findet sie
2928 2746 3324 2790 blütigen Rosine
1713 2772 2931 2832 Figur, meist klassischen Ursprungs, in diesem Stücke wieder auf¬
498 2772 1724 2827 kostbarsten Hochzeitsschmuck von wunderbarer Schönheit und
162 2780 502 2836 eten werde. Auch
2919 2777 3319 2842 Sommerstorff
1710 2812 2933 2885 erstanden, und so gemahnt auch Beatrice an Rahel,
163 2811 499 2878 standen, befiehlt,
491 2811 1713 2870 historischem Wert, den ihr der Gemahl verehrt. Der Fürst will
2917 2816 3369 2875 auch an dieser Stätt
1704 2864 2938 2912 „Die Jüdin von Toledo“, freilich nur ganz ent¬
161 2859 497 2915 e Trauung voll¬
491 2858 1718 2917 ihrem Verbleib nicht nachforschen, alles ihr vergeben, nur den
2923 2854 3363 2914 feiner und charakteristif
177 2887 501 2954 in das Schloß.
1702 2893 2932 2949 frnt. Noch weniger anziehend ist Filippo Loschi dessen
501 2895 1719 2954 Schleier soll sie zurückschaffen. Schon ist sie ihren Henkern ausge¬
2924 2894 3371 2961 den Geheimschreiber C
1711 2930 2929 2988 ingeblicher Dichterruhm die vollständige Haltlosigkeit, stellenweise
493 2935 1712 2990 liefert, als sie sich endlich entschließt, den Schleier zu holen, der
161 2932 497 2991 st, das macht auf
2923 2935 3374 2998 wären lobend zu erwä
496 2969 1711 3032 Herzog begleitet sie, nachdem er gelobt, sie nach nichts zu fragen.
1702 2973 2936 3036 sogar Niedrigkeit dieses schwankenden Charakters nicht zu mildern
165 2975 505 3038 flieht der Bruder
2919 2985 3375 3037 dem Zettel, und das ##
492 3001 1702 3060 Sie führt ihn in Filippos Haus. Nachdem der Schleier ge¬
1703 3013 2941 3078 vermag. „Blasirt“ und „dekadent“ würden die modernen Be¬
2985 3019 3373 3075 Der Erfolg war n
1700 3055 2938 3112 zeichnungen für ihn sein, die damals noch unbekannt waren und
146 3049 1720 3116 eisten Florentiner funden, drängt sie zum Fortgehen, der Herzog will aber durchaus
2912 3048 3335 3120 fach gerufen wurde.
159 3101 3362 3168 erwacht das Drei= die Hochzeitsnacht hier halten, bei der Gelegenheit entdeckt er den jetzt bereits etwas veraltet erscheinen. Der Herzog endlich ist auchschleiert kommt, wird ih
