3436 4448
367 112 1432 167 eeensenneeneenmenhee
1515 110 2501 175 Sie log dem Herzah 1n 1i e Sehreeschnen
361 150 1437 229 haben glauben, anzieht, sie reizt, sie übertölpelt?
1439 161 2501 225 und sprach doch beiden Wahrheit, sie betrog den
359 195 1425 272 Es muß doch etwas da sein! Schließlich
1433 208 2449 276 I einen mit dem andern und war doch beiden treu
354 237 1441 312 erfährt vielleicht jeder das Geschick, das er
1446 256 2505 317 vielleicht liebte sie als dritten, wenigstens für einen
362 282 1427 353 verdient; schließlich werden zu diesen Männern, wie
1450 295 2503 365 Nachmittag, sogar den biedern Handwerksmann,
361 334 1434 404 sie einmal sind, auch diese Frauen, wie sie sind, ge¬
1444 337 2515 410 dem ihr Bruder sie zur Sicherheit noch kurz
355 386 1429 451 hören. Wir wollen nicht anklagen, nicht die große
1437 386 2518 440 vor seinem Scheiden anverlobte. Sie konnte
351 419 1429 491 Richterpose einnehmen. Wer donnert und ver¬
1447 436 2514 497 sterben, wenn ihr vor Entzücken, vor innerem
358 468 1428 529 dammt, verdient das Weib auf ewig, dem er
1435 464 2403 526 Jauchzen die Seele zu bersten drohte,
353 520 1440 576 es antut. Es gilt hier ein Problem; es heißt, es
1442 511 2517 568 mußte leben, mußte taumeln im wilden Rausch
347 555 1428 612 möglichst scharf festzustellen und zu umgrenzen.
1438 568 2508 621 der Lüste, wenn ihr der Tod sein Grinsen zeigte.
425 604 1426 660 Die Franzosen haben nach dieser Richtung bereits
1438 606 2514 662 Alles Außerste liegt ihr so nahe wie das Nächste.
1438 650 1577 700 Sie
359 641 1429 695 eine ganze Ahnengalerie, vorzüglich im Roman, auf¬
1562 649 2517 722 nimmt das Bedeutende hin wie das
349 676 1430 741 zuweisen. Sie datieren sie etwa von der Manon
1441 696 2506 750 Unbeträchtliche, das Unerhörte wie den Alltag.
355 740 1426 792 Lescaut des Abbé Prévöt vom Anfang des 18. Jahr¬
1438 737 2519 794 Was ist ihr ein großer Dichter, was ihr
351 774 1434 839 hunderts. Wir Deutschen sind jünger. Möglich,
1438 780 2508 833 ein Herzog! Reiche können zerkrachen und auf den
353 815 1426 874 daß unseren Dichtern in der sie umgebenden Frauen¬
1431 829 2520 883 Trümmern neue Kronen wachsen — es ist ihr nicht
356 870 1434 934 welt nach dem in Betracht kommenden Sinne ein
1441 870 2517 921 mehr, als daß ihr Spitzentuch zerreißt. Alles Be¬
352 910 1428 969 weniger reiches Beobachtungsmaterial als den
1435 917 2515 979 deutende sinkt vor ihr dahin, sie schreitet in ihrer
351 945 1435 1013 Franzosen zur Verfügung stand. Die deutsche Frau
1442 955 2506 1012 Ahnungslosigkeit souverän darüber hinweg. Mit
351 987 852 1051 hat weniger hinter sich
948 987 1434 1056 Was sie noch vor sich
1430 996 2516 1067 einer unbewußten Grausamkeit, mit einer nur in der
343 1013 1429 1104 hat, das ist das, worüber Dichter, wie Schnitzler,
1443 1038 2516 1100 Kindlichkeit begründeten Gleichgültigkeit, in der man
356 1086 1426 1156 offenbar ihre besonderen Ansichten zu haben glauben.
1434 1089 2504 1138 es zuweilen wie voll Ahnung als einen Aus¬
1438 1134 2505 1182 gleich der zu so schreienden Disharmonien auf¬
1441 1177 2514 1233 gereizten sozialen Gegensätze zu spüren glaubt, als die
406 1161 1434 1240 Ob der „Schleier der Beatrice" zu Bologna und
1440 1227 2508 1284 stille Rache der unteren Dinge an den oberen. Sie
349 1209 1435 1281 in der Renaissance=Zeit spielt, ist gleichgültig. Die
1440 1258 2502 1317 ist ja nur Trieb, nur Pflanze, — sie will nur
344 1264 1425 1336 Umgebung, die äußeren Ereignisse dienen nur, um
1435 1299 2516 1369 lieben, nur leben und da sein, nicht denken und nicht
349 1316 1425 1392 einen allgemeinen Geist der skrupellosen Unge¬
1438 1352 2513 1417 wählen. Ist etwas in ihrer Brust, das gerade ein
338 1346 1430 1422 bundenheit, der tatenfrohen Lebensfreude zu
1446 1403 2505 1452 Dichtersmann, ein Herzog befriedigt — warum nicht
350 1391 822 1466 zeichnen, der die
810 1410 1427 1472 Luft des Stückes bilden
1445 1446 2502 1494 er so gut wie ein anderer? In schönen Versen hat
352 1453 1427 1521 soll. Das Problem selbst ist ein modernes;
1442 1487 2507 1544 Schnitzler es an verschiedenen Stellen selber klar
348 1493 1421 1573 man könnte sagen, es spielt in Wien um die Jahr¬
1444 1520 1838 1592 aussprechen lassen.
340 1529 672 1600 hundertwende.
410 1577 640 1634 Beatrice
660 1553 1423 1641 st das Problem; sie ist das Stück.
1901 1566 2112 1650 .Du bist
359 1623 1430 1700 Schnitzler gibt in ihr seine General=Auseinandersetzung
1538 1614 2393 1702 Zu staunen nicht gemacht. Niemals hat Dich
1553 1661 2338 1729 Des Daseins Wunder namenlos erschreckt,
336 1665 1436 1717 mit dem bezeichneten rätselvollen Typus Weib, an
1550 1701 2339 1771 Nie bist Du vor der Buntheit dieser Welt
350 1714 1420 1775 welchem ihm alles schwankend und ungewiß, alles
1545 1750 2259 1811 In Andacht hingesunken, und daß Du,
338 1756 1435 1825 unzuverlässig und deutbar erscheint. Seine Beatrice
1553 1776 2192 1847 Die Beatrice ist, und ich, Filippo,
451 1795 1432 1869 die Tochter eines Bologneser Wappen¬
1552 1815 2312 1888 Sich unter den unendlich Vielen fanden,
345 1833 590 1902 schneiders.
576 1843 1436 1910 Ein Dichter liebt sie, einer der fein¬
1544 1868 2401 1943 Hat nie mit tiefem Schauer Dich erfüllt.
353 1883 1434 1973 sinnigsten, edelsten, reinsten Geister seiner Zeit;
1551 1915 2306 1989 Und daß Du Fürstin von Bologna bist,
346 1933 1435 1995 er läßt seine edle Braut ihretwegen schmachvoll,
1542 1971 2297 2012 Macht Dich so wenig staunen, Beatrice,
342 1981 1423 2048 herzlos sitzen. Beatrice liebt ihn wieder, scheint ihn
1540 1985 2425 2079 Wie wenn sich eine Mück' auf Deine Hand setzt.
337 2027 1435 2088 zu lieben. Sie schwört ihm ihre Liebe und — erzählt
1488 2038 2009 2133 Und an anderer Stelle:
334 2067 1436 2134 ihm im selben Atem einen begierigen Traum
339 2110 1434 2178 der letzten Stunden, in dem nicht er, sondern der
1535 2103 2401 2202 Es ist Dein Wesen, daß mit jedem Pulsschlag
338 2151 1060 2206 Herzog von Bologna der Held ist.
1080 2151 1436 2236 Es ist aus mit
1537 2168 2330 2234 Durch Deine Adern andre Wahrheit rinnt.
340 2190 1305 2269 des Dichters Leidenschaft. Der Traum
1299 2206 1432 2274 gilt
334 2243 1315 2294 ihm für hundert Wirklichkeiten. Er hat
1302 2253 1424 2303 ein
1492 2238 2508 2321 Der Titel „Schleier der Beatrice“ ist wohl nur
336 2274 1414 2349 Ewigkeitsbild in den Sternen angeschaut; nun steht
1438 2290 2500 2352 symbolisch zu nehmen für eben dieses Verworrene,
333 2327 1414 2410 es doch wieder mitten unter den Fratzen des Tages
1437 2349 2499 2395 Nebelhafte, welches das Wesen der Beatrice über¬
342 2378 760 2437 im Kot der Gasse.
1438 2392 2503 2451 schleiert. Denn im Stück ist der Schleier — nur
400 2407 1427 2473 Sie geht. Im hastigen Lauf der Kriegszeiten ist
1435 2440 2506 2504 ein Schleier, dessen Verlust und Wiederfinden nur
345 2453 1416 2535 sie am nächsten Tage Herzogin von Bologna, nachdem
1433 2474 2515 2536 ein Mittel der Handlungsführung wird; er kann
342 2513 1412 2564 sie vorher, gleichsam noch unterwegs von dem Hause
1423 2513 2494 2594 hier nicht etwa symbolisch für die Reinheit der Be¬
347 2550 1425 2623 des Dichters zu dem des Herzogs, einem biederen
1426 2556 1742 2631 sitzerin stehen.
338 2598 1416 2650 Freier sich anverlobt hat, der sich alsbald den Tod gibt ...
1487 2590 2506 2670 Die Fülle der übrigen Gestalten des Stückes hat
344 2646 1417 2705 Nun ist sie, was sie geträumt und vielleicht erträumt
1430 2657 2506 2719 streug genommen nur insoweit Bedeutung, als sie
333 2690 1414 2739 hat, nun ist sie Herzogin — und nun? Ihr erster
1440 2702 2513 2768 Stellung nehmen zu dem großen Thema von
334 2730 1421 2781 Gang nach der Trauung und vor der Hochzeitsnacht
1427 2741 2505 2800 der Liebe, das Schnitzler angeschlagen hat. Sie tun
342 2774 1402 2837 ist zu dem ersten Liebsten, dem Dichter: sie will —
1434 2779 2509 2846 es sämtlich in irgend einem Sinne; im Mittelpunkte
341 2817 1417 2879 mit ihm sterben! In einer flüchtigen Sekunde hat
1434 2835 2498 2897 aller der Herzog und der Dichter Filippo, beide
340 2862 1415 2930 sie es beim Abschied gelobt. Und wiederum: vom
1430 2879 2508 2949 beleuchtet durch die Gestalt der Beatrice und sie selbst
339 2920 1401 2973 Dichter ernsthaft vor die Wahl gestellt, wählt sie —
1429 2917 1692 2986 beleuchtend.
332 2957 1419 3014 das Leben. Er gibt sich, diesmal wirklich, den Tod,
1486 2937 2500 3024 Das ist das Seltsame: Dieses Augenblicks¬
331 3004 1414 3050 nachdem ihn die Wiederkunft Beatrices einem soeben
1434 2999 2505 3070 geschöpf, scheinbar kaum wert, beachtet zu werden,
335 3043 1416 3102 erst gefaßten Entschluß abtrünnig gemacht hat, ein
1432 3053 2500 3118 würdig wie Unkraut am Wege zu vergehen, weiß
325 3077 1412 3164 würdiges, seinen Wert sich durch Taten schaffendes
1433 3098 2498 3150 zweier hoher Männer Liebe auf sich zu einen.
326 3125 728 3194 Dasein zu führen.
1432 3144 2507 3209 Schnitzler hat diese beiden sehr sinnig ihrem innersten
406 3160 1412 3232 Vom toten Ersten kehrt sie zum lebenden Zweiten
1426 3171 2496 3246 Wesen nach Freunde sein lassen, die einer den
333 3195 796 3280 zurück, zum Herzog.
784 3227 1421 3286 Sie will, nach dem Grund
1421 3218 2502 3284 andern suchen, um sich erst dann zu finden, als der
332 3265 1408 3324 ihrer langen Abwesenheit befragt, das ihr heilige
1429 3273 2491 3327 Lebenskräftigere, der Herzog, der soeben im Begriff
340 3300 1416 3371 Geheimnis der Zusammenkunft mit dem Dichter
1429 3311 2510 3365 steht, über seine Liebe zur Beatrice als über ein
341 3344 1408 3417 nicht verraten. Aber wiederum vom Tode bedroht,
1419 3355 2505 3425 nachdenkliches Erlebnis mehr hinwegzuschreiten, an
326 3396 1420 3453 wählt sie zum zweitenmal das Leben, das
1420 3403 2498 3470 der Leiche des Lebensschwächeren, des Dichters,
340 3435 1406 3500 sie diesmal nur durch die Preisgebung des Myste¬
1429 3449 2505 3513 stehen muß, der gerade an eben dieser Liebe
327 3483 1411 3560 riums der letzten Stunden mit dem Dichter erkaufen
1427 3487 1987 3549 zugrunde gegangen ist.
2006 3476 2496 3554 Beide scheinen von
340 3521 481 3584 runn.
1425 3529 2503 3596 zwei verschiedenen Polen herzukommen: Der Dichter,
400 3550 1413 3622 Der letzte Akt führt den Herzog in des Dichters
1423 3586 2494 3638 der ewig auf der Suche nach dem Ideale ist und
337 3608 1423 3666 Haus. Beatrice, grauend vor all den Greueln, die
1433 3623 2498 3687 schließlich daran stirbt, es nicht zu finden;
335 3656 1411 3723 sie unwissend angerichtet, wird durch einen wohliätigen
1417 3668 2498 3725 der Herzog, der Mann der entschlossenen Tat, der
339 3706 1410 3763 Dolchstoß ihres Bruders getötet. Der Herzog läßt
1423 3710 2498 3767 nicht lange sucht, sondern zugreift, in dem aus einer
333 3748 1417 3812 Beatrice und den Dichter würdig bestatten und
1417 3749 2493 3814 langen Erfahrung ihm zugereiften Bewußtsein, daß
336 3778 1026 3867 schreitet in den Kampf der Zeit.
1420 3805 2361 3850 noch so langes Wägen doch ein Wagen bleibt.
2349 3802 2498 3874 Der
1425 3829 2501 3915 Dichter Filippo ist der Skeptiker des Alles oder
398 3847 1407 3939 Was war dieses Leben, was war dieses Weib?
1424 3883 2491 3945 Nichts, der das Dasein schilt, weil es seinen Träumen
325 3902 1404 3986 Liebte sie den Herzog, liebte sie den Dichter? Betrog
1421 3932 2494 3988 nicht entspricht, der es zu verwerfen glaubt, während
342 3968 1413 4022 sie diesen, als sie von jenem träumte, verriet sie
1424 3977 2494 4026 er sich selbst ihm im Grunde unterwirft. Der Herzog
326 4023 2509 4085 genen, als sie ihn um dieses willen verließ? Log sie, ist der Skeptiker, der sich abfindet mit seinen!
2525 171 3317 230 was sie findet, einen Dichter und einen
2513 215 3311 270 Männer wollen nach ihren anfänglich
2524 257 3314 318 ihr alles sein, sie ganz besitzen, sie g#
2518 305 3318 356 sie ist zufrieden mit dem, was da ist,
2521 351 3319 418 ihr gerade jeder gibt. Das ist ihre
2522 389 3301 440 Minderwertigkeit ist ihre Überlegenheit.
2518 431 3313 499 der Herzog sie in diesem ihrem Wesen
2512 474 3210 547 ist er endgültig über sie hinaus:
2734 527 3206 592 wir nannten Dein Tun
2653 560 3330 653 Betrug und Frevel und Du warst e
2586 626 3317 695 Erst jetzt ist er der Überlegene, der
2521 670 3330 750 wie frischen Morgenlüften, wie neuem Lei
2523 727 3049 802 Höhen entgegenschreitet:
2666 778 3302 837 Das Leben ist die Fülle, nicht die
2674 821 3315 902 Und noch der nächste Augenblick ist
2586 913 3327 984 Die drei Gestalten der Beatrice, des
2518 968 3307 1019 des Dichters sind in Schnitzlers Stück
2516 1008 3317 1075 herausgearbeitet. Sie sind in ihrer g
2514 1040 3317 1117 und Charakteristik nicht bloß „gewollt“,
2520 1095 3324 1152 „gekonnt“. Sie sind es so sehr, daß d
2526 1144 3310 1216 Freund dieses Werkes wünschen muß,
2518 1194 3256 1258 vielfach unbedeutenden Gewirr
2515 1217 3338 1294 breiten Szenen, des angeblichen Ren
2524 1271 3325 1326 Bologneser Treibens herausgeschält
2523 1319 3305 1370 Dann erst würde dieses Stück so hell
2518 1358 3321 1422 es verdient und wirklich als Schnitzlers
2517 1410 3329 1464 stehen. Fast jeder Zug verrät den fein
2510 1449 3313 1510 künstlerisch klüger und weitsichtiger ist
2517 1500 3334 1557 mann und Sudermann zusemmengen
2526 1530 3334 1596 nur des sozusagen brutalen und dumpfen
2527 1587 3281 1634 Urdranges des letzteren und der
2527 1627 3330 1695 der reichen, spielerischen Menschlichkeit
2520 1677 3264 1734 entbehrt. Die Verse sind von
2520 1703 3301 1778 klugen Ruhe, die den Gedanken
2524 1742 3328 1824 restlos durchformt, wie es weder Ha#
2508 1804 3325 1880 „Sudermann kann, ohne konventionell
2521 1855 3321 1907 ohne Banalität, ohne den ganzen Prast
2525 1892 3328 1960 Jambenfloskeln, bei dem man sich vor
2513 1924 3327 2010 Ohren zuhält. Es sind Schnitzlersche
2517 1978 3321 2040 hat nirgend das Gefühl, wie heute b
2527 2030 3306 2078 Versstücken, daß Schlegel=Baudissins
2524 2069 3311 2135 hat Pate stehen müssen. Vielleicht ist
2533 2115 3325 2194 „nächster Augenblick“ nicht mehr weit.
3132 2161 3323 2222 Paul¬
