3248 4256
2006 195 2447 285 box 20/1
335 198 1895 297 14. Der Schleien derReatrice
625 836 726 896 urf
643 884 761 957 M
1071 877 1259 964 S
1340 880 1616 971 S
1918 917 1974 981 1
1722 968 2881 1033 Tage später dem Burgtheater, nebst seinem prinzipiellen Ein¬
901 846 1410 1050 Ventleten.
2888 975 3264 1049 kann glückich werden
1726 997 2885 1083 verständniß zu Strichen und Aenderungen, das gewünschte Recht
2894 1029 3264 1092 bisherige Thätigkeit
1317 1020 1725 1106 (Nachdruck verboten.)
1724 1049 2886 1114 der Erstaufführung und erbat, wie sich das in solchen Fällen von
2888 1061 3265 1129 theater seinen dorti
1730 1091 2889 1159 selbst versteht, einen Aufführungstermin, vor Allem aber, behnfs
793 1084 1509 1174 Der Fall Schleuther.
2883 1109 3262 1166 Zukunft Veranlassun
1727 1128 2893 1199 Erl=digung der zur Darstellung des Werkes nöthigen Besetzungs¬
2888 1149 3251 1214 sich zu einem Einspr
636 1124 1727 1219 In Wien ist ein Streit ausgebrochen, der weder mit der
1716 1165 2882 1233 und Aenderungsfragen, eine baldige Unterredung mit dem
2883 1175 3252 1252 dem künstserischen, st
557 1171 1726 1258 Reichs=, noch mit der kommunalen Politik etwas zu schaffen hat,
1716 1207 2887 1271 Direktor. Vier Monate lang blieb Arthur Schnitzler auf dieses
557 1223 1726 1303 und dennoch die Stadt in Athem hält. Die Direktion des Burg¬
2886 1228 3249 1283 Der kümmert uns
1719 1250 2887 1307 in der Zwischenzeit erneuerte Ansuchen ohne Antwort, mit
547 1260 1716 1327 theaters hat nach langem Schwanken das neueste Werk eines der
2886 1270 3255 1326 Wiener und wir n
1720 1283 2882 1357 Ausnahme einer einzigen, erst Anfangs Juni eingelangten Karte,
2882 1299 3252 1366 Dr. Schleither nach
552 1296 1718 1370 „Jungen“ abgelehnt, und darob ist heiße Fehde entbrannt. Die
1723 1322 2889 1406 in welcher der Direktor mittheilt, er werde sich „dieser Tage zum
553 1336 1708 1411 besten Namen der Wiener Kritik und dramatischen Produktion haben
2883 1343 3262 1396 der höchsten Stellur
1723 1364 2888 1433 dritten Male an das Studium des Stückes machen“, und den
549 1387 1717 1443 sich zusammengethan, um einen slammenden Protest gegen das Vor¬
2882 1377 3251 1449 einem der exponirtest
1714 1398 2876 1469 Autor ersucht, „seine hart auf die Probe gestellte Geduld noch
554 1420 1720 1493 gehen der Direktion zu unterzeichnen und in sämmtlichen Wiener
2879 1418 3265 1485 muß er sich's woh
1717 1443 2882 1510 einige Tage laufen zu lassen“. Erst am 18. Juni erhielt Arthur
548 1465 1720 1534 Blättern prangt dieses Dokument mit trotziger Ausführlichkeit an
2882 1464 3251 1520 nicht leide mögen,
1720 1478 2882 1547 Schnitzler ein Schreiben des Direktors, worin dieser nunmehr Be¬
539 1492 980 1554 hervorragender Stelle,
2870 1489 3256 1559 Berliner, um von sei
959 1502 1720 1567 — der Parlamentsauflösung, der China¬
1708 1518 2874 1587 denken gegen die Erfolgsmöglichkeit des Stückes erhebt und nach
539 1530 1717 1610 krise und alles Andern ungeachtet, was sonst die Welt bewegt. Die
2874 1540 3256 1592 wir den Protest der
1714 1557 2876 1630 ausführlicher Darlegung derselben dem Verfasser proponirt: „Warten
540 1573 1722 1643 Salons, die Cafés am Donaustrande hallen wieder von dem Klirren
2870 1582 3252 1645 legenen Lächeln abth
1717 1592 2876 1666 bis zum Frühjahr! Sehen, wie dann die Konstellation am Burg¬
2875 1612 3252 1677 ins Gesicht. „Wir e
541 1616 1713 1681 dieses Waffengangs. Mit dem „Schleier der Beatrice“ — so
1716 1636 2881 1710 theater ist.“ Das vier Monate inne gehabte Recht der ersten Aufführung
543 1648 1059 1714 heißt das abgelehnte Stück
2869 1653 3264 1716 Interesse der Autorit
1095 1652 1709 1725 hat sich Vindobona (ist man ver¬
1717 1670 2876 1750 wurde in diesem Schreiben zurückgelegt mit dem Beisatze: „Ich
2864 1695 3263 1752 boten, daß sein in 2
541 1687 1716 1762 sucht zu sagen) das Haupt verhüllt, und für den Augenblick
1708 1714 2873 1773 müßte es mir selbstverständlich gefallen lassen, daß eventuell
2873 1727 3265 1793 einer gensssen Verlä
532 1725 1710 1797 vermag der Fremde auf ihrem Antlitz nichts zu sehen,
1706 1751 2875 1828 Berlin oder München vorangehen.“ Diese für das Schicksal des
538 1771 1706 1832 als diesen Schicksalsschleier. Phäakenstadt! So sehr ist der Spott
2868 1772 3257 1840 Wort einer gewissen
1711 1797 2872 1870 Stückes so wichtigen Eröffnungen entzogen sich eben durch den
536 1808 1708 1879 dem Berliner zur zweiten Natur geworden, daß er, wenn man ihm
2865 1810 3255 1871 Deutschlaßd viel, vie
1711 1826 2873 1899 Umstand, daß sie erst knapp vor Eintritt der Ferien an den Ver¬
2878 1856 3264 1910 Hat denn Herr Direk
542 1856 1710 1918 zusetzt, oft selber nicht weiß, warum er eigentlich spottet. So viel
1706 1867 2864 1943 fasser gelangten, einer sachgemäßen Entgegnung, weshalb Herr
2865 1900 3264 1957 zum Doktor aufwucht
542 1882 1710 1959 Lärm um ein abgelehntes Theaterstück! Aber ist es wirklich nur
1714 1907 2866 1979 Arthur Schnitzler erst zu Beginn des neuen, gegenwärtigen Spiel¬
2944 1932 3264 1985 Leidg aber ist es
545 1929 1710 1996 ein bischen Theaterstück, um das es sich handelt? Vielleicht wird
1709 1947 2864 2018 jahres an die Direktion des Burgtheaters einen Brief richtete, in
2865 1953 3264 2030 Dritten, sei er auch
533 1964 1708 2033 uns der Spott bei näherer Betrachtung vergehen, und am Ende
1712 1992 2864 2055 welchem er im Zusammenhalte der beiden ihm vermittelten Be¬
2869 2008 3262 2067 Verhältnissen gar nich
539 2012 1704 2076 passirt es uns noch, daß wir uns nicht Wiener, sondern Berliner
1700 2022 2865 2100 scheide vom 13. Februar und vom 17. Juni die Anfrage stellte, ob
539 2043 1711 2114 Bluts zu schämen haben. Aus das wäre möglich. Sehen wir zu.
2868 2054 3263 2110 Sachverhiltes ergebei
1714 2067 2928 2139 sein Stück innerhalb der jetzt laufenden Saison, also über den die
614 2083 1704 2152 Zu Ansang des Dezember 1899 reichte der Wiener Antor
2917 2089 3263 2143 e wir eeinst Herrn
1709 2106 2871 2180 proponirten Zeitpunkt der zu erwartenden „Konstellation“ hinaus,
2863 2124 3263 2182 Wiener den Herra D
526 2121 1707 2181 Arthur Schnitzter, den wir unsern Lesern nicht erst vorzustellen
1701 2130 2863 2199 angenommen sei oder nicht. Auf dieses Schreiben vom 1. Sep¬
2862 2166 3258 2219 Sträußchen zu pflücken
529 2155 1697 2211 brauchen, sein eben vollendetes Drama „Der Schleier der Beatrice“
1703 2179 2869 2242 tember erfloß am folgenden Tage vom Herrn Direktor Dr. Paul
534 2204 1696 2270 warm, wie es war, das heißt noch in Manuskriptform, dem Burg¬
2859 2208 3261 2264 im Wortlpute reprodu
1707 2213 2367 2281 Schlenther ein ablehnender Bescheid.
2867 2248 3256 2309 vor dem Deutschen 2
531 2235 1700 2306 Theater ein, an dessen Spitze seit Jahr und Tag bekanntlich unser
1775 2255 2865 2331 Das ist der Sachverhalt und wir denken, schon dieser allein,
2860 2288 3243 2341 ohne Kainz [Kainz,
526 2287 1698 2346 lieber Landsmann und engerer Exkollege, Herr Dr. Paul Schleuther,
1702 2273 2865 2368 schlicht nacherzählt, wie's eine ira et studio der Protest der
2853 2319 3258 2378 genommen hat!) und
532 2329 1704 2387 steht. Dr. Schleuther erhob nach der ersten Lesung des Stückes
1702 2341 2858 2404 Wiener Schriftsteller thut, muß genügen, uns das spöttische Lächeln
2857 2360 3256 2416 ist.“ Es giebt in un
531 2357 1703 2411 keinerlei Bedenken gegen dasselbe, trug vielmehr eigenhändig eine
1694 2383 2862 2437 von den Lippen zu scheuchen, mit dem wir die Wiener bedenken
2853 2394 3262 2456 zu bezeichnen, deisen
529 2393 1698 2465 provisorische Rollenbesetzung ins Manuskript ein und nahm im
1691 2409 2859 2482 wollten. Es ist doch mehr als bloß ein bischen Theaterstück, das
2865 2436 3257 2500 gemacht hat: Feloni
521 2432 1702 2489 Hinblick auf die geplante Aufführung einige Streichungen vor.
1688 2454 2869 2512 da auf dem Spiele steht. Herr Direktor Dr. Paul Schlenther hat
2865 2473 3248 2543 Deutschen Theater
517 2478 1701 2533 Bei einer bald darauf erfolgten Begegnung dankte Herr Direktor
1692 2489 2863 2557 mit dem Rufe, der ihn von dem Berliner Redaktionsstuhle fort an
2859 2502 3248 2586 einst mit Leib 1
526 2516 1691 2578 Schleuther dem Verfasser noch mündlich für die Uebersendung des
1691 2529 2860 2613 die vornehmste Stätte deutscher Bühnenkunst holte, doch zugleich
2851 2543 3129 2612 nicht geung
524 2543 1686 2616 Stückes, und beiläufig sechs Wochen später empfing Arthur
3148 2558 3242 2614 in
1686 2559 2737 2651 auch die moralische Verpflichtung angenommen,
2717 2585 2862 2637 seiner
2851 2582 3250 2648 sich aneignen korte,
521 2593 1702 2668 Schnitzler unterm Datum des 13. Februar 1900 nachstehenden
1692 2611 2855 2681 Heimath und seiner Vergangenheit Ehre zu machen. Inwieweit
2852 2630 3258 2699 und sich das Piedesta
514 2622 1699 2697 Brief von der eigenen Hand des Herrn Direktors Dr. Paul
1689 2648 2861 2728 er das auf künstlerischem Felde gethan hat, muß dahingestellt
2859 2673 3261 2730 erschauten, die ihn n
527 2669 1692 2720 Schleuther: „Lieber Dr. Schnitzler! Anbei das Resultat meiner
1686 2683 1870 2736 bleiben.
1850 2691 1906 2739 1
1876 2695 2861 2750 Wir hier in Berlin hätten uns überbaupt nie
2855 2703 3254 2768 entblödet sich nicht, di
514 2707 1690 2773 ersten flüchtigen Durcharbeitung. Nicht alle meine Striche sind
1686 2727 2861 2792 träumen lassen, daß Herr Dr. Paul Schlenther, wie sehr wir ihn
2858 2751 3263 2806 stolz sein hieß, die St
511 2744 1696 2800 mir selbst schon zweifelsohne. Am strittigsten wohl die Weglassung
1685 2772 2853 2825 auch als Kritiker schätzen mochten, das Zeug zu einem Theater¬
2854 2783 3262 2839 der Triumphe des De
508 2783 1696 2867 des Andrea. Freundschaftlich warnen möchte ich Sie vor dem
1684 2811 2849 2861 direktor, besonders aber zu einem Burgtheaterdirektor in sich trage.
2848 2825 3250 2884 ziehen? Und, was das
509 2823 1688 2888 Deutschen Theater, das bei seinem jetzigen Personal, ohne Kainz
1688 2847 2859 2910 Allein nemo propheta in patria, und wir geben ja zu, daß
2844 2858 3262 2917 statt wie ein Mann m
517 2865 1692 2916 und Sorma, der Riesenaufgabe nicht gewachsen ist. Uebrigens
1692 2883 2857 2953 Fernerstehende den Werth eines Menschen, dem wir selber zu nahe
2851 2903 3263 2957 nur Dank dem beleid
511 2904 1683 2973 würde ich die Erstaufführung am Burgtheater zur Vorbedingung
1695 2920 2847 2986 stehen, um seine Größe voll ermessen zu können, oft viel besser er¬
2853 2939 3262 3005 von Rittern der Feder
514 2933 1682 3000 der Annahme machen. Ich glaube, nur das Burgtheater kann
1690 2962 2849 3031 fassen als wir, obgleich dann freilich dieser Erfahrungssatz auch
2854 2984 3249 3040 einer ist, aus Licht der
517 2983 1679 3046 dieses Stück spielen. In Berlin allenfalls die Hofhühne. Filippo
1677 3000 2852 3048 uns zu Gute kommen und man umgekehrt uns gestatten
2849 3027 3264 3092 ist noch gar nicht das
517 3018 1679 3087 Christians, Herzog Matkowski, Beatrice Poppe. Unsere relativ beste
1684 3041 2846 3105 müßte, jetzt von den Leistungen des Herrn Direktors
2837 3059 3191 3115 das besser paßt ..
520 3058 1688 3129 Beatrice wäre doch wohl Fräulein Witt. Mit'herzlichem Gruß 2c. 2c.“
1683 3075 2760 3158 Schleuther im fernen Wien eine geriugere Meinung
2845 3088 3264 3172 Grenze unseres Shrach
509 3099 3152 3158 In Erwiderung darauf ertheilte Herr Arthur Schnitzler wenige haben als die, die ihn dort unterstützen. Jeder aberSchweigen...
820 3358 1317 3481 Gettieko
1448 3305 1996 3496 pa
