3484 4384
192 2804 265 2877 11
344 292 1862 407 14. Der Schleier der Beatrice
1979 299 2448 396 box 20/1
604 905 1049 1013 Telefon 12801.
213 991 1500 1112 ex. Weigl’s Unternehmen für Zeitungs-Ausschnitte
1167 1084 1344 1147 Ausschnitt
223 998 390 1185 02
454 987 1124 1226 „Obsrnver¬
1165 1097 1496 1232 Nr. 52
214 1210 1556 1320 r. behördl. conc. Burean für Zeitungsberichte u. Personalnachrichten
251 1287 1392 1372 Wien. IX Türkenstrasse 17.
471 1355 1159 1459 Filiale in Budapest: „Figyelé“ —
204 1445 1538 1536 ungen in Berlin. Chicago, Genf, London, Newyork, Paris, Rom, Stockholm.
214 1504 1315 1698 Sschnitt aus PUülisches Holksplott. Nel-paet
214 1667 546 1782 X%1%
303 1874 658 1960 Augelraupen ist.
1272 1881 2759 1966 sen S#  rungrehennrher
308 1942 570 2006 Geennenteeerenree
802 1937 927 2003 Anetenrnteren
1029 1920 1234 2016 mun munnmr mchchteregen
1797 1952 2313 2014 e
2529 1929 3395 2036 anmengerseenmeemmmngmmmereerhere e
1280 1989 3397 2080 weiter und benützt seine Freiloge, so lange ihm die= Geschäftsverkehr mit dem Bühnenschriftsteller Ein¬
397 1992 1231 2086 Wiener Hoftheatergeschichten.
1307 2030 1941 2113 selbe von Gott beschieden ist.
2329 2030 3398 2122 richtungen, die es begreiflich erscheinen lassen, daß
414 2064 1207 2149 (Orkginal=Feullleton des „Polltischen Volksblattes“.)
1422 2078 2364 2157 Dieses Repräsentationsamt, welches einem leb¬
2341 2085 3398 2173 die Autoren gern dem Burgtheater ausweichen und
393 2115 1335 2207 Man spricht wieder einmal vom Wiener Burg¬
1313 2112 3395 2204 haften Geschäftsgang mitunter sehr im Wege ist, soll sich den Privattheatern zuwenden, wo man ihnen
277 2160 1330 2232 theater. Das ist jetzt selten der Fall. Das Burg¬
1314 2176 2355 2241 aufgelassen werden. Das wird dem Generalintendan¬
2356 2179 3406 2248 entgegenkommt, wie man heutzutage eben einem
279 2223 1332 2282 itheater ist mit jenen braven Frauen zu vergleichen,
1312 2221 3041 2284 ten unangenehm sein und seinem geschäftsführenden Autor entgegenkommt, und wo
3114 2228 3392 2297 unter allen
283 2265 1336 2331 von denen man nichts redet, die aber auch gar nicht
1323 2268 3397 2343 Hofrath Herrn v. Wlassack. Das Amt wird aber weiter Umständen auf reichere Erträgnisse für ihre Arbeit
2346 2308 2689 2383 frechnen können.
285 2313 2352 2373 interessant sind. Die neuen, modernen Bühnen haben keine Lücke zurücklassen. Denn, wie gesagt, Herr
277 2359 2366 2412 das Burgtheater in den Hintergrund gedrängt. Zeit= v. Plappart thut Niemandem etwas. Man will sogar
2447 2363 3382 2436 Zunächst ist der Geschäftsverkehr im Burgtheater
272 2410 3383 2474 weilig merken die Machthaber, wie wenig man sich wissen, daß er speziell darüber gekränkt ist, daß ein sehr schwerfälliger und die Hoftheaterbehörden
280 2444 2354 2505 mit dem einstmals so verühmten Theater befaßt, sie Direktor Mahler diese Instanz schon heute sehr oft
2340 2452 3393 2507 verrathen dem Autor gegenüber oft eine lächerliche
285 2486 2363 2550 fühlen, daß das Burgtheater sich allgemach überlebt. als nicht existirend betrachtet und kurzweg mit dem
2351 2499 3396 2561 Enaherzigkeit. Ein Theater, welches einzelnen Dar¬
293 2526 2360 2583 Sie suchen dann nach den Ursachen, ohne sie zu Obersthofmeisteramte direkt verkehrt. Direktor Schlen¬
2343 2540 3389 2619 stellern Jahresbezüge von 52,000 Kronen gewährt,
1315 2583 2356 2639 ther vom Burgtheater, der Mann ohne Nerven, hält
281 2573 1326 2635 finden. Man plant Reformen, die nicht durchgeführt
2351 2581 3388 2658 entzieht sich einem Autor gegenüber der Zahlungs¬
279 2614 1328 2672 werden und die meines Erachtens auch keine Aende¬
1311 2611 3386 2699 immer sehr bedächtig die Formen ein. Er will nir= verpflichtung von 300 Kronen. Ein solcher Fall ist
1314 2662 2351 2724 gends hin verstoßen. Vielleicht wird er auch jetzt
269 2664 1329 2722 rung bringen würden. Eine Reform, die schon seit
2342 2669 2988 2740 diese Woche bekannt geworden.
1311 2694 2356 2773 mehr Rückgrat haben. Die Zeit des Provisoriums ist
276 2714 1328 2763 längerer Zeit das Obersthofmeisteramt beschäftigt, ist
2441 2714 3379 2780 In jedem Theater hängt der Autor lediglich
1317 2752 2354 2810 für ihn abgelaufen, Dr. Schlenther ist seit einigen
272 2748 1317 2814 die Auflassung der Generalintendanz. Es gibt auch
2336 2777 3385 2844 vom Direktor ab der über die Annahme des Stückes
1322 2795 2352 2856 Tagen definitiver Direktor. Wenn sie ihn heute fort¬
276 2802 1321 2871 nichts Ueberflüssigeres, als so ein Theaterintendant.
2330 2812 3376 2877 entscheidet. Im Burgtheeter hat nach dem Direktor
1312 2823 2361 2911 schicken wollen, müssen sie ihm 8000 Kronen Pension
280 2836 1325 2902 Wenigstens in Wien. Der Intendant ist blos eine
2336 2861 3374 2927 der Intendant ein Wort mitzusprechen. Derselbe
1314 2885 2344 2953 bezahlen. Es kann ihm also nichts mehr geschehen.
269 2886 1333 2958 Zwischenbehörde. Eine Art Expeditor mit dem
2341 2906 3382 2975 Intendant der sonst so viel wie nichts mitzureden
290 2929 1335 2998 Exzellenztitel. Er befördert die eingelangten Zu¬
1410 2940 3373 3016 Es ist aber nicht abzusehen, welche Wirkung hat, kann die Annahme eines Stückes illusorisch
282 2971 1319 3021 schriften der beiden Hoftheaterdirektoren an das Oberst¬
1305 2956 3372 3043 die Auflassung der Generalintendanz auf das Gedei= machen, oder fördern. Dann kommt die oberste Hof¬
290 3016 1316 3079 hofmeisteramt. Fürst Liechtenstein, der charmante Chef
1312 3025 2354 3087 hen des Burgtheaters haben soll. Hier müßten andere
2342 3036 3376 3110 theaterbehörde, die natürlich das entscheidende Wort
284 3056 1272 3126 des Obersthofmeisteramtes, oder Hofrath Weischel-
1298 3069 3381 3141 Faktoren eingreifen, sonst schläft das Burgtheater führt. So kam es, daß #ur Schnitzler, wohl
277 3100 1318 3172 sein Adlatus — erledigen alle Fragen der Hoftheater.
1304 3110 3375 3193 mit seiner großen Tradition ein. Aus der großen der namhafteste der lebenden Bühnenschriftsteller in
289 3156 1322 3221 Jede Kleinigkeit muß zu ihnen gelangen, es wäre
1315 3158 3367 3230 Zeit sind nur mehr Wenige da, von den Neuen zählen Oesterreich, vor einigen Monaten vom Direktor zur
275 3194 3375 3248 denn, daß es sich um eine Sache handelt, die der jnur Kainz und die Medelßty. Das Burgtheater geht Aufführung angenommen und jetzt, vier Monate#
275 3248 3371 3310 Direktor in der eigenen Machtsphäre erledigen darf. vielleicht weniger zurück als es stehen geblieben ist. später, abgelehnt wurde. So etwas ist natürlich auch
281 3275 1326 3332 Der Intendant ist also in Wien der überflüssigste
1405 3294 2347 3356 Ich halie den Dr. Schlenther nicht einmal für
2338 3279 3380 3363 nur im Burgtheater möglich. Dieses Theater ver¬
277 3332 1319 3395 Mensch. Das liegt auch wohl schon darin ausgedrückt,
1316 3319 2338 3389 einen so schlechten Direktor als es die Anderen thun.
2338 3343 3368 3409 pflichtet sich nämlich dem Autor gegenüber nie zu
270 3363 2348 3426 daß der Intendant in Wien keine Gage bezieht. Es Er hat nur zu kaltes Blut. Da gehört eine impulsive
2342 3380 3376 3446 etwas. Man nimmt sein Stück an und der Autor
283 3417 3363 3481 ist eine Stellung, die mit einer Loge in den Hof=Natur hinein, wie es Direktor Mahler ist, ein Feuer=unterfertigt einen Revers, daß er mit dem ihm ges
283 3451 3364 3530 theatern und eigener Equipage dotirt wird. Der der= geist, der den Muth hat, Alles auf den Kopf zu währten Tantiemensatz einverstanden ist, sowie mit
278 3493 3378 3585 zeitige Generalintendant, Herr v. Plappart, füllt stellen und sich nicht bei jeder Aktion von der Rücksicht derzvierteljährigen Abrechnung. Er erhält aber keinerlei
277 3550 1318 3615 seine Stellung sehr klug aus. Er redet gar nichts
1308 3547 3375 3622 leiten läßt, ob das vielleicht seine Position gefährden schriftliche Zusicherung. Die Aufführung ist immer
278 3592 1339 3655 darein. Er begnügt sich damit, seine Position blos
1311 3592 3386 3677 könnte. Im Burgtheater haftet allen Einrichtungen ein Gnadenakt. So ist das wahrscheinlich vor hundert
279 3632 3368 3697 zu markiren. Herr v. Plappart erscheint bei den noch das vormärzliche Zöpschen an. Ein so prunk= Jahren gewesen, als der Autor devotest vor den
274 3678 3374 3742 Generalproben, Premièren und Debuts, läßt sich volles Haus und in demselben ein greisenhafter Thüren der hohen Herren den Rücken krümmte, und
277 3727 2728 3793 über Alles unterrichten, rapportirt submissest Organismus. Da existiren zum Beispiel für den so ist es geblieben.
