3484 4256
906 285 2014 375 74% Berlin, 8. Maiz. Theaterorief. Arthur Schnitzlers
832 310 2009 413 Schauspiel Der Schleier der Beatrice, das vom Wiener Burg¬
830 360 2001 438 theater erst angenommen und dann zurückgewiesen wurde, hat gestern
822 394 1999 488 im Deutschen Theater seine erste Aufführung erlebt. Ein glücklicher
823 440 1999 517 Ritt ins romantische Land ist dieses Stück, ins romantische Land der
827 475 2000 549 italienischen Renaissance, wo man so ungezwungen in bunten Kostümen
817 521 2012 606 schwelgen kann und wo sich die Galanterie schöner Frauen so harmonisch
817 563 1998 647 zur degenklirrenden Ritterlichkeit stolzer Männer gesellt. Merkwürdig,
809 593 1994 674 welche Anziehungskraft das Cinquecento jetzt auf die Dichterei übt.
816 620 2003 696 Auch Maeterlinck nahm sich das Zeitalter zum Hintergrund für seine
816 661 1993 740 Monna Vanna, von anderen Geringeren zu schweigen. Aber den
803 705 1989 792 tieferen geistigen Inhalt der italienischen Renaissance hat uns noch
809 735 1990 827 kein dramatischer Dichter vollkommen offenbart. Es ist auch schwer, sehr
807 786 1995 867 schwer. Mit einem Dutzend Namen auf ini, omi, io oder otti, mit
797 818 1994 905 Maskenballkostümen unv schiefen Türmen auf dem Prospekt ist die
742 831 1984 930 F Sache jedenfalls nicht abgemacht. So bleibt immer der arge Ver¬
771 887 2143 1002 n dacht, der Dichter flüchte sich aus der leicht kontrolierbaren Gegenwart helnsire
779 940 2118 1027 ein paar Jahrhunderte zurück und einige Breitengrade südwärts ins sporto,
761 976 1975 1047 „ fonnige Italien, um unter dem Schutze der zeitlichen und räumlichen
768 1017 1964 1085 „ Entfernung ungestörter flunkern zu können. Hier ist das Milieu schon
1977 1022 2133 1080 ahlbar
785 1061 1973 1130 gegeben, das andere ehrlichere Dichter erst ersinnen müssen, man braucht
1984 1065 2156 1127 Voraus.
722 1080 1972 1174 Ab bann nur noch eine Handvoll Nobili hineinzustellen und sie auf ein¬
1987 1126 2169 1189 ist das
723 1128 2166 1232 Ab ander loszulassen. In unserem Falle ist es aber nicht ganz so schlimm, sit es den
792 1160 1973 1244 die Gestalten in diesem Stück atmen wirklich etwas vom Geiste der
1980 1215 2043 1266 1.
789 1187 1968 1283 Renaissance, es treibt in ihnen etwas von der Mischung aus feiner
703 1224 1964 1313 In Bildung, übermütiger Lebensfreude und keckem Raufboldentum jener
706 1280 1955 1352 h1 Zeit. Dafür aber enttäuscht der zu wenig folgerichtige Aufbau der
1968 1283 2163 1358 tend die
716 1320 1966 1405 2c., Handlung und das lose Aneinanderflechten der Szenen ohne zwingenden
1968 1335 2150 1391 orgen¬
701 1362 1969 1422 L61 Zusammenhang. Der Theaterzettel weist einen großen Schwarm von
1968 1377 2151 1435 Eeitung")
709 1408 1958 1476 tug Personen nach, die auch in einigen Massenszenen durcheinander
1969 1413 2149 1469 haftliche
785 1424 1959 1515 gewirbelt werden, aber nur drei davon halten das Interesse fest, die
1965 1454 2174 1514 ese Mit¬
776 1467 1962 1544 anderen schwirren wie Schatten vorüber. In der vom Feinde bedrängten
778 1499 1967 1575 Stadt Bologna spielen sich die Ereignisse ab. Der überall, namentlich!
782 1536 1957 1629 bei den Frauen wohlgelittene Dichter Filippo Loschi verliebt sich in
773 1576 1949 1663 die schöne Beatrice, eines simpeln Bürgers Tochter und läßt ihret¬
764 1629 1952 1708 willen seine Braut im Stiche. Das neue Glück hält aber nicht lange
777 1652 1952 1742 vor, der Dichter stößt das Mädchen wieder von sich, weil sie ihm harm¬
769 1689 1947 1772 los einen Traum erzählt, einen Mädchentraum: daß der Herzog von
763 1738 1958 1823 Bologna ihrer in verlaugender Liebe begehrt habe. Die verschmähte Braut
769 1769 1950 1861 will sich nun aus Verdruß dem ersten Besten vermählen und ist gerade mit
752 1815 1941 1904 diesem unterwegs zur Trauung, als der Herzog ihren Pfad kreuzt.
757 1842 1948 1941 Die Stadt erwartt am andern Morgen den entscheidenden Ansturm
753 1888 1938 1993 des Feindes, und ihr junger heißblütiger Herzog ist mit den Bürgern
752 1930 1931 2021 eines Sinnes, daß man die Stunden bis dahin noch auskosten müsse.
753 1958 1946 2065 Dabei soll ihm das schönste Mädchen Volognas Gesellschaft leisten,
751 2007 1964 2102 und das ist Beatrice. Aber nur als rechtmäßige Gattin will sie sich
975 2060 1092 2119 D
1665 2077 1803 2136 —.—
763 2112 1946 2183 ihm zu eigen geben und kurz entschlossen führt sie der Herzog vom
763 2149 1937 2215 Arm des Bräutigams weg zum Traualtar. Ein lustiges Hochzeitsfest
763 2192 1936 2255 wird für ganz Bologna ausgerüstet, alles schwelgt in dim Genuß des
768 2223 1949 2286 Augenblicks, unbekümmert um den Feind vor den Toren. Da ver¬
763 2264 1933 2332 schwindet Beatrice, noch angetan mit dem Brautschleier schleicht sie
806 2299 1928 2371 hevom=Feste fort zu ihrem geliebten Dichter. Eine vollkommen un¬
757 2348 1945 2409 motivierte Szene gipfelt nun in dem Selbstmord Filippos, er nimmt
740 2375 831 2437 „Gif
945 2378 1931 2450 Beatrice aber drängt zu sehr die Jugend, sie ist zu angst¬
965 2422 1951 2497 vor dem Tode, sie vermag dem Geli bteu nicht zu folgen,
996 2455 1932 2515 doch in ihrer wahnsinnigen Angst hat sie nicht gemerkt,
1004 2489 1928 2555 enden Hand ihr den Schleier von den Schult rn gezerrt
1025 2525 1941 2593 Schleier wird sie wieder vor den Herzog, ihren ange¬
1016 2576 1947 2629 gebracht. Der stößt sie von sich, weil sie nichts be¬
879 2592 1933 2670 will und hat sie schon dem Henker überantwortel, als die Angst
869 2638 1941 2704 em Tode Beatrice überwältigt und sie sich bereit erklärt, den
861 2682 1942 2745 gdahin zu führen, wo sie den Schleier gelassen hat. Im Halbdunkel
744 2716 1933 2781 der weichenden Nacht stehen beide im Zimmer Filippos, wo der Schleier
739 2747 1930 2819 liegt und hintr der Gardine zum Schlafgemach der tote Filippo. Es
751 2794 1928 2845 gibt ein langausgedehntes Hin und Her, Beatrice will den Herzog fort¬
751 2834 1933 2903 ziehen von dem Schreckensort, aber der Herzog besteht darauf, jetzt hier
746 2864 1946 2933 die Hochzeitsnacht zu verbringen. Da kommt mit dem hereinbrechenden
735 2910 1930 2975 Tag die furchtbare Entdeckung, der Herzog erblickt den Leichnam
740 2949 1926 3014 Filippos, er schüttelt Beatrice von sich ab und ihr Bruder, der
740 2989 1929 3038 mit andern inzwischen herbeigeeilt ist, volleudet die Sühne er ersticht
742 3009 1926 3081 das Mädchen. Das alles und dazu viel episodisches Beiwerk spielt
737 3061 1935 3121 sich in fünf langen Akten ab, deren Aufführung fast 3½ Stunden in
741 3105 1932 3163 Anspruch nimmt. Scharf herausgemeißelt ist nur die Figur der Beatrice,
729 3143 1921 3189 des lebenswarmen, glückhungrigen Mädchens, das plötzlich zur
736 3164 1729 3224 Liebe erwacht ist und hin und hergezerrt wird
1725 3191 1922 3238 von der
741 3210 1934 3275 Stimme ihres Herzens, die sie zu Filippo ruft und dem Mädchen¬
729 3254 1923 3316 traum, eine Fürstin zu werden, der sie zum Herzog lockt. Diesen
731 3293 1913 3343 Zwiespalt ihrer Seele büßt sie durch den Tod. Schade nur,
734 3321 1930 3382 daß der Dichter diese echt tragische Idee unter einem wüsten Gerank
734 3372 1927 3432 von Nebensächlichkeiten zu sehr versteckt hat. Die Aufnahme des
732 3400 1932 3469 Stückes, das in leichtflüssigen Jamben geschrieben ist und viele hoch¬
735 3444 1928 3515 poetische Schönheiten hat, war eine sehr geteilte, anfangs sogar kühl
739 3491 1925 3545 ablehnende. Dann stritt sich Beifall mit Zischen. Man muß das
741 3517 1924 3584 Premièrenpublikum im Deutschen Theater kennen, um diesen Streit zu
739 3552 1924 3601 begreifen. Es ist überfüttert mit übermodernem Geist und nimmt es
744 3597 1921 3657 übel, wenn ihm nicht die gewohnte Mahlzeit vorgesetzt wird. Hinter
740 3635 1917 3684 mir tröstet jemand nach dem ersten Fallen des Vorhangs seine Nach¬
740 3667 1924 3738 barin damit, daß er für den großen Zwischenakt im Restaurant zwei
727 3715 1915 3775 Koteletts mit Spargeln bestellt habe. — Die Darstellung wurde ge¬
732 3753 1909 3812 tragen durch die meisterhafte Leistung von Irene Triesch als Beatrice.
802 3796 1915 3853 = Vom Worte „Sport“. Man schreibt uns aus Münster:
733 3833 1919 3873 Ich lese in Nr. 179 der „Rhein.=Westf. Ztg.“, daß der gute Franzose
732 3853 1916 3934 Jusserand das englische Wort „sport“ auf eine altfranzösische
727 3902 1922 3965 Quelle und Abstammung zurückführen möchte. Demgegenüber möchte
732 3930 1916 4004 ich daran erinnern, daß bereits die germanischen Goten zurzeit des
737 3978 1912 4035 Bischofs Ulfilas (380 u. Chr.) ein Wort „spaürd“ (ad =o wie
734 4007 1895 4069 in Korn oder Horn) in ihrer Sprache hatten, das „Rennbahn“
738 4050 1906 4117 bedeutet und offenbar das Stammwort für das angelsächsische Sport
727 4093 813 4134 ist.
810 4092 1912 4167 Das gotische Wort trägt sogar schon die Beschränkung auf den
716 4124 1395 4195 eigentlichen Pferde=Rennsport in sich.
