3436 4448
188 155 2092 224 wie einer seiner Kammerherren scharssinnig an die Stelle dichterischer Wahrheit eine spielerische,
2096 123 3142 227 Seeneshen ennen en e en ene enschel
123 168 174 219 e
98 210 2094 275 erkt — wenn seine Sehnsucht nach Beatrice so frostige Dialektik. Man hört so oft von poetischer
2105 203 2835 278 beinahe — August Wilhelm Schlegel.
124 263 2092 330 wäre. Der Herzog hat sich vor seinen ehelichen Gerechtigkeit reden: Schnitzlers Stück beruht geradezu
2147 255 3129 331 Im Uebrigen behandelt Schnitzler die Sprache mit
108 306 2089 374 hten seiner stadtväterlichen Pflichten erinnert, hält auf poetischer Ungerechtigkeit. Filippo Loschi verstößt
2098 302 3144 377 nicht gewöhnlicher Sorgfalt und klugem Verständniß
108 365 2092 421 gsrath, entdeckt ein Complot seines Statthalters, Beatrice, weil sie „die Dirne ihres Traums“ geworden.
2092 357 3136 416 für ihre Wirkungen. Nach der scandirten Prosa des
87 408 2097 475 #ielt einen Anschlag des Borgia und hat, da ihn Die Frage bleibe aus dem Spiele, ob der Renaissance¬
2094 415 3138 471 „Paracelsus“ läßt der „Schleier“ eine ansehnliche
106 458 2093 515 Höfling vor der Herzogin warnt, die selbstgewisse Typus wirklich so überempfindsame Züge verträgt,
2098 459 3123 526 Steigerung des Formvermögens erkennen. Von Klang¬
97 503 2094 570 wort: Ihr hegt mehr Treu' als Klugheit. Bald ob da nicht am Ende der Literatur=Neurastheniker
2100 513 3135 562 mißbräuchen und sprachlichen Instrumentations=Effecten,
117 547 1063 609 er inne, daß sein Höfling mehr klug ist #s
1065 554 2096 605 von heute sich Costüme und Geberde jener Kraftzeit
2106 552 3131 609 wie sie von ein paar Gymnasiasten der Literatur in
117 605 2093 662 Herzogin treu. Er sucht und untersucht, wittert anmaßt. Genannter Filippo Loschi selbst ist aber sonst
2096 607 3131 656 die Mode gebracht wurden, bleibt Schnitzler durch sein
112 646 1063 712 neue Unthat Cäsars, nimmt Eltern und Schwester
1058 652 2083 712 recht derber Innenconstitution und gar nicht so delicat.
2095 650 3139 726 Talent und seine künstlerische Aufrichtigkeit bewahrt.
102 695 1056 753 Vermißten ins Verhör, jagt seine garden party
1063 705 2091 774 Er verläßt nach eigenem Geständniß seine Braut, weil
2092 707 3138 774 Ihm ist der Vers nicht die „süße Gewohnheit der
101 748 1050 805 kinander, legt jenem verrätherischen Statthalter den
1068 752 2084 812 sie ein Ansinnen zurückweist, welches an Realität
2095 757 3136 822 gebundenen Rede“ sondern der sachnothwendige Aus¬
120 803 1058 855 vor die Füße — das alles schafft ihm Beutrice
1059 801 2090 858 über die Möglichkeit eines Traumes und ein Abenteuer
2092 803 3135 858 druck des dramatischen Thatbestandes. Man muß nur
109 847 1055 914 . Und sie muß er haben; alles Andere, Bologna,
1060 856 2091 908 der Seelc erheblich hinausgeht. „Im Zorn versagter
2092 858 3141 912 bedauern, daß die Gestaltung der Form nicht mit
102 891 1055 973 drohende Schlacht, Cäsar Borgia ist ihm gleich¬
1051 907 2092 975 Lust“ bricht er einem edlen Weibe die Treue, und
2100 899 3135 969 jener des Stoffes gleichen Schritt hält. Schnitzler
151 941 1058 1019 worden in seiner unsäglichen Verwirrung.
1053 956 2081 1016 von dem Geschöpfe, das ihm vor der Stadt, bei Spiel
2101 955 3134 1016 leidet an Arhpthmie des dichterischen Pulses; die¬
123 1005 1051 1083 ganzes Leben preßt sich zusammen in die eine
1051 1007 2084 1071 und Tanz in den Weg läuft, fordert er Treue bis in
2090 1001 3139 1076 ser setzt völlig aus, wo man seine stärksten Leistungen
1038 1038 2079 1118 den Traum. Beatrice hält sie ihm bis in den Tod.
103 1049 536 1126 e: Wo ist Beatrice?
2088 1048 3129 1126 erwartet. So in der Orgie des vierten Auf¬
103 1084 1054 1172 ndlich! da ist sie. Sie sucht zuerst sich durch¬
1062 1105 2085 1163 Sie will mit ihrem Dichter sterben, weil ihre ganze
2096 1097 3129 1169 zuges. Die Glut, in der die Scene gedacht ist, wird
111 1157 1052 1214 herauszulügen. Da sieht der Herzog, daß der
2091 1157 3129 1219 mit ein paar dünnen Tupfen von der Makart=Palette
1054 1156 2093 1212 Seele nach ihm ringt. Mit dem Schleier, der zur
107 1214 2076 1273 ier fehlt. Neue Ausflüchte. Die Lebensfrage: wo Erde gleitet, ist alle Noth und aller Irrthum
2095 1205 3126 1265 bestritten und die Regierorschrift: Alles wirkt wie
95 1249 1061 1321 Beatrice? wird verdrängt durch die andere: wo
1051 1253 2076 1325 der Erde von ihr genommen. Sie will nur noch ein¬
2087 1259 3136 1344 Schattenbilder, scheint schließlich auf die Dichtung
83 1303 1055 1378 ser Schleier? Der Herzog will ihn mit ihr holen,
2096 1308 2387 1388 selbst gemünzt.
1046 1301 2082 1383 mal vereint mit dem Geliebten, Mund an Mund
93 1357 1049 1428 üsie ihn verlor. Und da sie sich dieses Ganges
2132 1336 3137 1409 In Schnitzlers Geistesart steht dem Mangel an
1048 1366 2084 1424 und Herz an Herzen, den jungen Morgen schauen,
87 1405 1040 1477 sdernd weigert, erklärt Lionardo sie des herzoa¬
2091 1399 3137 1473 Ursprünglichkeit ein außerordentlich entwickelter Sinn
1053 1404 2076 1463 und im ersten Aufglühen des Tages „soll's gethan
103 1442 1046 1515 Rangs verlustig und überliefert sie dem Ge¬
1047 1458 2078 1525 sein“. Und was bietet Filippo für die Innigkeit dieses
2087 1445 3125 1522 für die psychologische Enpirie entgegen oder vielleicht
109 1495 1042 1563 und Urtheil seines Hofes. Der Spruch lautet:
1048 1507 2084 1569 Frühlingsopfers? Eine Kostprobe des Todes. Das ist nicht
2090 1509 3139 1574 zur Seite. Alles, was Beobachtung voraussetzt, bohren¬
109 1551 1037 1612 durch's Schwert. Zum zweitenmal in dieser Nacht,
1045 1563 2076 1625 bloß unsittlich — die Anklage träfe nur den Helden
2085 1556 3129 1625 des Sicheinfühlen in seelische Zustände und ihre Gleich¬
101 1601 1052 1661 der Herzog selbst grauenvoll nennt, durchlebt
1074 1614 2079 1671 — das ist auch unwahr, und dieser Vorwurf trift den
2080 1609 3136 1683 gewichtstörungen, gelingt ihm vortrefflich. So möchte
91 1654 1047 1713 frice das Entsetzen der Sterbestunde. Sie klammert
2079 1660 3148 1730 es zu erklären sein, daß und warum Schnitzler als¬
1048 1656 2074 1711 Dichter. An Schnitzlers Beispiel läßt sich zeigen, daß die
95 1706 2071 1765 ans Leben: sie will den Schleier bringen, wenn wahre, die künstlerische Wahrheit nicht mit dem Meß¬
2077 1706 3136 1758 literarischer Typus Respect einflößt ohne Begeisterung.
89 1754 1053 1821 erzog mit ihr geht und schwört, dann nach
2094 1756 3130 1818 Er ist ein Mittelbarer. Innerhalb dieser Grenze seiner
1050 1746 2083 1818 apparate des Raisonnements zu erfassen ist und mit
104 1803 1048 1865 zu fragen. So kommen sie in Filippo's Haus.
1053 1802 3132 1860 der Gescheitheit des Alltags nichts zu schaffen haben Begabung bietet er eine Fülle von Anregung. So ist
91 1857 1044 1917 grice nimmt den Schleier auf und will gehen. Aber
2079 1851 3127 1917 seine Beatrice als Charakterstudie eine erstclassige
1048 1861 2086 1923 will. Schnitzler ist ein constructives Talent; seine
95 1902 1041 1967 Herzog hat nur geschworen, keine Frage zu thun, nicht
1044 1911 2087 1973 Probleme sind die eines mathematischen Kopfes, aber
2079 1897 3127 1967 Leistung. Sie verblüfft immer aufs neue durch den
108 1963 1033 2015 den Ort gleich wieder zu verlassen. Er will hier
1046 1957 3130 2016 gerade in ihrer scheinbaren Exactheit, ihrer posirten Reichthum des Beobachtungs=Materials, durch das reiz¬
94 2010 1037 2076 Tag erwarten. In Beatrice wächst die Angst.
2081 2009 3129 2063 voll bewegte Detail und durch eine Kenntniß der
1043 2010 2084 2059 Selbstverständlichkeit durchaus unkünstlerisch. Da ist
109 2057 1044 2111 Bitten den Gemahl nicht überreden, versucht
2079 2050 3128 2118 Frauennatur, wie sie in gleicher Feinheit und Tiefe
1046 2057 2079 2115 Alles zurechtgedacht, arrangirt, das Leben nicht durch
105 2097 1035 2161 s mit schmeichelnder Verführung: daheim er¬
2083 2109 3121 2162 heute nur noch bei Marcel Prévost zu finden ist.
1047 2113 2081 2176 ein Temperament geschant, sondern durch ein Ver¬
89 2152 1047 2219 len ihn ihre Küsse. Aber der Herzog hat anders
2084 2152 3122 2216 Beatrice Nardi stammt — und das ist kein schlechter
1059 2162 2066 2229 standesprisma zerlegt. Filteranlage statt Sturzgewässers.
94 2205 1035 2272 ossen: seine „wunderbare Hochzeit“ soll hier
1049 2223 2077 2279 Schnitzler componirt dramatische Schacufgaben, aber
2085 2203 3134 2267 Pedigree — von Rahel ab, der schönen Jüdin von
120 2254 1035 2321 ,wo Beatrice den Schleier ließ. Er hebt den
1052 2263 2034 2320 Schachbretter sind es nicht, die die Welt bedeuten.
2079 2258 3133 2328 Toledo. Gleich ihr ist sie eine Thörin, die sich zehnmal
91 2303 1042 2373 ang des Alkoven und erblickt Filippo's regungs¬
1100 2308 2067 2370 Daß dieser Calcul nicht eben immer Wahrscheinlichkeits¬
2076 2323 3112 2377 in jedem Athemzuge widerspricht, gleich ihr ein ver¬
103 2359 1041 2415 Körper. An ihm, dem Schänder seiner Ehre,
2080 2358 3118 2428 wöhnt, verwildert Mädchen, gleich ihr ein Traum nur
1052 2342 2080 2432 Rechnung ist, erweist sich an einem Angelpunkte der
95 2411 1036 2471 ler schlafend oder berauscht wähnt, rast er seine
2079 2417 3123 2475 einer Nacht. Auch von ihr gilt das Wort, daß sie alle
1053 2410 2076 2471 Handlung. Soll das Stück überhaupt Fortgang und
129 2457 1036 2531 aus in fürchterlicher Beschimpfung, bis er
2092 2465 3120 2521 Fehler dieser weiten Erde in sich vereint, und dann
1045 2463 2068 2527 Lösung finden, s) muß Beatrice von ihrem Gemahl
80 2504 1036 2571 int, daß ein Todter vor ihm liegt. Er wendet
2078 2510 3116 2587 jenes andere, das König Alphons der todten Geliebten,
1044 2513 2069 2572 zu ihrem Geliebten gehen. Es ist nicht anzunehmen,
97 2558 1035 2641 zu Beatrice: „Du hast's gewußt?“ Sie hat's
2137 2561 2977 2630 nicht einer geliebten Todten — nachruft:
1049 2563 2079 2625 daß Ersterer seine Zeit und seine Rechte so lässig
85 2609 182 2691 st.
1051 2611 2092 2670 nützt, um Ausflüge seiner Gattin möglich zu machen,
2176 2612 2846 2671 „Sie war die Wahrheit, ob verzerrt,
2179 2636 3001 2733 All, was sie that, ging aus aus ihrem Selbst,
1045 2664 2084 2720 die es bisher nur dem Namen nach ist. Man denke,
122 2639 950 2743 „Warum noch diese letzte Schmach, den Toten
2176 2704 2936 2770 Urplötzlich, unverhofft und ohne Beispiel.“
129 2708 585 2779 Mich schmäh'n zu lassen?
1050 2713 2078 2775 was der Herzog von Bologna sich's kosten ließ, in
413 2743 635 2819 Beatrice.
2121 2743 3126 2813 So deutet auch Filippo das Wesen Beatricens:
1035 2759 2071 2833 den Besitz des Weibes zu gelangen, das ihn ent¬
528 2773 1016 2856 „Ja, dies war die letzte.“
2073 2799 3120 2874 daß mit jedem Pulsschlag durch ihre Adern andere
1039 2823 2070 2874 zückt wie kein Weib zuvor. Er ahnt, daß diese
2081 2846 3115 2912 Wahrheit rinnt. Rahel wird einmal ein „albern
69 2819 1040 2913 #em Herzog sind zwei seiner Vertrauten gefolgt;
1041 2874 2066 2931 Nacht die letzte ist, die Borgia ihm läßt, und viel¬
2080 2905 3131 2974 spielend, thörichtweises Kind“ genannt. Und der Herzog
89 2902 1032 2953 lihnen kommt die Familie Nardi. Francesco und
1047 2916 2062 2978 leicht hat eben diese Ahnung ihn vermocht, eine
2072 2952 2881 3031 Lionardo sagt zu Beatrice und von ihr:
98 2950 1036 3015 a toben wider die Schwester, freilich aus ver¬
1055 2957 2076 3019 Sinnenlaune um so hohen Preis zu befriedigen.
92 2999 1048 3068 denen Gründen. Mutter Nardi will, daß Beatrice
2157 3006 2701 3066 „So nannten wir dein Thun
1052 3008 2080 3076 Daß er gerade den Augenblick, der ihm Erfüllung
2144 3026 3020 3128 Betrug und Frevel — und du warst ein Kind.“
85 3045 1043 3123 Herzog um Gnade für ihr Leben anflehe. Aber
1051 3059 2077 3124 seines Einnachts=Begehrens verheißt, den Staats¬
107 3102 1040 3161 hat Beatrice genug vom Leben. Sie ist müde,
2110 3083 3121 3171 Am Ende sind Rahel und Beatrice doch wieder
1045 3110 2076 3169 geschäften widmet, einen Verräther zum Tode ver¬
90 3143 1036 3220 üde wie nie auf Erden jemand war, so müde,
2080 3158 3123 3222 Triebe gleichen Erdreichs: die Eine so wenig von
1047 3165 2078 3224 dammt, da ihn selbst das Leben mit seinen
85 3200 1041 3267 gnichts mehr in ihr ist als Sehnsucht, wie Filippo
2078 3202 3124 3269 Toledo als die Andere von Bologna. Wenn Beatricens
1048 3210 2045 3270 mächtigsten Lauten ruft, ist eine — sagen wir —
81 3256 1045 3308 gen und fertig sein. Sie bittet den Herzog um
2086 3264 3111 3316 Schleier fällt, erscheint das wohlbekannte süße Mädel.
1044 3267 2072 3329 Gefälligkeit; vielleicht weniger für Filippo Loschi als
96 3303 1034 3359 Tod: „Ein Stich und Allen ward nach Willen.“
2081 3307 3120 3365 Decoration und Costüm thut nichts zur Sache. Ueber
1041 3310 2080 3366 für Arthur Schnitzler. Dieser braucht Beatricens
97 3351 1038 3408 da ihr der Herzog diese Gnade weigert, stürzt
2076 3356 3132 3442 das Bologna Schnitzlers streicht ein leiser, kühler
1045 3356 2071 3420 Besuch. Wie er ihn herbeiführt, ist typisch für seine
104 3408 1034 3457 cesco hervor und ersticht sie als Soldat und
2082 3410 2569 3482 Hauch vom Wienerwald.
1043 3416 2074 3478 dramatische Technik, deren Schwächen der Schleier
130 3450 1040 3509 Der Fürst hält dem todten Dichter und seiner
2116 3430 3121 3516 Das Stück zwingt zum Nachdenken, nicht so um
1049 3464 2071 3524 der Beatrice mehr verräth als verhüllt. Dazu kommt
94 3499 1042 3583 bten eine würdige Leichenrede. Beide sollen im
2071 3515 3127 3578 seiner selbst als um des Schicksals seiner Gattung
1043 3515 2069 3574 ein oft erstaunlicher Mangel an dramaturgischem Augen¬
110 3553 999 3617 egräbniß der Bentivogli ihre Ruhestatt finden.
2075 3553 3126 3630 willen. Dieses österreichische Renaissance=Drama weckt
1040 3562 2070 3632 maß. Mit dem Herzog ist Graf Andrea Fantuzzi
159 3607 888 3674 „Er liebte sie, er starb, weil er sie liebte,
2085 3611 3118 3670 die ernste Frage: ob für Oesterreich eine Renaissance
1053 3617 2074 3681 heimgekehrt. Er findet Verwüstung in seinem Hause:
155 3656 874 3720 So ist sie hochgeehrt vor allen Frau'n!“
2080 3639 3124 3730 des Dramas zu hoffen ist. Wilhelm Scherer hat
1054 3659 2074 3720 die Mutter hat ihm der Tod geraubt, die Schwester
93 3717 1050 3779 kon den Thürmen lünden die Glocken, daß der
2081 3715 3130 3777 einmal unserem Grillparzer den geschichtlichen Platz
1051 3719 2077 3781 das Leben. Die Untreue ihres Bräutigams Filippo
148 3759 1034 3839 um Bologna beginnt. Der Morgen ist da,
2085 3761 3121 3825 angewiesen in der fortgesetzten geraden Linie, die
1041 3762 2079 3824 hat ihren Geist verwirrt. Befund: Aphasie, „fürchter¬
2076 3806 3107 3872 von Gottsched über Lessing zu Schillers „Wallenstein“
88 3805 609 3879 Borgia ist da. Vorhang.
1045 3817 2078 3896 liche Stummheit". Sprach= und theilnahmslos läßt sie
86 3865 1042 3927 as ist die Fabel in ihren wesentlichen Zügen.
1052 3857 3124 3921 Dinge und Menschen an sich vorüberziehen; unter führt. Auf österreichischem Boden hat dieser Ent¬
83 3914 1042 4000 ng und Rundung, Neben= und Zwischenvorgänge
1052 3905 3139 3997 Anderem auch eine Standrede, die ihr Andrea hält, wicklungszug des „classischen" Dramas mit Grillparzer
