3436 4448
-19 1525 50 1587 in
-14 2188 54 2254 n
1957 175 2417 282 box 20/6
292 187 1820 295 14. Der Schleier der Bestrice
228 920 490 1004 4—A.
173 952 3225 1051 rn übrig, und Millionen Männer gewissen achtbaren Sehnsucht nach geistiger Schulung. Sie werden sollen. Wir waren stets der Meinung, daß ein Date!
848 1025 3226 1093 sollte sich um anderes bemühen. Knaben und Mädchen lehen an das Ausland in den meisten Fällen, zumindest
168 1015 858 1087 kissen unter der Erde arbeiten. Man
177 1081 864 1138 Geschrei daß von unserer Kohlen¬
848 1071 3217 1120 müßten gelehrt werden, zuerst an andere zu denken, und in auf indirekte Weise, in Gestalt eines Exports unserer
2020 1108 3214 1185 Fabrikate erfolgt und daß durch die künftigen Kapitalszinsen
182 1121 853 1186 ffähigkeit abhängt und von dieser
851 1122 2041 1187 materieller Hinsicht wäre ihnen die Weisheit beizubringen,
2032 1151 3208 1227 ein Ueberschuß an Nahrungsmitteln und Rohmaterialien
181 1168 856 1221 hrten Nahrungsmittel zu bezahlen.
857 1170 2044 1223 daß die Ebnung des Weges für alle auch zum Pfade des
2032 1212 3208 1283 gewissermaßen „unentgeltlich“ einfließt. Gewiß beruht
181 1216 852 1273 t man, wir sollten dafür unsere
857 1217 2033 1277 eigenen Glückes und Wohlseins führt. Es ist eine Frage
2025 1257 3212 1317 dieser einfache Gedankengang zum großen Teil auf einer
204 1257 856 1324 was vollkommen möglich wäre,
854 1258 2037 1312 des Gemütszustandes, wie wir im Lernen unter¬
2030 1298 3205 1353 Illusion Vor dem Kriege hatten wir Anspruch auf
158 1304 856 1365 ieser Aufgabe zuwendeten — und
851 1308 2038 1373 richtet werden. Der Gemütszustand wäre von der Schulzeit
2031 1335 3222 1400 200 Millionen Pfund Sterling jährlicher
168 1353 850 1410 ot beheben. Aber warum diese
849 1348 2032 1405 an so zu formen, daß unser von Natur aus wetteifernder
2031 1395 3206 1467 Interessen, und diese Summe war etwa dem Betrag
169 1402 859 1467 r der Kohle? Bloß weil wir uns
849 1401 2035 1462 Egoismus gedämpft, nicht aufgestachelt wird. Niemand kann
159 1441 864 1494 Entdeckung bewegen, die noch nicht
2026 1437 3213 1502 gleich, der alljährlich von neuem im Ausland investiert
843 1436 2033 1505 das tun, als die für das Ideal des Dienens am Gemeinwohl
2024 1476 3214 1544 wurde. Wir waren in der Lage, Nahrungsmittel und anderes
166 1490 2043 1565 n tief auf die menschliche Durch= begeisterten Lehrer. Die erste Notwendigkeit der Zivilisation
2029 1530 3224 1606 in der Höhe dieses Betrages zu erhalten und exportierten
170 1547 2043 1603 Wir wissen, wir haben noch ist darum das Auffinden und Ausrüsten solcher Lehrer. Der
158 1633 849 1697 der Reihe, das, wie man damals
2021 1629 3212 1694 Straßenbekanntschaft machte; allein Beatrice will den
847 1643 2026 1718 1 Theaterstücken Artur Schnitzlers das schnitzlerischeste; und
852 1683 1671 1748 es ist dies, weil es das dichterischeste ist.
2028 1688 3218 1755 Becher ihrer Träume bis zur Neige leeren. Sie stellt die
165 1671 860 1752 Echnitzler“ ist, es ist im Gegenteil
160 1719 865 1807 t aus allen seinen Werken, und
2019 1729 3205 1799 Bedingung: daß der Herzog sie zu seiner Frau mache. Der
922 1744 2026 1812 Drei Personen stehen im Mittelgrunde der kühn= und
164 1770 850 1846 rer als wahr, nämlich eine wahre
2027 1778 3214 1842 Herzog tut es, er wird morgen sterben, und will heut' noch
850 1779 2026 1853 hochgesteigerten Handlung, die im effektvollen Renaissance¬
168 1822 847 1891 erhältnis Schnitzlerischer Liebes¬
2034 1822 3209 1887 leben — Cesare Borgia rückt heran und schließt, ein
846 1842 2036 1907 kostüm im belagerten Bologna vor sich geht: Der Dichter
164 1857 846 1940 nis des geistig und gesellschaftlich
2029 1869 3215 1941 fürchterlicher Gegner, von allen Sesten das üppige Bologna
854 1895 2025 1948 Philippo Loschi, der Herzog, und zwischen beiden, sie
159 1919 853 1996 m grad und einfach empfindenden
2025 1914 3212 1994 ein — und also feiern sie Hochzeit. Als Morgengabe erhält
841 1927 2031 2014 entzweiend und im letzten doch verbindend, die liebliche
177 1969 849 2033 dem Volke, bestimmt auch den
2023 1966 3225 2022 sie von ihrem fürstlichen Bräutigam einen über alle Begriffe
849 1971 2024 2042 Beatrice, des Wappenschneiders Nardi allzu schöne Tochter.
165 1997 859 2068 tückes — dieses Verhältnis, von
2021 2019 3220 2073 herrlichen Schleier, ein Wundergewebe von durchsichtigem
851 2041 2031 2103 Philippo Loschi liebt sie seit drei Tagen und so heftig, daß
172 2048 862 2122 ls zu dem sattsam berufenen süßen
2024 2061 3207 2128 Schnee, das ihre Schönheit umschauert. Und was tut die
853 2081 2025 2142 er ihretwegen sein Verlöbnis mit der Gräfin Teresina löst;
181 2096 849 2166 espielerische Parodie ist, und das,
2025 2100 3223 2176 rätselvolle Beatrice? Sie zieht den geschenkten Schleier
849 2116 2028 2196 aber da sich Beatrice zum Liebesstelldichein in sein Haus
177 2122 860 2215 imt immer auch etwas von dem
2028 2151 3211 2219 über das Gesicht und läuft aus dem Hochzeitsgedränge weg.
848 2182 2024 2239 stiehlt, gesteht sie ihm, ahnungslos aus der Schule ihres
173 2182 856 2273 Kathi Fröhlich hat und auch von
2031 2196 3214 2272 zu ihrem Dichter zurück. Da er sie „im Leben“ nicht wieder¬
854 2225 2041 2298 Herzens plandernd, daß sie eben erst von Küssen des Herzogs
164 2245 855 2300 Klärchen. Nebenbei bemerkt: es
2015 2250 3225 2333 zusehen verschwor, kommt sie, mit ihm zu sterden. Doch
844 2270 2034 2332 geträumt hat — geträumt, nichts weiter. Dennoch weist
170 2282 849 2347 Verhältnis, daß es zur Hälfte aus
2020 2309 3203 2366 Loschi, der Echtfärbigkeit ihrer Gefühle mit Recht miß¬
849 2315 2029 2383 ihr der hypochondrische, auch hypochondrisch eifersüchtige
167 2334 854 2403 d auch dort, wo es dem unmittel¬
2029 2328 3220 2414 trauend, stellt sie auf die Probe. Es wäre Gift im Wein
1082 2366 2026 2426 — daß er ein Hypochonder der Eifersucht ist,
842 2366 1081 2434 Liebhaber
160 2378 858 2443 en scheint, sich schon an der Quelle
2020 2392 3222 2467 gewesen, lügt er ihr vor, und: „Wer muß, früher fort?“ ist
853 2410 2021 2474 beglaubigt ihn als schnitzlerischen Liebeshelden — sogleich
178 2430 853 2497 ; denn das Verhältnis Egmonts
2022 2432 3224 2505 ihre erste, angstvolle Frage — ein Wort, wie aus Schnitzlers
852 2467 2035 2533 die Tür; denn, sagt er: „Träume sind Begierden ohne
163 2472 849 2535 chen ist ja eigentlich auch nichts
2021 2492 3227 2552 Novelle „Sterben“; und wie in jener anderen, schöneren, die
851 2505 2034 2573 Mut!“ — ein edler Vers —, und er nennt sie, minder
148 2509 858 2587 ichtliche verkleidets=Liebesbeziehung
2018 2531 3205 2597 eine der schönsten des Dichters ist, wie in „Die Toten
845 2545 2028 2609 edel, und mehr im Geiste des französischen Theaters: „Du
166 2566 856 2641 namenlosen Frauenwesen aus dem
2022 2571 3208 2655 schweigen!“ verläßt sie, eine Viertelstunde später, den
854 2597 2034 2675 Dirne deines Traums!“ Die also Angerufene kehrt traum¬
165 2617 855 2675 Träumen flüchtete. Im „Schleier
2018 2627 3209 2692 Leichnam des Geliebten, der, für seinen Teil, aus dem
850 2649 2022 2714 verloren in ihr Elternhaus zurück; ja sie scheint sogar
160 2654 861 2724 vir dieses Verhältnis von Schnitzler
2020 2675 3218 2745 Scherz Ernst gemacht und sich wirklich vergiftet hat. Zum
850 2706 2025 2778 gewillt, mit ihrem ursprünglichen Verlobten, dem braven
166 2697 860 2766 Wurzeln ergriffen und nach seiner
2019 2726 3206 2794 zweitenmal pendelt ihr Herz und ihr Geschick zum Hofe;
848 2739 2035 2805 Vittorino, zum Altar zu gehen. Da begegnet ihr auf dem
164 2745 855 2819 weltlichen Seite hin gleichzeitig ent¬
2011 2767 3210 2838 doch hat sie, verspielt und vergeßlich, wie sie ist, den
850 2790 2025 2858 Wege zur Kirche der Herzog in Person; und der Traum
172 2800 851 2870 k die schon auf den „Reigen“ hin¬
2027 2816 3207 2905 Schleier, den schönen Schleier, im Hause des Dichters zurück¬
853 2830 2025 2893 wird Wahrheit Der Herzog entbrennt in Liebe zu der
156 2842 858 2922 Werk komplexer, künstlerischer als
2019 2865 3209 2945 gelassen. Der Herzog, dessen Eifersucht erregt ist, befiehlt
853 2869 2029 2945 sträflich schönen Beatrice; er spricht sie an, er hält um ihre
167 2886 865 2963 st ihm aber keineswegs einen Platz
155 2924 3211 3005 ikes Artur Schnitzlers an. Ganz] Hand an, figürlich zunächst nur und weniger wie ein ihr bei Todesstrafe, ihn dorthin zu führen, wo sie den
170 2955 3241 3073 leier der Beatrice“ ist unter allen! Herzog als etwa wie ein österreichischer Erzherzog, der eine Schleier vergessen hat. Sie tut es und wird. an Loschis:
