3484 4352
1908 281 2368 370 box 20/3
255 293 1762 414 14: Der Schleier der Beatrice
1142 1403 1957 1528 Denee Fachnekn¬
1779 1530 2135 1632 A WU.
1081 1545 1392 1651 Ne/159
1241 1645 2239 1714 Der bedeutendste der Wiener Autoren ist heute wohl
1167 1714 2245 1765 Arthur Schnitzler. Er hat längst die schalkhaft tändelnde
1174 1756 2236 1812 Weise seinerersten künstlerischen Jugend aufgegeben und
1185 1808 2233 1862 mit dem „Vermächtniß“ vor allem aber jetzt mit dem
1182 1826 2254 1905 „Schleier der Beatrice“ den Flug zur großen Kunst
1184 1879 2251 1938 unternommen. Was technisches Geschick, die lichten
1182 1928 2240 1980 Reize seiner Sprache und manche psychologische Feinbeit
1185 1963 2234 2033 betrifft, so hat sich Arthur Schnitzler auch in diesem
1172 2023 2233 2087 Werke, das in den wildbewegten Tagen der Renaissance
1188 2062 2237 2112 vorgeht, wieder als ein starker Könner bewiesen. Nur
1188 2112 2242 2164 sind seine Renaissanceherrennaturen eigentlich Wiener,
1171 2158 2238 2205 nur ist ihr Kraftüberschäumen moderner Galgenhumor.
1177 2193 2238 2248 Auch zeigt das Drama, das als Ganzes durchaus die
1181 2235 2244 2291 große technische Klugheit des Autors beweist, nicht genug
1182 2279 2245 2343 die blutwarme überquellende Fülle des Lebens welche
1177 2307 2240 2381 gerade jene Zeit bedarf. Ferner scheint uns, als ob sich
1173 2372 2234 2429 die Renaissance überhaupt nicht zum Drama eigne. Sie
1171 2403 2236 2480 besitzt zu eiserne, aus einem Gusse geschaffene Charaktere,
1166 2452 2233 2522 die nicht, wie es im Drama noth ist, von innen zur
1186 2492 2242 2565 Entwickelung gelangen, sondern die nur äußerlich viele
1177 2544 2236 2612 und wilde Schicksale erleben. Erschienen ist das dennoch
1186 2587 1948 2665 bedeutsame Werk bei S. Fischer, Berlin.
1256 2616 2234 2679 Wir haben im Vorstehenden die neuesten Aeuße¬
1192 2669 2247 2736 rungen der auswärtigen Jugend betrachtet. Zweck eines
1194 2726 2236 2773 zweiten Aufsatzes wird es sein, die neuesten lyrischen,
1181 2760 2244 2818 dramatischen und Prosaschöpfungen unserer eigenen
1184 2805 2251 2860 Jugend zu betrachten, die bei einigen jungen Talenten
1180 2847 2270 2916 voll guter Bedeutung und noch voll besserer Ver¬
1166 2894 1450 2971 heißung sind.
