<?xml version="1.0" encoding="UTF-8" standalone="yes"?>
<PcGts xmlns="http://schema.primaresearch.org/PAGE/gts/pagecontent/2013-07-15" xmlns:xsi="http://www.w3.org/2001/XMLSchema-instance" xsi:schemaLocation="http://schema.primaresearch.org/PAGE/gts/pagecontent/2013-07-15 http://schema.primaresearch.org/PAGE/gts/pagecontent/2013-07-15/pagecontent.xsd">
    <Metadata>
        <Creator>prov=University of Rostock/Institute of Mathematics/CITlab/Gundram Leifert/gundram.leifert@uni-rostock.de:name=ONB_Newseye_GT_M1+(htr_id=10810)::::v=2.4.2
prov=University of Rostock/Institute of Mathematics/CITlab/Tobias Gruening/tobias.gruening@uni-rostock.de:name=de.uros.citlab.module.baseline2polygon.B2PSeamMultiOriented:v=2.4.2
prov=University of Rostock/Institute of Mathematics/CITlab/Tobias Gruening/tobias.gruening@uni-rostock.de:name=/mnt/transkribus/LA/DEA/URO/LA_news_onb_att.pb:de.uros.citlab.segmentation.CITlab_LA_ML:v=2.4.2
Transkribus</Creator>
        <Created>2019-10-07T11:38:25.185+02:00</Created>
        <LastChange>2019-10-08T14:42:55.764+02:00</LastChange>
        <TranskribusMetadata docId="223979" pageId="9502675" pageNr="507" tsid="16593326" status="IN_PROGRESS" userId="40391" imgUrl="https://files.transkribus.eu/Get?id=SFEUXFRRXWEYUKFDAFCESYWN&amp;fileType=view" xmlUrl="https://files.transkribus.eu/Get?id=BQDYDKWOTCVVOJCTPMMDIUDT" imageId="6192893"/>
    </Metadata>
    <Page imageFilename="223979_0507.jpeg" imageWidth="3484" imageHeight="4320">
        <ReadingOrder>
            <OrderedGroup id="ro_1711449314238" caption="Regions reading order">
                <RegionRefIndexed index="0" regionRef="r1"/>
            </OrderedGroup>
        </ReadingOrder>
        <TextRegion orientation="0.0" id="r1" custom="readingOrder {index:0;}">
            <Coords points="326,182 326,3807 2472,3807 2472,182"/>
            <TextLine id="r1l1" custom="readingOrder {index:0;}">
                <Coords points="1971,248 2043,252 2099,226 2234,247 2299,227 2329,243 2448,223 2448,187 2364,160 2249,161 2185,195 2112,170 2047,181 2028,162 1972,180"/>
                <Baseline points="1981,224 2006,222 2031,222 2057,221 2082,221 2108,221 2133,222 2159,222 2184,223 2210,224 2235,224 2260,225 2286,225 2311,225 2337,225 2362,225 2388,224 2413,223 2439,221"/>
                <TextEquiv>
                    <Unicode>box 20/5</Unicode>
                </TextEquiv>
            </TextLine>
            <TextLine id="r1l2" custom="readingOrder {index:1;}">
                <Coords points="317,219 1833,237 1833,193 1693,165 318,166"/>
                <Baseline points="326,202 400,210 475,216 550,221 625,226 700,229 775,232 850,234 925,235 1000,236 1075,237 1149,237 1224,237 1299,237 1374,236 1449,236 1524,236 1599,236 1674,237 1749,238 1824,239"/>
                <TextEquiv>
                    <Unicode>14: Der Schlefer der Beatrice</Unicode>
                </TextEquiv>
            </TextLine>
            <TextLine id="r1l3" custom="readingOrder {index:2;}">
                <Coords points="1461,663 1950,708 2065,691 2090,719 2365,737 2399,729 2402,681 2142,643 2050,664 1953,623 1809,650 1464,606"/>
                <Baseline points="1470,653 1516,656 1562,659 1608,662 1654,665 1700,669 1746,673 1792,676 1838,679 1884,682 1930,685 1976,688 2022,692 2068,695 2114,697 2160,700 2206,702 2252,705 2298,707 2344,709 2390,711"/>
                <TextEquiv>
                    <Unicode>Büro-Ausstellung Wien 8.—19. November</Unicode>
                </TextEquiv>
            </TextLine>
            <TextLine id="r1l4" custom="readingOrder {index:3;}">
                <Coords points="1744,734 1820,748 1895,744 1989,772 2015,758 2112,758 2115,720 2066,721 2038,698 2003,709 1982,694 1956,709 1933,693 1746,702"/>
                <Baseline points="1754,726 1779,728 1804,730 1829,732 1854,734 1879,736 1904,737 1929,739 1954,741 1979,743 2004,744 2029,746 2054,748 2079,749 2104,751"/>
                <TextEquiv>
                    <Unicode>siehe Rückseite.</Unicode>
                </TextEquiv>
            </TextLine>
            <TextLine id="r1l5" custom="readingOrder {index:4;}">
                <Coords points="2086,809 2186,830 2307,827 2330,841 2391,832 2433,847 2482,826 2485,775 2467,768 2392,770 2357,756 2307,767 2290,749 2251,765 2171,738 2090,758"/>
                <Baseline points="2096,798 2121,797 2146,797 2171,798 2196,798 2221,800 2246,802 2271,803 2296,805 2321,808 2346,810 2371,813 2396,815 2421,819 2446,821 2472,824"/>
                <TextEquiv>
                    <Unicode>Telephon 12.801,</Unicode>
                </TextEquiv>
            </TextLine>
            <TextLine id="r1l6" custom="readingOrder {index:5;}">
                <Coords points="2112,905 2127,902 2145,912 2157,901 2174,901 2187,915 2196,912 2209,920 2226,905 2236,905 2263,920 2278,920 2279,890 2266,888 2257,878 2244,883 2213,856 2202,852 2181,859 2161,843 2114,843"/>
                <Baseline points="2122,903 2151,905 2181,905 2210,905 2240,906 2270,911"/>
                <TextEquiv>
                    <Unicode>Da</Unicode>
                </TextEquiv>
            </TextLine>
            <TextLine id="r1l7" custom="readingOrder {index:6;}">
                <Coords points="1584,930 1628,943 1799,920 2179,968 2217,961 2220,920 2167,901 2143,918 2115,893 2069,922 2005,921 1970,888 1889,899 1846,867 1747,890 1588,874"/>
                <Baseline points="1594,914 1624,914 1655,914 1686,914 1716,915 1747,917 1778,919 1808,920 1839,923 1870,925 1901,927 1931,930 1962,933 1993,936 2023,939 2054,942 2085,945 2115,948 2146,950 2177,953 2208,955"/>
                <TextEquiv>
                    <Unicode>SODSEITER</Unicode>
                </TextEquiv>
            </TextLine>
            <TextLine id="r1l8" custom="readingOrder {index:7;}">
                <Coords points="1349,963 2365,1049 2462,1027 2465,994 1898,934 1746,954 1702,922 1351,938"/>
                <Baseline points="1359,958 1413,961 1468,963 1523,966 1577,970 1632,973 1687,977 1741,981 1796,985 1851,990 1906,993 1960,997 2015,1002 2070,1006 2124,1010 2179,1014 2234,1019 2288,1022 2343,1026 2398,1029 2453,1032"/>
                <TextEquiv>
                    <Unicode> I. österr. behördi. konz. Unternehmen für Zeitungs-Ausschaltte</Unicode>
                </TextEquiv>
            </TextLine>
            <TextLine id="r1l9" custom="readingOrder {index:8;}">
                <Coords points="1479,1019 1665,1071 1783,1058 2320,1116 2324,1049 2271,1036 1481,991"/>
                <Baseline points="1488,1035 1529,1038 1570,1041 1611,1045 1652,1048 1694,1051 1735,1053 1776,1057 1817,1059 1858,1062 1900,1065 1941,1068 1982,1070 2023,1073 2064,1075 2106,1078 2147,1081 2188,1085 2229,1087 2270,1090 2312,1093"/>
                <TextEquiv>
                    <Unicode>Wien, I., Concordiaplatz 4.</Unicode>
                </TextEquiv>
            </TextLine>
            <TextLine id="r1l10" custom="readingOrder {index:9;}">
                <Coords points="1684,1124 1835,1137 1853,1127 1892,1148 1953,1141 2111,1161 2114,1120 2088,1122 2040,1088 1935,1102 1842,1068 1815,1076 1777,1063 1755,1080 1688,1068"/>
                <Baseline points="1694,1110 1719,1114 1745,1117 1770,1120 1796,1123 1821,1125 1847,1128 1872,1130 1898,1132 1924,1134 1949,1136 1975,1138 2000,1139 2026,1140 2051,1141 2077,1142 2103,1143"/>
                <TextEquiv>
                    <Unicode>Vertretungen</Unicode>
                </TextEquiv>
            </TextLine>
            <TextLine id="r1l11" custom="readingOrder {index:10;}">
                <Coords points="1350,1144 2451,1220 2452,1188 2387,1169 1353,1109"/>
                <Baseline points="1360,1140 1414,1145 1468,1149 1522,1154 1576,1159 1630,1162 1684,1167 1738,1171 1792,1175 1846,1178 1900,1182 1954,1185 2008,1189 2062,1193 2116,1196 2170,1200 2224,1204 2278,1207 2332,1211 2386,1215 2441,1219"/>
                <TextEquiv>
                    <Unicode>in Berlin, Budapest, Chicago, Christlanla, Genf, Kopen¬</Unicode>
                </TextEquiv>
            </TextLine>
            <TextLine id="r1l12" custom="readingOrder {index:11;}">
                <Coords points="1347,1195 2408,1274 2444,1247 1350,1145"/>
                <Baseline points="1358,1180 1411,1185 1465,1189 1519,1194 1573,1198 1627,1202 1680,1206 1734,1210 1788,1214 1842,1218 1896,1222 1949,1225 2003,1230 2057,1234 2111,1237 2165,1241 2218,1245 2272,1249 2326,1253 2380,1258 2434,1262"/>
                <TextEquiv>
                    <Unicode>hagen, London, Madrid, Mailand, Minneapolls, New-Vork.</Unicode>
                </TextEquiv>
            </TextLine>
            <TextLine id="r1l13" custom="readingOrder {index:12;}">
                <Coords points="1380,1236 2397,1307 2400,1273 2283,1254 1384,1193"/>
                <Baseline points="1390,1222 1439,1226 1489,1230 1539,1235 1589,1238 1639,1242 1689,1245 1739,1250 1789,1253 1839,1256 1889,1260 1938,1263 1988,1267 2038,1271 2088,1275 2138,1279 2188,1283 2238,1288 2288,1294 2338,1299 2388,1305"/>
                <TextEquiv>
                    <Unicode>Peris, Rom, öan Francisco, Stockholm, St. Petersburg.</Unicode>
                </TextEquiv>
            </TextLine>
            <TextLine id="r1l14" custom="readingOrder {index:13;}">
                <Coords points="1679,1292 1803,1293 1882,1324 1943,1306 2032,1323 2106,1314 2108,1287 2064,1276 1927,1275 1891,1260 1845,1270 1720,1250 1682,1259"/>
                <Baseline points="1690,1278 1715,1281 1740,1283 1766,1286 1791,1289 1817,1291 1842,1294 1868,1296 1893,1297 1918,1300 1944,1302 1969,1303 1995,1305 2020,1306 2046,1308 2071,1310 2097,1312"/>
                <TextEquiv>
                    <Unicode>(Gnellenangabe ehne Gewübe).</Unicode>
                </TextEquiv>
            </TextLine>
            <TextLine id="r1l15" custom="readingOrder {index:14;}">
                <Coords points="1327,1321 1363,1338 1397,1335 1408,1350 1457,1354 1494,1341 1535,1368 1583,1378 1620,1359 1664,1373 1708,1364 1714,1302 1619,1312 1558,1283 1501,1285 1472,1301 1443,1287 1400,1298 1372,1280 1330,1286"/>
                <Baseline points="1336,1324 1362,1327 1388,1329 1414,1330 1440,1333 1466,1335 1492,1337 1518,1340 1544,1342 1570,1345 1596,1348 1622,1351 1648,1354 1674,1357 1700,1360"/>
                <TextEquiv>
                    <Unicode>Ausschnitt aus:</Unicode>
                </TextEquiv>
            </TextLine>
            <TextLine id="r1l16" custom="readingOrder {index:15;}">
                <Coords points="1460,1405 1481,1404 1505,1421 1532,1417 1555,1433 1572,1426 1586,1441 1636,1446 1644,1385 1609,1380 1599,1385 1549,1366 1527,1369 1501,1343 1484,1354 1468,1350"/>
                <Baseline points="1471,1400 1497,1399 1524,1401 1551,1405 1577,1411 1604,1415 1631,1418"/>
                <TextEquiv>
                    <Unicode>177</Unicode>
                </TextEquiv>
            </TextLine>
            <TextLine id="r1l17" custom="readingOrder {index:16;}">
                <Coords points="1326,1454 1437,1471 1589,1477 1595,1431 1544,1430 1534,1419 1513,1426 1468,1405 1425,1403 1384,1386 1334,1393"/>
                <Baseline points="1339,1427 1366,1427 1393,1432 1420,1438 1447,1446 1475,1453 1502,1458 1529,1459 1556,1453 1584,1440"/>
                <TextEquiv>
                    <Unicode>Pn 1</Unicode>
                </TextEquiv>
            </TextLine>
            <TextLine id="r1l18" custom="readingOrder {index:17;}">
                <Coords points="1628,1448 1641,1451 1669,1436 1682,1455 1701,1447 1717,1461 1729,1454 1764,1466 1784,1453 1794,1455 1802,1417 1788,1410 1778,1415 1770,1407 1759,1413 1735,1409 1719,1392 1692,1394 1674,1388 1663,1371 1646,1368"/>
                <Baseline points="1642,1431 1670,1435 1698,1442 1726,1449 1754,1456 1783,1460"/>
                <TextEquiv>
                    <Unicode>1 1911</Unicode>
                </TextEquiv>
            </TextLine>
            <TextLine id="r1l19" custom="readingOrder {index:18;}">
                <Coords points="1738,1407 1826,1442 2039,1443 2129,1482 2166,1462 2314,1472 2392,1511 2455,1487 2462,1433 2375,1405 2238,1375 2180,1396 2113,1360 2068,1383 1986,1374 1926,1341 1858,1370 1751,1312"/>
                <Baseline points="1748,1397 1782,1404 1817,1410 1852,1416 1887,1421 1922,1427 1957,1432 1991,1436 2026,1441 2061,1445 2096,1450 2131,1454 2166,1458 2201,1462 2235,1467 2270,1471 2305,1475 2340,1479 2375,1484 2410,1489 2445,1494"/>
                <TextEquiv>
                    <Unicode>Nene Halaburger Zeitung</Unicode>
                </TextEquiv>
            </TextLine>
            <TextLine id="r1l20" custom="readingOrder {index:19;}">
                <Coords points="1304,1504 1382,1482 1407,1497 1438,1487 1456,1503 1502,1489 1619,1509 1653,1499 1656,1449 1589,1439 1541,1463 1477,1455 1448,1469 1348,1454 1306,1461"/>
                <Baseline points="1314,1476 1339,1479 1364,1482 1389,1484 1415,1484 1440,1486 1465,1487 1491,1487 1516,1489 1541,1490 1567,1491 1592,1493 1617,1496 1643,1500"/>
                <TextEquiv>
                    <Unicode>gee ge</Unicode>
                </TextEquiv>
            </TextLine>
            <TextLine id="r1l21" custom="readingOrder {index:20;}">
                <Coords points="1307,1539 1473,1522 2030,1563 2062,1557 2064,1517 1831,1482 1672,1507 1383,1483 1309,1500"/>
                <Baseline points="1317,1518 1353,1520 1390,1522 1427,1524 1464,1526 1501,1528 1537,1530 1574,1531 1611,1533 1648,1535 1685,1536 1721,1537 1758,1539 1795,1540 1832,1542 1869,1543 1905,1546 1942,1547 1979,1549 2016,1551 2053,1554"/>
                <TextEquiv>
                    <Unicode>lohren. Dort meldet sich ein Lindwurm.</Unicode>
                </TextEquiv>
            </TextLine>
            <TextLine id="r1l22" custom="readingOrder {index:21;}">
                <Coords points="1417,1559 2385,1626 2410,1586 2281,1548 2124,1571 1418,1539"/>
                <Baseline points="1425,1564 1473,1565 1522,1567 1571,1569 1619,1572 1668,1574 1717,1577 1765,1580 1814,1582 1863,1586 1912,1589 1960,1592 2009,1595 2058,1598 2106,1600 2155,1604 2204,1606 2252,1609 2301,1611 2350,1613 2399,1615"/>
                <TextEquiv>
                    <Unicode> Deutsches Schauspielhaus. Arthur Schnitzler in</Unicode>
                </TextEquiv>
            </TextLine>
            <TextLine id="r1l23" custom="readingOrder {index:22;}">
                <Coords points="1305,1620 1671,1612 2398,1672 2414,1620 1537,1594 1309,1538"/>
                <Baseline points="1315,1599 1369,1601 1423,1603 1478,1605 1532,1608 1587,1611 1641,1613 1695,1616 1750,1618 1804,1622 1859,1625 1913,1628 1967,1630 2022,1634 2076,1637 2131,1640 2185,1644 2239,1647 2294,1650 2348,1653 2403,1657"/>
                <TextEquiv>
                    <Unicode>Hamburg. Drei Schnitzler=Abende sind der verkönlichen</Unicode>
                </TextEquiv>
            </TextLine>
            <TextLine id="r1l24" custom="readingOrder {index:23;}">
                <Coords points="1305,1658 2396,1706 2409,1671 1308,1604"/>
                <Baseline points="1315,1640 1369,1641 1423,1642 1477,1644 1531,1646 1586,1649 1640,1652 1694,1655 1748,1658 1802,1662 1857,1666 1911,1670 1965,1673 2019,1676 2073,1679 2128,1682 2182,1684 2236,1687 2290,1688 2344,1690 2399,1690"/>
                <TextEquiv>
                    <Unicode>Anwesenheit des Dichters gewidmet. Drei Aufführungen</Unicode>
                </TextEquiv>
            </TextLine>
            <TextLine id="r1l25" custom="readingOrder {index:24;}">
                <Coords points="1318,1695 2344,1738 2410,1728 2412,1696 1320,1648"/>
                <Baseline points="1329,1675 1382,1677 1436,1680 1489,1683 1543,1687 1597,1690 1650,1693 1704,1696 1757,1700 1811,1703 1865,1706 1918,1710 1972,1713 2025,1715 2079,1718 2133,1721 2186,1722 2240,1724 2293,1725 2347,1726 2401,1726"/>
                <TextEquiv>
                    <Unicode>aus seinem Gesamtwerke. Ein Triptychen, das auf der drei¬</Unicode>
                </TextEquiv>
            </TextLine>
            <TextLine id="r1l26" custom="readingOrder {index:25;}">
                <Coords points="1305,1723 2340,1782 2410,1735 1412,1692 1309,1660"/>
                <Baseline points="1315,1715 1369,1717 1423,1720 1477,1723 1531,1726 1586,1730 1640,1732 1694,1736 1748,1739 1802,1743 1857,1746 1911,1749 1965,1752 2019,1755 2073,1758 2128,1760 2182,1762 2236,1764 2290,1765 2344,1766 2399,1767"/>
                <TextEquiv>
                    <Unicode>teiligen Bildfläche die Entwicklungsjahre 1890, 1900, 1910</Unicode>
                </TextEquiv>
            </TextLine>
            <TextLine id="r1l27" custom="readingOrder {index:26;}">
                <Coords points="1305,1740 1435,1775 2342,1822 2405,1807 2407,1773 1306,1723"/>
                <Baseline points="1313,1756 1367,1759 1421,1761 1475,1764 1529,1766 1583,1770 1637,1772 1691,1776 1745,1779 1799,1782 1854,1785 1908,1789 1962,1792 2016,1794 2070,1797 2124,1799 2178,1802 2232,1804 2286,1806 2340,1808 2395,1809"/>
                <TextEquiv>
                    <Unicode>verbindet und aus der jüngsten Bekenntnisform des Dra¬</Unicode>
                </TextEquiv>
            </TextLine>
            <TextLine id="r1l28" custom="readingOrder {index:27;}">
                <Coords points="1301,1805 2323,1863 2400,1855 2403,1808 2040,1815 1305,1741"/>
                <Baseline points="1311,1797 1365,1799 1419,1801 1473,1803 1527,1806 1581,1809 1635,1811 1689,1815 1743,1817 1797,1820 1851,1823 1905,1826 1959,1829 2013,1832 2067,1834 2121,1837 2175,1839 2229,1841 2283,1843 2337,1845 2392,1847"/>
                <TextEquiv>
                    <Unicode>matikers („Das weite Land“) über die phemtastische Pro¬</Unicode>
                </TextEquiv>
            </TextLine>
            <TextLine id="r1l29" custom="readingOrder {index:28;}">
                <Coords points="1298,1836 2163,1900 2401,1878 2324,1848 1300,1803"/>
                <Baseline points="1307,1836 1361,1838 1415,1841 1469,1843 1523,1846 1578,1849 1632,1851 1686,1855 1740,1858 1794,1861 1849,1864 1903,1867 1957,1870 2011,1873 2065,1876 2120,1878 2174,1880 2228,1882 2282,1884 2336,1885 2391,1886"/>
                <TextEquiv>
                    <Unicode>blematik seiner zweiten Jugend („DerSchleier der Bea¬</Unicode>
                </TextEquiv>
            </TextLine>
            <TextLine id="r1l30" custom="readingOrder {index:29;}">
                <Coords points="1297,1882 2391,1947 2403,1900 1299,1839"/>
                <Baseline points="1307,1874 1361,1877 1415,1880 1469,1882 1524,1886 1578,1888 1632,1892 1686,1895 1741,1898 1795,1902 1849,1905 1903,1908 1958,1910 2012,1913 2066,1916 2120,1919 2175,1922 2229,1924 2283,1926 2337,1928 2392,1930"/>
                <TextEquiv>
                    <Unicode>trice") in das erste Beichtgeheimnis („Anatol“) zurückführt.</Unicode>
                </TextEquiv>
            </TextLine>
            <TextLine id="r1l31" custom="readingOrder {index:30;}">
                <Coords points="1301,1923 2380,1966 2301,1932 1303,1889"/>
                <Baseline points="1311,1916 1364,1918 1417,1920 1470,1923 1523,1925 1576,1928 1629,1931 1682,1933 1735,1937 1788,1940 1841,1943 1894,1946 1947,1949 2000,1952 2053,1955 2106,1958 2159,1960 2212,1964 2265,1966 2318,1968 2371,1971"/>
                <TextEquiv>
                    <Unicode>Da hat man gewissermaßen ein dreifach gegliedertes Sym¬</Unicode>
                </TextEquiv>
            </TextLine>
            <TextLine id="r1l32" custom="readingOrder {index:31;}">
                <Coords points="1289,1959 2392,2007 2375,1964 1291,1931"/>
                <Baseline points="1299,1956 1353,1959 1407,1961 1461,1963 1515,1966 1570,1969 1624,1971 1678,1975 1732,1978 1786,1980 1841,1984 1895,1987 1949,1990 2003,1992 2057,1995 2112,1999 2166,2001 2220,2004 2274,2007 2328,2011 2383,2013"/>
                <TextEquiv>
                    <Unicode>bol der psychologischen Schnitzler=Schlange, die sich selber</Unicode>
                </TextEquiv>
            </TextLine>
            <TextLine id="r1l33" custom="readingOrder {index:32;}">
                <Coords points="1292,1994 2383,2057 2370,2013 1294,1959"/>
                <Baseline points="1302,1999 1355,2001 1409,2003 1462,2005 1516,2008 1569,2010 1623,2013 1676,2015 1730,2019 1783,2021 1837,2024 1891,2027 1944,2030 1998,2033 2051,2036 2105,2039 2158,2042 2212,2045 2265,2047 2319,2050 2373,2053"/>
                <TextEquiv>
                    <Unicode>in den nachdenklichen Kopf greift und einen geschlossenen</Unicode>
                </TextEquiv>
            </TextLine>
            <TextLine id="r1l34" custom="readingOrder {index:33;}">
                <Coords points="1287,2022 1895,2087 2389,2090 2374,2056 1289,1994"/>
                <Baseline points="1295,2040 1349,2041 1403,2043 1457,2045 1511,2047 1566,2049 1620,2052 1674,2055 1728,2058 1782,2061 1837,2064 1891,2067 1945,2070 1999,2073 2053,2076 2108,2080 2162,2082 2216,2085 2270,2088 2324,2090 2379,2092"/>
                <TextEquiv>
                    <Unicode>Ring bildet. Der gestrigen Tragikomödie folgt heute das</Unicode>
                </TextEquiv>
            </TextLine>
            <TextLine id="r1l35" custom="readingOrder {index:34;}">
                <Coords points="1299,2079 2390,2148 2376,2087 1301,2049"/>
                <Baseline points="1308,2079 1361,2080 1415,2082 1468,2084 1522,2087 1576,2089 1629,2092 1683,2095 1737,2098 1790,2101 1844,2104 1898,2107 1951,2111 2005,2114 2059,2117 2112,2120 2166,2123 2220,2126 2273,2129 2327,2131 2381,2134"/>
                <TextEquiv>
                    <Unicode>Renaissancespiel, folgt morgen der dialogische Reigen.</Unicode>
                </TextEquiv>
            </TextLine>
            <TextLine id="r1l36" custom="readingOrder {index:35;}">
                <Coords points="1285,2105 2383,2179 2353,2139 2101,2139 2013,2104 1287,2079"/>
                <Baseline points="1294,2119 1350,2120 1407,2122 1464,2123 1521,2126 1577,2128 1634,2131 1691,2134 1748,2138 1805,2141 1861,2145 1918,2149 1975,2152 2032,2155 2089,2158 2145,2162 2202,2164 2259,2167 2316,2169 2373,2171"/>
                <TextEquiv>
                    <Unicode>Hoteldirektor Aigner blickt in den Spiegel seiner Ver¬</Unicode>
                </TextEquiv>
            </TextLine>
            <TextLine id="r1l37" custom="readingOrder {index:36;}">
                <Coords points="1283,2171 2325,2222 2389,2213 2391,2178 1285,2117"/>
                <Baseline points="1292,2162 1346,2163 1400,2163 1455,2165 1509,2167 1564,2169 1618,2171 1672,2175 1727,2177 1781,2181 1836,2184 1890,2188 1944,2190 1999,2194 2053,2196 2108,2200 2162,2202 2216,2204 2271,2205 2325,2206 2380,2206"/>
                <TextEquiv>
                    <Unicode>gangenheit und sieht sich als Dichter Filippo und am Ende</Unicode>
                </TextEquiv>
            </TextLine>
            <TextLine id="r1l38" custom="readingOrder {index:37;}">
                <Coords points="1286,2193 2379,2272 2382,2221 2265,2202 1288,2159"/>
                <Baseline points="1294,2199 1347,2201 1401,2203 1455,2204 1509,2207 1563,2209 1617,2212 1670,2214 1724,2217 1778,2220 1832,2223 1886,2226 1940,2230 1994,2233 2047,2236 2101,2239 2155,2242 2209,2244 2263,2247 2317,2249 2371,2252"/>
                <TextEquiv>
                    <Unicode>der Perspektive als Salonphilosoph Anatol wieder. Dieser</Unicode>
                </TextEquiv>
            </TextLine>
            <TextLine id="r1l39" custom="readingOrder {index:38;}">
                <Coords points="1278,2231 2379,2313 2341,2255 1280,2188"/>
                <Baseline points="1287,2237 1341,2239 1395,2240 1449,2243 1503,2245 1558,2248 1612,2250 1666,2253 1720,2256 1774,2259 1829,2262 1883,2264 1937,2268 1991,2270 2045,2273 2100,2276 2154,2279 2208,2281 2262,2284 2316,2287 2371,2289"/>
                <TextEquiv>
                    <Unicode>lange und tiefe Blick hat eigentümliche und aufschlußreiche</Unicode>
                </TextEquiv>
            </TextLine>
            <TextLine id="r1l40" custom="readingOrder {index:39;}">
                <Coords points="1284,2264 1365,2297 2376,2341 2379,2286 1286,2234"/>
                <Baseline points="1293,2279 1346,2280 1400,2281 1454,2282 1507,2284 1561,2286 1615,2289 1668,2292 1722,2294 1776,2298 1830,2301 1883,2304 1937,2307 1991,2311 2044,2313 2098,2316 2152,2319 2205,2322 2259,2324 2313,2326 2367,2329"/>
                <TextEquiv>
                    <Unicode>Reize. Denn er orientiert in der bündigsten Weise über</Unicode>
                </TextEquiv>
            </TextLine>
            <TextLine id="r1l41" custom="readingOrder {index:40;}">
                <Coords points="1285,2328 2233,2383 2374,2373 2376,2336 1287,2289"/>
                <Baseline points="1295,2318 1348,2319 1402,2320 1455,2321 1509,2323 1562,2326 1616,2329 1669,2332 1723,2335 1776,2338 1830,2341 1883,2345 1937,2348 1990,2351 2044,2355 2097,2358 2151,2361 2204,2363 2258,2365 2311,2367 2365,2368"/>
                <TextEquiv>
                    <Unicode>die schöpferische Persönlichkeit und über die stärksten Lebens¬</Unicode>
                </TextEquiv>
            </TextLine>
            <TextLine id="r1l42" custom="readingOrder {index:41;}">
                <Coords points="1275,2368 2374,2418 2348,2366 1277,2326"/>
                <Baseline points="1285,2360 1339,2360 1393,2361 1447,2362 1501,2364 1555,2366 1609,2369 1663,2372 1717,2375 1771,2378 1825,2382 1879,2386 1933,2389 1987,2392 2041,2395 2095,2398 2149,2401 2203,2404 2257,2406 2311,2407 2365,2409"/>
                <TextEquiv>
                    <Unicode>kapitel des Gestalters. — Die gestrige Vorstellung wurde</Unicode>
                </TextEquiv>
            </TextLine>
            <TextLine id="r1l43" custom="readingOrder {index:42;}">
                <Coords points="1284,2410 2328,2463 2368,2414 1286,2369"/>
                <Baseline points="1293,2399 1346,2400 1399,2402 1452,2404 1505,2406 1559,2409 1612,2411 1665,2414 1718,2417 1771,2420 1825,2422 1878,2426 1931,2429 1984,2432 2037,2435 2091,2438 2144,2441 2197,2443 2250,2446 2303,2448 2357,2451"/>
                <TextEquiv>
                    <Unicode>namentlich im ersten Aufzuge von einer intensiven Stim¬</Unicode>
                </TextEquiv>
            </TextLine>
            <TextLine id="r1l44" custom="readingOrder {index:43;}">
                <Coords points="1284,2461 1589,2446 2318,2502 2359,2499 2361,2463 1287,2407"/>
                <Baseline points="1294,2441 1346,2442 1399,2443 1452,2445 1505,2447 1558,2449 1611,2452 1663,2454 1716,2457 1769,2460 1822,2463 1875,2466 1928,2469 1981,2472 2033,2475 2086,2478 2139,2481 2192,2483 2245,2486 2298,2488 2351,2490"/>
                <TextEquiv>
                    <Unicode>mung getragen. Robert Nhil, Marie Elsinger und Fran¬</Unicode>
                </TextEquiv>
            </TextLine>
            <TextLine id="r1l45" custom="readingOrder {index:44;}">
                <Coords points="1275,2478 2339,2546 2368,2489 1276,2453"/>
                <Baseline points="1284,2483 1337,2483 1391,2484 1444,2485 1498,2487 1552,2489 1605,2491 1659,2494 1712,2497 1766,2499 1820,2503 1873,2506 1927,2510 1980,2512 2034,2515 2088,2519 2141,2521 2195,2524 2248,2526 2302,2528 2356,2529"/>
                <TextEquiv>
                    <Unicode>ziska Ellmenreich boten fundamentale Eindrücke, die der</Unicode>
                </TextEquiv>
            </TextLine>
            <TextLine id="r1l46" custom="readingOrder {index:45;}">
                <Coords points="1282,2522 2358,2585 2360,2548 2196,2522 1284,2488"/>
                <Baseline points="1292,2524 1344,2525 1397,2526 1450,2528 1503,2529 1556,2530 1609,2532 1662,2534 1715,2536 1768,2539 1821,2541 1873,2544 1926,2546 1979,2549 2032,2553 2085,2555 2138,2558 2191,2561 2244,2564 2297,2567 2350,2569"/>
                <TextEquiv>
                    <Unicode>szenischen Wirkung des zartgebauten Seelendramas ein</Unicode>
                </TextEquiv>
            </TextLine>
            <TextLine id="r1l47" custom="readingOrder {index:46;}">
                <Coords points="1272,2566 1887,2603 2012,2579 2050,2609 2337,2621 2359,2592 1274,2523"/>
                <Baseline points="1282,2562 1335,2563 1388,2564 1442,2566 1495,2568 1548,2570 1602,2572 1655,2575 1708,2578 1762,2581 1815,2583 1868,2586 1922,2589 1975,2592 2028,2594 2082,2597 2135,2600 2188,2603 2242,2605 2295,2608 2349,2610"/>
                <TextEquiv>
                    <Unicode>sicheres und umfassendes Gerüst gaben. Ihr intimes und</Unicode>
                </TextEquiv>
            </TextLine>
            <TextLine id="r1l48" custom="readingOrder {index:47;}">
                <Coords points="1270,2601 2225,2666 2349,2664 2351,2628 1740,2569 1271,2571"/>
                <Baseline points="1280,2599 1333,2602 1386,2605 1439,2608 1492,2611 1545,2613 1598,2615 1651,2617 1704,2619 1757,2621 1810,2623 1863,2625 1916,2627 1969,2629 2022,2631 2075,2633 2128,2636 2181,2640 2234,2643 2287,2647 2341,2651"/>
                <TextEquiv>
                    <Unicode>hochgemutes Spiel ließ über die verfehlte Darstellung des</Unicode>
                </TextEquiv>
            </TextLine>
            <TextLine id="r1l49" custom="readingOrder {index:48;}">
                <Coords points="1269,2652 2028,2667 2356,2713 2358,2664 2265,2646 1271,2603"/>
                <Baseline points="1278,2640 1331,2643 1384,2644 1438,2647 1491,2649 1545,2651 1598,2654 1652,2656 1705,2658 1759,2661 1812,2663 1865,2665 1919,2668 1972,2670 2026,2673 2079,2676 2133,2679 2186,2682 2240,2685 2293,2688 2347,2692"/>
                <TextEquiv>
                    <Unicode>Direktors Aigner (der „das Leben selbst“ und ein „höchst</Unicode>
                </TextEquiv>
            </TextLine>
            <TextLine id="r1l50" custom="readingOrder {index:49;}">
                <Coords points="1270,2690 2358,2745 2359,2711 2278,2690 1272,2647"/>
                <Baseline points="1280,2679 1333,2681 1386,2684 1440,2686 1493,2689 1547,2691 1600,2694 1654,2696 1707,2699 1761,2702 1814,2704 1867,2707 1921,2710 1974,2713 2028,2716 2081,2718 2135,2721 2188,2723 2242,2725 2295,2727 2349,2729"/>
                <TextEquiv>
                    <Unicode>merkwürdiger Mensch“ sein soll) füglich hinwegsehen. Das</Unicode>
                </TextEquiv>
            </TextLine>
            <TextLine id="r1l51" custom="readingOrder {index:50;}">
                <Coords points="1276,2723 2353,2784 2355,2741 2233,2722 1278,2686"/>
                <Baseline points="1286,2717 1338,2720 1391,2723 1444,2726 1497,2729 1550,2731 1603,2734 1656,2737 1709,2740 1762,2742 1815,2745 1867,2747 1920,2749 1973,2752 2026,2755 2079,2757 2132,2760 2185,2762 2238,2765 2291,2768 2344,2771"/>
                <TextEquiv>
                    <Unicode>Publikum, das den Dichter im Werke fast ebenso plastisch</Unicode>
                </TextEquiv>
            </TextLine>
            <TextLine id="r1l52" custom="readingOrder {index:51;}">
                <Coords points="1261,2758 2347,2808 2349,2767 1263,2726"/>
                <Baseline points="1270,2757 1323,2760 1376,2762 1430,2765 1483,2768 1537,2771 1590,2773 1643,2776 1697,2778 1750,2781 1804,2784 1857,2786 1910,2788 1964,2791 2017,2793 2071,2796 2124,2798 2177,2801 2231,2804 2284,2806 2338,2809"/>
                <TextEquiv>
                    <Unicode>wie in der Direktionsloge herauszufühlen schien, bewahrte</Unicode>
                </TextEquiv>
            </TextLine>
            <TextLine id="r1l53" custom="readingOrder {index:52;}">
                <Coords points="1264,2797 2353,2855 2342,2807 1266,2756"/>
                <Baseline points="1274,2795 1327,2798 1381,2802 1434,2805 1488,2808 1541,2812 1595,2814 1648,2818 1702,2820 1755,2823 1809,2826 1862,2828 1916,2830 1969,2832 2023,2835 2076,2837 2130,2840 2183,2842 2237,2844 2290,2846 2344,2849"/>
                <TextEquiv>
                    <Unicode>anfänglich eine vornehme Reserviertheit. Jene Reserviert¬</Unicode>
                </TextEquiv>
            </TextLine>
            <TextLine id="r1l54" custom="readingOrder {index:53;}">
                <Coords points="1256,2870 1379,2845 2284,2911 2363,2892 2365,2858 1259,2798"/>
                <Baseline points="1266,2841 1320,2843 1374,2845 1429,2848 1483,2851 1537,2853 1592,2855 1646,2858 1700,2860 1755,2863 1809,2865 1863,2869 1918,2871 1972,2874 2026,2876 2081,2879 2135,2881 2189,2884 2244,2887 2298,2889 2353,2892"/>
                <TextEquiv>
                    <Unicode>heit, die man hierzulande einem individuellen Gaste ent¬</Unicode>
                </TextEquiv>
            </TextLine>
            <TextLine id="r1l55" custom="readingOrder {index:54;}">
                <Coords points="1291,2883 1321,2871 1334,2882 1371,2881 1395,2893 1416,2883 1476,2894 1517,2882 1530,2894 1540,2886 1560,2889 1561,2864 1421,2859 1378,2844 1348,2849 1292,2840"/>
                <Baseline points="1301,2878 1326,2878 1351,2879 1376,2880 1401,2881 1426,2883 1451,2883 1476,2884 1501,2884 1526,2884 1552,2883"/>
                <TextEquiv>
                    <Unicode>Westtuste </Unicode>
                </TextEquiv>
            </TextLine>
            <TextLine id="r1l56" custom="readingOrder {index:55;}">
                <Coords points="1305,2977 1681,2992 1742,2964 2329,3010 2411,2971 1306,2949"/>
                <Baseline points="1315,2968 1369,2969 1423,2969 1477,2970 1532,2971 1586,2972 1640,2973 1695,2975 1749,2976 1803,2978 1858,2980 1912,2982 1966,2983 2020,2986 2075,2988 2129,2990 2183,2991 2238,2993 2292,2995 2346,2997 2401,2999"/>
                <TextEquiv>
                    <Unicode>gegenzubringen pflegt. Aber nach dem letzten Akte griffen</Unicode>
                </TextEquiv>
            </TextLine>
            <TextLine id="r1l57" custom="readingOrder {index:56;}">
                <Coords points="1312,3019 2400,3055 2417,3003 1313,2977"/>
                <Baseline points="1321,3006 1375,3007 1429,3009 1483,3011 1538,3012 1592,3014 1646,3016 1701,3018 1755,3020 1809,3021 1864,3023 1918,3025 1972,3026 2026,3028 2081,3030 2135,3031 2189,3033 2244,3035 2298,3037 2352,3038 2407,3040"/>
                <TextEquiv>
                    <Unicode>die guten Geister des Hauses ein. Zweimal oder dreimal</Unicode>
                </TextEquiv>
            </TextLine>
            <TextLine id="r1l58" custom="readingOrder {index:57;}">
                <Coords points="1307,3051 2344,3090 2405,3054 1308,3010"/>
                <Baseline points="1316,3043 1372,3047 1429,3050 1486,3052 1543,3054 1599,3056 1656,3057 1713,3059 1770,3061 1827,3062 1883,3063 1940,3065 1997,3066 2054,3068 2111,3070 2167,3072 2224,3074 2281,3077 2338,3080 2395,3084"/>
                <TextEquiv>
                    <Unicode>lud man den zögernden Meister vor die Rampe. Und so</Unicode>
                </TextEquiv>
            </TextLine>
            <TextLine id="r1l59" custom="readingOrder {index:58;}">
                <Coords points="1314,3096 2403,3125 2391,3079 1316,3047"/>
                <Baseline points="1324,3083 1377,3086 1430,3090 1484,3093 1537,3095 1591,3096 1644,3098 1698,3099 1751,3101 1805,3102 1858,3102 1911,3103 1965,3104 2018,3105 2072,3106 2125,3107 2179,3109 2232,3111 2286,3113 2339,3116 2393,3118"/>
                <TextEquiv>
                    <Unicode>konnte man ihm für alle Genüsse, die sein Gesamtwerk seit</Unicode>
                </TextEquiv>
            </TextLine>
            <TextLine id="r1l60" custom="readingOrder {index:59;}">
                <Coords points="1304,3133 2410,3148 2405,3117 1306,3092"/>
                <Baseline points="1314,3124 1368,3127 1422,3129 1476,3131 1531,3133 1585,3135 1639,3137 1694,3138 1748,3140 1802,3141 1857,3143 1911,3144 1965,3146 2019,3147 2074,3149 2128,3151 2182,3153 2237,3155 2291,3157 2345,3159 2400,3162"/>
                <TextEquiv>
                    <Unicode>Jahren den Zuschauern und Lesern gewährt, eine herzlich</Unicode>
                </TextEquiv>
            </TextLine>
            <TextLine id="r1l61" custom="readingOrder {index:60;}">
                <Coords points="1312,3170 2338,3211 2404,3192 2405,3159 1313,3133"/>
                <Baseline points="1322,3163 1375,3166 1429,3169 1482,3171 1536,3173 1590,3175 1643,3177 1697,3179 1751,3181 1804,3182 1858,3184 1912,3185 1965,3187 2019,3188 2073,3189 2126,3191 2180,3192 2234,3193 2287,3195 2341,3196 2395,3198"/>
                <TextEquiv>
                    <Unicode>dankbare Ovation bereiten. „Schnitzler und Publikum“ ist</Unicode>
                </TextEquiv>
            </TextLine>
            <TextLine id="r1l62" custom="readingOrder {index:61;}">
                <Coords points="1309,3207 2397,3246 2398,3205 2318,3191 1310,3173"/>
                <Baseline points="1318,3203 1371,3205 1424,3208 1478,3210 1531,3212 1585,3214 1638,3215 1692,3217 1745,3219 1799,3220 1852,3222 1905,3223 1959,3225 2012,3226 2066,3228 2119,3229 2173,3231 2226,3232 2280,3234 2333,3237 2387,3238"/>
                <TextEquiv>
                    <Unicode>ein besonderes Kapitel, das inieressante Seiten enthält und</Unicode>
                </TextEquiv>
            </TextLine>
            <TextLine id="r1l63" custom="readingOrder {index:62;}">
                <Coords points="1312,3246 2326,3292 2412,3246 1313,3205"/>
                <Baseline points="1321,3243 1375,3246 1429,3248 1483,3251 1537,3253 1591,3255 1645,3257 1699,3259 1753,3261 1807,3263 1861,3265 1915,3266 1969,3268 2023,3269 2077,3271 2131,3273 2185,3274 2239,3276 2293,3278 2347,3279 2401,3281"/>
                <TextEquiv>
                    <Unicode>hier schon nach der Hamburger Vorlesung des „Leutnant</Unicode>
                </TextEquiv>
            </TextLine>
            <TextLine id="r1l64" custom="readingOrder {index:63;}">
                <Coords points="1305,3304 2300,3334 2409,3322 2411,3272 1307,3244"/>
                <Baseline points="1315,3280 1369,3282 1423,3286 1477,3288 1532,3291 1586,3294 1640,3296 1694,3298 1749,3300 1803,3302 1857,3305 1911,3306 1966,3308 2020,3309 2074,3311 2128,3312 2183,3314 2237,3315 2291,3316 2345,3317 2400,3318"/>
                <TextEquiv>
                    <Unicode>Gustl“ aufgeblättert wurde. Wer die Konstituierung seiner</Unicode>
                </TextEquiv>
            </TextLine>
            <TextLine id="r1l65" custom="readingOrder {index:64;}">
                <Coords points="1313,3330 2264,3367 2406,3325 1314,3282"/>
                <Baseline points="1323,3323 1376,3325 1430,3327 1483,3329 1537,3332 1591,3334 1644,3336 1698,3337 1751,3339 1805,3341 1859,3343 1912,3345 1966,3346 2019,3348 2073,3349 2127,3351 2180,3352 2234,3353 2287,3353 2341,3354 2395,3355"/>
                <TextEquiv>
                    <Unicode>frühestey Gemeinde, die einst ein ganz spärliches und be¬</Unicode>
                </TextEquiv>
            </TextLine>
            <TextLine id="r1l66" custom="readingOrder {index:65;}">
                <Coords points="1307,3362 2365,3413 2397,3360 1309,3324"/>
                <Baseline points="1317,3362 1370,3364 1423,3367 1477,3370 1530,3372 1584,3374 1637,3376 1690,3378 1744,3380 1797,3382 1851,3384 1904,3385 1957,3386 2011,3389 2064,3390 2118,3392 2171,3393 2224,3395 2278,3396 2331,3399 2385,3400"/>
                <TextEquiv>
                    <Unicode>dächtiges Häuflein gewesen, persönlich miterlebt hat, muß</Unicode>
                </TextEquiv>
            </TextLine>
            <TextLine id="r1l67" custom="readingOrder {index:66;}">
                <Coords points="1302,3416 2375,3456 2388,3412 1304,3354"/>
                <Baseline points="1312,3403 1365,3405 1418,3407 1471,3410 1525,3411 1578,3413 1631,3415 1684,3416 1738,3418 1791,3420 1844,3421 1897,3423 1951,3424 2004,3426 2057,3428 2110,3430 2164,3431 2217,3433 2270,3434 2323,3437 2377,3438"/>
                <TextEquiv>
                    <Unicode>sich über das imposante Wachstum dieser Anhänger und An¬</Unicode>
                </TextEquiv>
            </TextLine>
            <TextLine id="r1l68" custom="readingOrder {index:67;}">
                <Coords points="1305,3455 2399,3471 2367,3435 1828,3447 1307,3408"/>
                <Baseline points="1315,3442 1368,3445 1422,3448 1476,3450 1529,3452 1583,3454 1637,3456 1690,3458 1744,3460 1798,3461 1852,3463 1905,3464 1959,3465 2013,3467 2066,3468 2120,3470 2174,3471 2227,3472 2281,3474 2335,3475 2389,3477"/>
                <TextEquiv>
                    <Unicode>hängerinnen doppelt freuen. Darüber gibt der Auflagen¬</Unicode>
                </TextEquiv>
            </TextLine>
            <TextLine id="r1l69" custom="readingOrder {index:68;}">
                <Coords points="1302,3485 2329,3531 2395,3514 2397,3476 1621,3472 1303,3431"/>
                <Baseline points="1311,3484 1364,3486 1418,3489 1472,3491 1526,3493 1580,3495 1633,3497 1687,3498 1741,3500 1795,3502 1849,3503 1902,3504 1956,3506 2010,3507 2064,3508 2118,3510 2171,3510 2225,3511 2279,3513 2333,3514 2387,3515"/>
                <TextEquiv>
                    <Unicode>bericht des Verlags S. Fischer in Berlin die zuverlässigste</Unicode>
                </TextEquiv>
            </TextLine>
            <TextLine id="r1l70" custom="readingOrder {index:69;}">
                <Coords points="1305,3532 2209,3575 2370,3570 2398,3529 1306,3484"/>
                <Baseline points="1315,3524 1368,3526 1422,3529 1475,3532 1529,3534 1583,3536 1636,3538 1690,3540 1743,3542 1797,3543 1851,3544 1904,3546 1958,3547 2011,3548 2065,3549 2119,3550 2172,3550 2226,3551 2279,3552 2333,3553 2387,3553"/>
                <TextEquiv>
                    <Unicode>Auslunft. Denn es zugt sich, daß beispielsweise die Bücher</Unicode>
                </TextEquiv>
            </TextLine>
            <TextLine id="r1l71" custom="readingOrder {index:70;}">
                <Coords points="1300,3582 1703,3565 2358,3609 2399,3558 1301,3531"/>
                <Baseline points="1310,3563 1363,3567 1417,3570 1471,3573 1525,3575 1579,3578 1633,3579 1687,3581 1741,3582 1795,3584 1849,3585 1902,3586 1956,3587 2010,3588 2064,3589 2118,3591 2172,3592 2226,3594 2280,3596 2334,3599 2388,3601"/>
                <TextEquiv>
                    <Unicode>„Der Weg ins Freie" „Gustl“, „Dämmerseelen“, „Anatol“,</Unicode>
                </TextEquiv>
            </TextLine>
            <TextLine id="r1l72" custom="readingOrder {index:71;}">
                <Coords points="1305,3607 2357,3649 2393,3597 1306,3587"/>
                <Baseline points="1314,3603 1367,3606 1420,3608 1474,3611 1527,3613 1581,3615 1634,3617 1687,3618 1741,3620 1794,3621 1848,3622 1901,3624 1954,3625 2008,3626 2061,3628 2115,3629 2168,3631 2221,3633 2275,3635 2328,3637 2382,3640"/>
                <TextEquiv>
                    <Unicode>„Liebelei“, „Die Frau des Weisen", „Frau Bertha Garlan“,</Unicode>
                </TextEquiv>
            </TextLine>
            <TextLine id="r1l73" custom="readingOrder {index:72;}">
                <Coords points="1301,3652 2372,3694 2389,3642 1302,3624"/>
                <Baseline points="1310,3643 1363,3645 1416,3647 1470,3649 1523,3650 1577,3652 1630,3654 1684,3656 1737,3658 1791,3659 1844,3661 1897,3663 1951,3665 2004,3667 2058,3668 2111,3670 2165,3672 2218,3673 2272,3675 2325,3676 2379,3678"/>
                <TextEquiv>
                    <Unicode>„Lebendige Stunden“ bereits über die 7., 8., 9., 10., 15. und</Unicode>
                </TextEquiv>
            </TextLine>
            <TextLine id="r1l74" custom="readingOrder {index:73;}">
                <Coords points="1296,3688 1938,3700 1999,3729 2346,3728 2381,3691 1297,3654"/>
                <Baseline points="1305,3681 1358,3683 1411,3686 1464,3689 1518,3692 1571,3694 1624,3696 1678,3698 1731,3700 1784,3702 1838,3703 1891,3705 1944,3707 1997,3708 2051,3710 2104,3711 2157,3713 2211,3714 2264,3716 2317,3718 2371,3719"/>
                <TextEquiv>
                    <Unicode>20. Auflage hinausgediehen sind. Wovon auch die Ham¬</Unicode>
                </TextEquiv>
            </TextLine>
            <TextLine id="r1l75" custom="readingOrder {index:74;}">
                <Coords points="1290,3733 2081,3779 2338,3768 2398,3725 1291,3686"/>
                <Baseline points="1299,3720 1353,3724 1407,3726 1462,3729 1516,3731 1571,3734 1625,3735 1679,3737 1734,3739 1788,3740 1843,3742 1897,3743 1951,3744 2006,3745 2060,3747 2115,3748 2169,3750 2223,3752 2278,3754 2332,3756 2387,3759"/>
                <TextEquiv>
                    <Unicode>burger Theaterarchive, Buchhandlungen und Leihbibliotheken</Unicode>
                </TextEquiv>
            </TextLine>
            <TextLine id="r1l76" custom="readingOrder {index:75;}">
                <Coords points="1278,3791 1494,3781 1632,3800 1726,3777 1831,3799 1843,3748 1279,3735"/>
                <Baseline points="1288,3759 1315,3761 1342,3762 1369,3763 1397,3763 1424,3765 1451,3766 1479,3767 1506,3767 1533,3768 1561,3769 1588,3770 1615,3770 1642,3771 1670,3771 1697,3771 1724,3772 1752,3772 1779,3772 1806,3772 1834,3771"/>
                <TextEquiv>
                    <Unicode>mancherlei zu erzählen wissen</Unicode>
                </TextEquiv>
            </TextLine>
            <TextLine id="r1l77" custom="readingOrder {index:76;}">
                <Coords points="2153,3810 2211,3815 2245,3809 2269,3818 2280,3809 2312,3819 2333,3811 2355,3814 2358,3765 2345,3762 2339,3768 2306,3758 2281,3768 2242,3757 2214,3763 2186,3753 2155,3761"/>
                <Baseline points="2163,3786 2189,3787 2215,3788 2241,3789 2267,3791 2293,3792 2319,3794 2346,3797"/>
                <TextEquiv>
                    <Unicode>Ant. L.</Unicode>
                </TextEquiv>
            </TextLine>
            <TextEquiv>
                <Unicode>box 20/5
14: Der Schlefer der Beatrice
Büro-Ausstellung Wien 8.—19. November
siehe Rückseite.
Telephon 12.801,
Da
SODSEITER
 I. österr. behördi. konz. Unternehmen für Zeitungs-Ausschaltte
Wien, I., Concordiaplatz 4.
Vertretungen
in Berlin, Budapest, Chicago, Christlanla, Genf, Kopen¬
hagen, London, Madrid, Mailand, Minneapolls, New-Vork.
Peris, Rom, öan Francisco, Stockholm, St. Petersburg.
(Gnellenangabe ehne Gewübe).
Ausschnitt aus:
177
Pn 1
1 1911
Nene Halaburger Zeitung
gee ge
lohren. Dort meldet sich ein Lindwurm.
 Deutsches Schauspielhaus. Arthur Schnitzler in
Hamburg. Drei Schnitzler=Abende sind der verkönlichen
Anwesenheit des Dichters gewidmet. Drei Aufführungen
aus seinem Gesamtwerke. Ein Triptychen, das auf der drei¬
teiligen Bildfläche die Entwicklungsjahre 1890, 1900, 1910
verbindet und aus der jüngsten Bekenntnisform des Dra¬
matikers („Das weite Land“) über die phemtastische Pro¬
blematik seiner zweiten Jugend („DerSchleier der Bea¬
trice") in das erste Beichtgeheimnis („Anatol“) zurückführt.
Da hat man gewissermaßen ein dreifach gegliedertes Sym¬
bol der psychologischen Schnitzler=Schlange, die sich selber
in den nachdenklichen Kopf greift und einen geschlossenen
Ring bildet. Der gestrigen Tragikomödie folgt heute das
Renaissancespiel, folgt morgen der dialogische Reigen.
Hoteldirektor Aigner blickt in den Spiegel seiner Ver¬
gangenheit und sieht sich als Dichter Filippo und am Ende
der Perspektive als Salonphilosoph Anatol wieder. Dieser
lange und tiefe Blick hat eigentümliche und aufschlußreiche
Reize. Denn er orientiert in der bündigsten Weise über
die schöpferische Persönlichkeit und über die stärksten Lebens¬
kapitel des Gestalters. — Die gestrige Vorstellung wurde
namentlich im ersten Aufzuge von einer intensiven Stim¬
mung getragen. Robert Nhil, Marie Elsinger und Fran¬
ziska Ellmenreich boten fundamentale Eindrücke, die der
szenischen Wirkung des zartgebauten Seelendramas ein
sicheres und umfassendes Gerüst gaben. Ihr intimes und
hochgemutes Spiel ließ über die verfehlte Darstellung des
Direktors Aigner (der „das Leben selbst“ und ein „höchst
merkwürdiger Mensch“ sein soll) füglich hinwegsehen. Das
Publikum, das den Dichter im Werke fast ebenso plastisch
wie in der Direktionsloge herauszufühlen schien, bewahrte
anfänglich eine vornehme Reserviertheit. Jene Reserviert¬
heit, die man hierzulande einem individuellen Gaste ent¬
Westtuste 
gegenzubringen pflegt. Aber nach dem letzten Akte griffen
die guten Geister des Hauses ein. Zweimal oder dreimal
lud man den zögernden Meister vor die Rampe. Und so
konnte man ihm für alle Genüsse, die sein Gesamtwerk seit
Jahren den Zuschauern und Lesern gewährt, eine herzlich
dankbare Ovation bereiten. „Schnitzler und Publikum“ ist
ein besonderes Kapitel, das inieressante Seiten enthält und
hier schon nach der Hamburger Vorlesung des „Leutnant
Gustl“ aufgeblättert wurde. Wer die Konstituierung seiner
frühestey Gemeinde, die einst ein ganz spärliches und be¬
dächtiges Häuflein gewesen, persönlich miterlebt hat, muß
sich über das imposante Wachstum dieser Anhänger und An¬
hängerinnen doppelt freuen. Darüber gibt der Auflagen¬
bericht des Verlags S. Fischer in Berlin die zuverlässigste
Auslunft. Denn es zugt sich, daß beispielsweise die Bücher
„Der Weg ins Freie" „Gustl“, „Dämmerseelen“, „Anatol“,
„Liebelei“, „Die Frau des Weisen", „Frau Bertha Garlan“,
„Lebendige Stunden“ bereits über die 7., 8., 9., 10., 15. und
20. Auflage hinausgediehen sind. Wovon auch die Ham¬
burger Theaterarchive, Buchhandlungen und Leihbibliotheken
mancherlei zu erzählen wissen
Ant. L.</Unicode>
            </TextEquiv>
        </TextRegion>
    </Page>
</PcGts>
