3436 4448
1936 187 2388 285 box 20/4
276 182 1786 294 14. DerSchleiender Beatrice
462 1242 566 1323 ∆#
1271 1260 3353 1338 Nardi, willen seiner Braut, der Gräfin Teresina Vaters, angetraut. Weshalb diese Eile? Nun, rausch sinn
1269 1317 3341 1378 Fantuzzi, die Treue. Er, ist innerlich wie um= einfach deshalb, weil Bologna eben nur noch für uns gestern
413 1259 1202 1413 Berliner Theaterbrief.
1278 1369 3347 1432 gewandelt und selbst die Not seiner Vaterstadt, diese eine Nacht Bologna ist, und dann, weil sichwerden auf)
1271 1417 2191 1474 gegen welche der grimme Cesare Borgia mit ge¬
2179 1417 3099 1459 auch der Herzog noch in dieser Nacht mit der
440 1395 1175 1495 „Der Schleier der Beatrice"
3087 1413 3364 1478 dieser ehem
1277 1453 2204 1517 waltiger Heeresmacht heranzieht, vermag ihn aus
2182 1459 3102 1518 schönsten Bologneser Jungfrau vermählen will!
548 1449 1101 1533 von Arthur Schnitzler.
3088 1453 3349 1524 nicht lange
1273 1504 2197 1557 seiner Liebesschwelgerei nicht herauszureißen zu!
2177 1504 3100 1559 Wenn das keine Motive sind, dann giebt es eben
3099 1491 3360 1573 wirklich ein
597 1502 1046 1585 (Nachdruck verboten.)
1277 1549 2198 1610 männlichem Entschluß. Die Welt bedeutet ihm
2179 1540 3355 1604 überhaupt keine. Auf dem Wege zum Altar trittl machen, und
384 1556 1277 1644 Der Wiener Dichter des Anatol=Cyklus, des
1268 1585 2185 1653 Beatrice und außer ihr, ohne sie versinkt alles in
2193 1594 3099 1654 dem Brautpaar der Herzog in den Weg. Er
3089 1591 3348 1652 Mitspielende
358 1631 1271 1687 „grünen Kakadu“, der „Liebelei“ hat mit diesem
1280 1631 2183 1692 wesenloses Nichts. Bologna hat nur noch eine
2184 1635 3100 1693 bleibt wie gebannt von Beatrices Schönheit stehen,
3102 1636 3344 1693 Situationen
341 1668 1274 1720 Renaissance=Stück, das der theatertechnischen Be¬
1269 1676 2182 1736 Nacht vor sich, so versichern uns alle Personen in
2189 1680 3099 1735 allein nach Verhandlungen mit ihrem Bruder
3094 1676 3350 1742 Kräfte versag
346 1718 1262 1774 quemlichkeit halber in Bologna zur Zeit Lionardo
1279 1721 2182 1784 diesem Stücke, obwohl wir von einigen vernünftig
2177 1719 3090 1783 Francesco, der freiwillig unter die herzoglichen
3095 1726 3353 1795 Irene Tr
347 1742 1267 1818 Bentivoglios und Cäsare Vorgias spielt, ein neues
1271 1758 2184 1827 gebliebenen Bürgern dieser Stadt die beruhigend¬
3098 1771 3235 1825 rolle.
2184 1769 3104 1836 Scharen getreten, gibt er Beatrice frei. Allein
339 1788 1269 1863 Gebiet betreten. Bewegte er sich bisher zu aller¬
1266 1805 2183 1869 sten Angaben über den Stand der Verteidigungs¬
2188 1786 3353 1881 jetzt bleibt diese wortlos und in Verzücktheit wie) Ver#in,
348 1842 1274 1902 meist unter den Mitgliedern der österreichischen,
1265 1844 2181 1907 vorbereitungen, über den ungebrochenen Mut der
2178 1856 3108 1922 Elsa von Brabant vor dem Schwanenritter stehen
343 1888 1269 1952 speziell wienerischen Lebewelt nebst ihrem weib¬
1276 1899 2186 1960 Verteidiger selbst und über den für mindestens
2184 1903 3104 1949 und erklärt endlich nach minutenlangem Schweigen,
353 1938 1270 1992 lichen Zubehör und unserer unmittelbaren Gegen¬
1278 1937 2184 1995 sieben Tage reichenden Mundvorrat erhalten.
2190 1941 3113 2008 dem Herzoge folgen zu wollen — aber nur als
344 1966 1270 2034 wart, so naht er uns diesmal in Prachtgewändern
1267 1984 2183 2046 Indessen diese Voraussetzung von dem unmittelbar
2177 1988 3110 2045 seine Gemahlin. Der Herzog willigt ein, und
341 2011 1268 2103 der italienischen Frührenaissance. Weshalb er
1273 2030 2176 2093 bevorstehenden gräßlichen Ende der herrlichen
2179 2029 3116 2078 binnen einer Stunde soll im Dome von Bologna
343 2065 1276 2121 dies tat, können wir natürlich nicht wissen. Hat
1276 2072 2193 2137 Stadt Bologna — Borgia ist bekanntlich kein
2181 2074 3114 2135 der Ehebund eingesegnet werden. Vittorino er¬
344 2108 1261 2180 er am Ende gleichsam als ein literarischer Egmont
1263 2100 2186 2183 Lamm als Sieger! — ist für den Dichter Schnitzler
2179 2118 3109 2185 sticht sich. Nach der Feier in der Kirche wird
345 2142 1261 2216 seinem Literatur=Clärchen versprochen, einmal
1266 2156 2186 2220 eine Notwendigkeit, um alle die Tollheiten in
2177 2162 3097 2235 Hochzeit im Schlosse geseiert. Filippo erfährt
346 2190 1262 2255 „spanisch“ zu kommen, um die Stickerei und das
1267 2199 2180 2260 seinem Stücke, alle die Wahnwitzigkeiten seiner
2173 2213 3109 2279 durch Zufall von dieser Begebenheit. Plötzlich
341 2242 1267 2301 Passement seiner Gewänder bewundern zu lassen?
1268 2245 2185 2299 Personen gerechtfertigt erscheinen zu lassen. Wir
2176 2253 3106 2329 erscheint Andrea, der Bruder jener Teresina
352 2286 1268 2346 Auch das wissen wir nicht. Aber die Vermutung
1265 2284 3094 2347 sehen wirklich Tollgewordene, aber freilich nicht! Fantuzzi, die vom Gram über den Treubruch
342 2334 1266 2388 liegt nicht so fern, daß Hugo v. Hofmannsthal, ein
1264 2336 3097 2410 in einem richtigen Tollhause, sondern in einer auf Filippos wahnsinnig geworden, um Rechenschaft
348 2374 1275 2422 Vertreter der neuesten Wiener dramatischen
1266 2375 2186 2444 des Dichters Befehl toll gewordenen Stadt. Hat
2172 2364 3103 2451 von dem Verräter zu fordern. Bei einem Haar,
345 2419 2184 2479 Stimmungsmalerei, es Herrn Schnitzler mit aber ein Dichter dazu ein Recht, eine ganze Ein¬
2174 2409 3104 2499 der bereits begonnene Zweikampf — ohne Zeugen
342 2443 1279 2524 seinem Vers=Haschisch angetan hat, auf daß er
1260 2459 2176 2521 wohnerschaft einer Stadt mit einem Male für un¬
2174 2462 3108 2522 natürlich! — hätte ein blutiges Ende genommen.
343 2493 1263 2562 dessen Dichtungsspuren folge. Es ist nämlich ge¬
1268 2516 2185 2573 zurechnungsfähig zu erklären, weil er, der Dichter,
2183 2516 3113 2561 Da hört Filippo seinen Namen von einer Frauen¬
339 2545 1269 2609 gradezu unfaßbar, über welch einen unversieglichen
1265 2541 2175 2619 seine Geschöpfe Handlungen begehen lassen will,
2170 2547 3103 2621 stimme ausrufen; er fleht Andrea fußfällig an,
346 2606 1266 2656 Quell von berauschenden Worten Schnitzler
1265 2595 2171 2647 die auf völlige Unzurechnungsfähigkeit der Han¬
2183 2602 3103 2656 ihn zu verlassen. Es geschieht und Beatrice er¬
344 2634 2174 2704 verfügt. Der Hörer wird geradezu in eine Artl deinden mit Notwendigkeit hinweisen? Hierauf
2171 2645 3098 2699 scheint. Im Hochzeitsgewande und noch mit dem
349 2681 1279 2730 von Narkose versetzt, so vielen Duft von üppigen
1259 2678 2176 2745 müssen wir trotz aller Anerkennung einer gewissen
2170 2686 3104 2752 „Schleier“ angetau, den ihr der Herzoggemahl
338 2708 1275 2783 Worten muß er während mehr als drei Stunden
1266 2722 2172 2788 dichterischen Begabung an Arthur Schnitzler
2175 2742 3115 2799 geschenkt, trirt sie in das Haus Filippos. Sie er¬
335 2761 2178 2834 in sich aufnehmen. Aber immer wieder mußte mit einem runden „Nein!“ antworten: Also:
2177 2782 3110 2840 zählt alles, was sich inzwischen begeben, und
335 2802 1276 2871 man es erfahren, daß ein unaufhörlich auf uns
1274 2808 2170 2876 Filippo und Beatrice leben in dem holdseligsten
2174 2826 3100 2890 Filippo ist noch von einem größeren Widerwillen
344 2856 1277 2913 herniederprasselnder Wortregen ebenso wenig zu
1269 2867 2168 2914 Vereine, ihre Liebe ist ungetrübt. Beide sind ent¬
2174 2872 3100 2932 gegen sie erfüllt. Aber sie wollen noch in dieser
350 2912 2176 2970 einer dramatisch wirkenden Sprache wird, wie schlossen, die wenigen Stunden zu benutzen, um
2170 2912 3100 2985 einen Nacht selig sein und dann sterben. Sie
337 2947 2169 3010 Renaissancegewänder Renaissancemenschen machen. den Mauern Bolognas, die sich ja schon morgen
2171 2955 3108 3028 trinken aus einem Becher, der mit angeblich ver¬
347 2994 2177 3053 Arthur Schnitzter hat sich eine phantastische dem fürchterlichen Vorgia öffnen werden, zu ent¬
2168 2996 3108 3066 gistetem Wein gefüllt ist. Beatrice beginnt
338 3030 1272 3095 Welt erträumt, die er mit phantastischen Ge¬
1259 3025 2169 3093 fliehen. Battista hat um zweihundert Goldstücke
2176 3041 3083 3106 ängstlich zu werden. Filippo blickt eiskalt. Bald
342 3076 1268 3138 schöpfen bevölkert. Dies ist sein unbestreitbares
1261 3073 2174 3141 die erforderlichen Pferde gekauft. Da erzählt
2172 3090 3106 3147 ist alles aus. Allein der Wein war gar nicht ver¬
347 3110 1270 3176 Dichterrecht. Und wenn er seine phantastischen
1258 3119 2168 3186 Beatrice eine Traumgeschichte, in welcher sie vom
2181 3134 3097 3175 giftet. Die Lebenslust erwacht von neuem.
338 3156 1281 3242 Gestalten in die Zeit der Vorgias versetzt, so kann
1262 3171 2179 3230 Herzoge entführt wird, und das bringt Filippo in
2170 3168 3100 3216 Aber Filippo hatt die Geschichte satt. Ein Becher
337 3206 2166 3270 ihm dies gleichfalls kein Mensch verwehren. Allein, solch eine Raserei, daß er sein angebetetes Wesen
2181 3211 3105 3289 gefüllt mit jenem Saft, der wirklich eilig trunken
340 3250 2170 3311 wenn er die Geschöpfe seiner Einbildungskraft! mit den Worten „Du Dirne des Traumes“ von
2176 3263 3103 3327 macht, aber für immer, steht noch im Zimmer,
342 3297 1272 3354 sinnlos walten läßt, dann hat der Hörer wie der
1260 3301 2187 3365 sich stößt und davonjagt. Man kann allenfalls
2178 3308 3091 3376 den ergreift Filippo und den trinkt er bis auf den
340 3331 1270 3404 Kriiker das Recht, an Schnitzler die Frage
1263 3346 2180 3406 diesen Zug eines überreizten Gemütes in einer
2174 3359 3087 3420 letzten Tropfen aus. Beatrice versichert einmal
338 3371 1275 3445 zu stellen: „Wie kommst Du dazu, Dein gutes
1265 3389 2178 3444 Märchenhandlung gelten lassen. Was geschieht
2169 3385 3079 3456 über dem andern: „ich will's ja tun“; allein der
340 3436 1270 3487 Dichterrecht derartig zu mißbrauchen, daß sich da¬
1256 3438 2183 3492 nun aber weiter? Beatrice, in ihr Elternhaus
2171 3440 3084 3502 Neidung hat ihr keinen Tropsen übrig gelassen
340 3471 1270 3527 raus völlige Ungereimtheiten ergeben?" Ein
1266 3478 2179 3522 zurückgekehrt, wird Hals über Kopf ihrem eigent¬
2178 3475 3075 3558 Filippo sinkt entseelt zu Boden. Beatrice abe
346 3523 2795 3570 Pbologneser Edler und ein Dichter Filippo Loschi! lichen Verlobten Vittorino Monaldi, einem tuch=! wird vom Herzog — begnadigt!
349 3567 3075 3647 Ebricht un eines Bürgermädchens, eben jener Beatricetigen Stempelschneider in der Werkstatt ihres! Diese Ausgeburten einer in einem Haschisdh
