3436 4384
258 297 1933 395 14. Der Schleier der Beatrice
1908 293 2369 396 box 20/1
795 858 1209 941 Telefon 12801.
332 948 1679 1064 Alex. Weigl'’s Unternehmen für Zeitungs-Ausschnitte
1342 1015 1578 1084 Ausschnht
1366 1074 1690 1172 Nr. #
416 1038 1329 1211 F „OBSERVER“
276 1142 1759 1263 I. österr. behördl. conc. Bureau für Zeitungsberichte u. Personalnachrichten
466 1238 1587 1344 Wien, IX. Türkenstrasse 17.
671 1324 1376 1425 — Filiale in Budapest: „Figyeló“ —
284 1401 1738 1498 Vertretungen in Berlin. Chicago, Genf, London, Newyork, Paris, Rom, Stockholm.
274 1528 834 1636 Ausschnitt aus:
795 1594 1512 1689 Auzohner Alldemeine Zeirung
283 1682 998 1813 N## 2 2½ 1000
1202 2000 1879 2110 S
3158 2048 3291 2143 menienlche
1578 2092 3332 2211 halb der nächsten zwei Jahre das betreffende Stück aufführen von Gunstbeweisen oder Will
705 2127 1375 2218 Feuilleton.
1578 2131 3324 2240 kann, nicht: aufführen muß. Unter solchen, nur den Antor durchschnitt nicht viel mehr a
1599 2185 3321 2290 bindenden Voraussetzungen wurden und we den Dramatikergegeben werden, ist es begrei
1599 2230 3325 2333 von Namen jahrelang hingehalten: Heyse's „Hochzeit auf dem und dreifach auf ihre Berech
514 2232 1619 2323 hm. Wien, 21. Sept. Burgtheater. („Tantiemen¬
1599 2277 2747 2358 Aventin“. Wilbrandts Schauspiele „Markgraf Waldemar“, „Die
434 2272 1609 2374 reverse.“) Zum erstenmal: „Die Mütter“. Schauspiel
2747 2313 3324 2382 Erachtens war es nicht nothu
1604 2319 2750 2402 Eidgenossen", „Der Herzog“ Halbe's „Eroberer“ seien nur
443 2324 1611 2407 in vier Akten von Georg Hirschfeld. Nur auf lästigen
2743 2353 3330 2414 Spieljahr Schnitzlers „Vermä
1597 2362 3317 2462 „beispielmäßig“ genannt für Legionen ähnlicher, berufener, (von denen „Der grüne Kakad
441 2364 1605 2455 Umwegen war gestern für den Theatergänger unser Hofschau¬
1600 2392 3329 2471 aber niemals auserwählter Dramen. Die Schnödigkeit dieser Hofzensur zum Opfer fiel) zu ge
443 2417 1603 2499 spielhaus zu erreichen. Die Ringstraße war durch Sicher¬
1604 2453 3326 2512 „Tantiemenreverse“ (so heißen die Autorenverträge) des Burg= auch über die Einreihung von H#
444 2454 1601 2540 heitswache, Infanterie und Kavallerie gesperrt. Und wenn
1600 2500 3326 2597 theaters hat Niemand schnöder und schadenfroher ausgenützt Volkstheater übernommenem)
358 2488 1605 2587 rg man endlich einen halbstündigen Bogen von der Donan durch
1601 2542 3327 2637 als Dingelstedt; sehr begreiflich, daß mitunter einem der mittelbar nach der Darstellung
440 2542 1608 2630 die Winkelgassen der Altstadt gemacht und den Marmorpalast
1602 2584 2745 2663 endlos Genarrten die Geduld riß. Aufs äußerste gereizt rückte
424 2582 1607 2661 " Semper=Hasenauer vor sich hatte, hemmten ein paar Dutzend
2740 2603 3329 2693 jahre Meinungsverschiedenheite
1588 2622 3321 2720 einer der gefürchtetsten „Dichter der inneren Stadt“ einmal Stück selbst hat Referent seiner
381 2610 3312 2758 ., Kanonen mit der entsprechenden Bedienungsmannschaft jedes dem mephistophelischen Direktor auf den Leib: „Herr Baron,“ so! Wiener Aufführung als Talent
426 2680 3317 2810 weitere Fortschreiten. Das kriegerische (dem friedlichen Ein= beginnt er wuthschnaubend in der Direktionskanzlei, „ich bin ge= des Bauernfeld=Preises würdi
421 2727 1600 2808 zug des Schah geltende) Bild gemuthete so manchen, gar
1583 2749 2744 2830 kommen, Ihnen endlich die Wahrheit zu sagen.“ „Thun Sie
2737 2781 3325 2860 unsres Erinnerns auch zugeb
346 2754 2742 2882 Abt nicht symbolistisch Gesinnten wie ein Sinnbild der Hinder= das, mein Lieber, in meinem Bureau wird ja sonst ohnedies
356 2794 1596 2879 Ab nisse, die jeder geraden, normalen Annäherung an die Hof¬
2739 2825 3316 2898 züge, guie Charakteristik, in
1586 2838 2736 2923 immer nur gelogen“. Dingelstedts Witz war gewiß besser,
425 2847 1593 2931 bühne sich entgegenthürmen. Der Zahlgast erhält unterwegs
2735 2870 3324 2943 Wärme, Innigkeit haben un
1587 2886 2744 2967 als alle Jambentragödien des mit so überlegenem Hohn „Ab¬
432 2888 1589 2974 die Karten für das Burgtheater nur — an der Kasse der
2731 2918 3323 2983 Drama wohlgethan. Bedenkli
1579 2925 2739 3006 geführten". Offene Fage bleibt aber, ob Laube's Derbheit,
354 2907 1594 3016 In Hofoper: diese abderitische Erschwerung des Theaterbesuchs
2735 2960 3315 3024 Darstellung berührten uns ab
352 2966 445 3027 bI
1583 2957 2739 3049 die sofort zu schroffer Ablehnung bereit war, und Wilbrandts
422 2971 1597 3071 ist den Rechenmeistern eines Hofamtes zu danken, die den
2727 3002 3319 3074 der überempfindsame, fragwü
1579 3013 3311 3118 muthige Offenheit nicht würdiger war als das neuerdingslerst den Anfang bedeutet für e
359 3050 446 3106 de
348 3019 3283 3106 wo Verdruß von tausend und aber tausend vielbeschäftigten Theater=beliebte Temporisiren und Diplomatisiren. Die Hauptschuld Jugendschuld eines „halben“,
363 3092 431 3163 WE
426 3068 3307 3143 freuuben als anantité negligeuble betrachten angesichts der an dem Fortbestand dieser jämmerlichen Mißhandlung der nun Solneß oder Rubeck heiß
420 3093 2728 3183 vermuthlichen Ersparniß der Bezüge für einen Tageskassier Dramatiker trifft aber einzig und allein sie selbst. Ein
2727 3177 3320 3242 Mütter“ das Beste, was Hirschf
413 3144 3312 3234 des Burgtheaters. Welche Rotten von leichter und schwerer Reiterei Erfolg im Burgtheater entschädigt künstlerisch und materiell spieler waren in einigen Rolle
413 3191 3315 3291 der Kritik, welche Festungswerke, Pionier= und Genietruppen! für so viel Fehlschläge, daß ein Kurtell aller namhaften Hr. Treßler) besser, in anderen
409 3223 1587 3321 aber schöpferische und darstellende Talente zu besiegen haben, bis
1575 3271 2738 3355 Autoren, der Hofbühne so lang fernzubleiben, bis die Tan¬
407 3286 1586 3365 sie — zumeist auf Schleichwegen und über Hintertreppen — Ein¬
2715 3313 3310 3369 Die Mutter der Schmittlein
1570 3308 3310 3420 tiemenreverse einer würdigeren Vertragsform gewichen sein! freundlichem Andenken. Frl.
406 3332 1588 3411 laß und nun gar Gehör beim obersten theatralischen Hofkriegsrath
1566 3344 2734 3442 werden, nach menschlicher Voraussicht nicht so bald zustande
402 3371 1584 3455 finden, das gäbe überreichen Stoff für den Satiriker eines
2710 3377 3302 3452 Arbeiterin. Hirschfeld wurde
1567 3408 2749 3504 kommen dürfte. Folge: alle zwei Jahre ein großer Rummel;
414 3412 1567 3497 modernsten Froschmänselerkriegs. Der tindliche Aufstandsversuch
1574 3448 2738 3530 so anno 1893 nach der formell und faktisch himmelschreienden
406 3453 1566 3538 Arthur Schnitzlers gegen die Tyrannis der „Tantiemen¬
1563 3487 2742 3576 Vergewaltigung von Fulda's „Talisman“; so 1900 infolge
407 3492 1568 3587 reverse“ hat, trotz seiner Leibwache von sechs Rezensenten,
1568 3532 2755 3630 der formell einwandfreien Ablehnung von Schnitzlers „Schleier#
398 3535 1569 3626 nicht die geringste Wirkung in der Gegenwart oder auf die
1566 3573 2745 3660 der Beatrice“ Uebrigens fiel es dem Sozigireformer Burk=
411 3582 1565 3670 Zukunft gehabt: „Die Luft hab' ich erschüttert, weiter nichts.“
1571 3622 2739 3700 hard nicht bei und fällt es ebensowenig einem der Väter der
400 3637 1578 3715 In diesem besonderen Falle traf die Tirektion keine Schuld.
1564 3664 2739 3751 Freien Bühne, Schleuther, ein, an den „Tantiemenreversen““
398 3671 1565 3751 Schleuther hatte den „Schleier der Beatriee" niemals formell
1562 3715 2752 3808 zu rütteln. Ach ja! in der Geier=Perspektive nimmt sich die
396 3729 1575 3809 angenommen. Aber selbst wenn ein Leiter des Burgtheaters
1564 3745 2739 3837 Welt anders aus, als in der Froschperspektive. Aufführung
393 3760 2749 3895 eine Komödie annimmt, so bedeutet das nur, daß er inner=Loder Verschieben eines Stückes nimmt deßhalb fast den Charakter!
