3484 4384
332 320 1840 420 14. Der Schleiender Reatrice
890 1272 1836 1356 scheinlichkeit und allen sittlichen Bedenken frei
890 1342 1848 1410 machen, wenn man die berauschende, wirbelnde
879 1385 1841 1437 Schönheit dieses Dramas genießen will. Kein ge¬
877 1437 1834 1494 waltiges historisches Gemälde wie den künstlerisch
882 1474 1835 1542 viel höher zu. werthenden „Schleier der Beatrice“
879 1505 1829 1577 entwirft Dormann, sondern ein Gedicht von einer
882 1563 1817 1632 ungeheuren, fast ungeheuerlichen, krankhaften Lei¬
879 1596 1114 1670 denschaft.
927 1643 1829 1733 Am Kastell von Abadessa steht Medusa Dionigi.
870 1691 1828 1778 Eines ungeliebten Schwächlings Frau soll sie heute
874 1754 1821 1811 werden, sie, in der „Gewaltiges und Schlimmes
871 1800 1828 1865 und eine heiße Lust an bösen Dingen schläft“. Sie
878 1848 1814 1910 erwartet wie Ibsens Nora das „Wunderbare“,
885 1883 1819 1948 richtiger: den Wunderbaren. Und der „könig¬
875 1941 1820 2010 liche Herr, der wilde Gott“ kommt in Sturm und
878 1973 1063 2041 Wetter.
994 2015 1611 2097 Ueber des Meeres grollende Wogen
979 2071 1302 2124 Kam er gezogen
981 2106 1593 2165 An den fernen, lockenden Strand,
987 2149 1494 2207 Abenteuern war er gewogen
979 2183 1777 2251 Und ihm flammte das Schwert in der Hand.
922 2247 1821 2322 Der Valentino ist ein gewaltthätiger Abenteurer,
870 2292 1821 2378 entschlossen, sein Leben rücksichtslos auszuleben.
881 2335 1221 2404 Er sagt von sich:
971 2372 1680 2454 Ich trag' in mir ein Letztes, Unfaßbares,
980 2422 1669 2493 Das kalten Blutes über Gräber springt
978 2469 1665 2541 Und über allen Leiden lachend schwebt.
915 2518 1816 2602 Und er lügt nicht; ihm, dem Manne schenkt
864 2571 1805 2641 der alte Führer des Volkes, der Heldengreis Jutro¬
858 2633 1796 2686 mir, sein blaues Zauberschwert, mit dem er Me¬
868 2670 1801 2735 dusens Bräutigam auf der Hochzeit im Kampfe er¬
864 2709 1808 2778 schlägt. Er bändigt die knirschenden Vasallen und
856 2767 1799 2816 während der Gefahr, in „purpurrothem Sterbe¬
852 2807 1797 2864 glück“ vereinigt er sich mit der wilden Frau, „die bis
864 2850 1797 2906 zur Seele küssen kann“. Aber er will sich nicht bin¬
866 2898 1792 2965 den lassen, auch nicht durch den Königsreif und
852 2933 1311 3008 durch die schönste Frau
977 2970 1683 3043 Soll ich die große Müdigkeit erwarten
966 3036 1715 3088 Und der Gewohnheit arme Fröhlichkeit? —
965 3071 1727 3138 Ich will nicht niedersteigen von den Höh'n,
976 3117 1728 3173 Die ich erklomm am Strand von Abadessa,
977 3158 1704 3211 Mit einem Sprunge rett' ich mich hinüber
962 3198 1629 3250 In eine neue Welt mit neuen Zielen!
973 3216 1697 3291 Der Herr von Abadessa geht von dannen,
966 3270 1733 3331 So wie er kam, mit leichtbeschwingtem Fuß!
961 3318 1642 3368 Beladen mit den Schätzen seiner Seele
962 3340 1623 3412 Fängt er sein altes Leben fröhlich an,
972 3398 1671 3448 Ein ewger Sucher, der nicht finden will
946 3437 1757 3517 Und mit dem Leben rauft und spielt und jagt —
2002 316 2441 403 box 20/1
1937 1292 2717 1375 Und lachend fahren läßt den schönsten Preis,
1941 1349 2639 1410 Wenn er genug gespielt und Neues will,
1941 1383 2622 1446 Treulosigkeit allein schenkt selge Kraft!
1938 1422 2655 1487 Wer treu ist, der vertrocknet und versiegt!
1881 1456 2780 1528 Doch Medusa ist seiner wilden Selbstsucht eine
1850 1522 2785 1587 ebenbürtige Genossin und läßt ihn nicht zu „neuen
1847 1568 2784 1635 Sonnen“ ziehen. Sie stößt ihm den Dolch in's
1830 1587 2781 1694 Herz und zündet sich und ihm das Kastell von Aba¬
1838 1655 2329 1727 dessa zur Todtenfeier an.
1877 1697 2782 1783 Weder Valentino noch Medusa sind Menschen,
1834 1759 2768 1823 sondern Wesen von einer Brünstigkeit und Wild¬
1832 1797 2781 1868 heit, für die unsere Sprache bisher eines Ausdruckes
1835 1851 2784 1917 nicht bedurft hat. Nichts Edles und Reines ist in
1838 1888 2778 1967 diesem Drama. Aber ich glaube dennoch, daß sich
1840 1939 2777 1995 weder Leser noch Hörer dem Zauber werden ent¬
1831 1979 2769 2049 ziehen können, den der gewaltige Lebenswille dieser
1838 2025 2776 2087 Titanen und die berückenden Verse ausströmen.
1832 2061 2765 2131 Sie sind stärker als unsere Vernunft und unsere,
1832 2111 2755 2180 Sittlichkeit. Nur einem Dichter von ganz unges
1826 2163 2750 2238 wöhnlicher Art konnte „Der Herr von Aba
1824 2197 2210 2274 dessa“ entstehen.:
1862 2249 2046 2318 Wien.
2198 2245 2719 2322 Dr. Ludwig Bauer.
1858 2345 2733 2433 Buntes Jeuilleton.
1853 2430 2773 2497 * Die dekorirten Sekundaner. Der Besuch des
1824 2482 2765 2531 „Sühneprinzen“ in Berlin hat eine große Reihe
1822 2518 2757 2577 von Seltsamkeiten mit sich gebracht, die so bald aus der
1822 2552 2761 2606 öffentlichen Diskussion nicht verschwinden werden.
1822 2600 2763 2652 Aber mit das Seltsamste wohl ist es, daß Prinz
1826 2632 2768 2695 Tschun im Namen seines Bruders, des Kaisers von
1815 2669 2769 2745 China, zwei Sekundaner eines in Berlin W. gelegenen
1827 2720 2765 2764 Gymnasiums dekorirt hat. Die Untersekunda jener von
1820 2754 2762 2820 den Söhnen hoher Herren viel frequentirten Anstalt ist
1824 2799 2760 2849 nicht wenig stolz darauf, daß sie nun auch zwei Ordens¬
1823 2843 2761 2891 ritter in ihrer Mitte zählt. Und das kam, wie Berliner
1823 2880 2752 2944 Blätter melden, so: Prinz Tschun war zu dem Feste, das
1820 2927 2765 2977 ein hoher Reichsbeamter ihm zu Ehren veranstaltet
1817 2962 2757 3023 hatte, erschienen und hatte auch ein Päckchen Orden mit¬
1804 3007 2764 3078 gebracht die er im Namen seines kaiserlichen Bruders
1805 3033 2754 3102 an den Gastgeber und andere illustre Personen zu ver¬
1809 3078 2758 3143 theilen gedachte. Nach Aufhebung der Tafel stellte der
1821 3127 2744 3179 Gastgeber dem Prinzen Tschun seinen Sohn, einen
1808 3163 2755 3224 strammen Sekundaner, vor, und auch ein Schulkamerad
1801 3195 2750 3269 des Letzteren, gleichfalls der Sohn eines hohen Beamten,
1810 3242 2753 3304 hatte das Vergnügen, den Sühneprinzen von Angesickt
1813 3285 2753 3348 kennen zu lernen. Prinz Tschun war sehr erfreut, die
1816 3327 2743 3385 Bekanntschaft der beiden jungen Herren zu machen, und
1814 3374 2748 3421 er verabsäumte nicht, ihnen bei Beendigung des Ge¬
1825 3409 2757 3458 spräches je einen chinesischen Orden zu überreichen. Die
1802 3446 2759 3526 beiden Sekundaner sind begreiflicherweise recht stolz auf
