3484 4320
1911 177 2371 278 box 20/4
251 180 1768 265 14: Der schleienderBeatrice
1947 606 2726 847 19- #77
1639 868 1849 945 Theater.
2314 865 2452 942 257
1049 936 2444 1020 Häuser mne die behaglichen Menschen studiert, oder er gönnt in einen von
1041 1017 2445 1084 gedämpftem Licht erfüllten Interieur dem vielgeplagten Auge Ruhe.
2523 883 2771 1144 (e,
1043 1066 2445 1125 Skarbina gehört zu denjenigen deutschen Künstlern der Gegenwart, die sich
1041 1116 2453 1168 nach einer Beseelung des Impressionismus sehnen, nach einer Aberwindung
1039 1167 2436 1215 des Dogmas vom „Nurmalerischen“, zu dem er verführen kann, bei Auf¬
1033 1209 2456 1279 rechterhaltung all der nie mehr entbehrlichen technischen Fortschritte, die er
1045 1263 1422 1328 uns gebracht hatt.
1138 1301 2457 1358 Diese Sehnsucht ist eine notwendige und eine gesunde. Ob sie aber
1048 1348 2449 1402 schon so bald ihr Ziel erreichen wird? Jedenfalls können wir vor der
1038 1392 2450 1465 Hand die Schule des Impressionismus, die uns so sehr gesund ist, noch auf
1043 1462 2448 1505 lange Zeit hinaus nicht entbehren. Und darum schadet es gar nichts, wenn
1038 1511 2446 1564 die Berliner Sezession mit solcher Energie auf diese nächste Aufgabe hin¬
1043 1563 2450 1620 weist und in ihrer fünften Sommerausstellung, die zu Beginn des April
1046 1606 2450 1664 eröffnet wurde, ihr Programm schärfer als je formuliert hat. Anser Ziel
1045 1661 2469 1726 in Deutschland geht über den Impressionismus hinaus. Doch unser Weg
1037 1691 1540 1781 führt durch ihn hindurch.
1622 1903 1872 1987 Theater.
1522 1967 1972 2055 Von Karl Strecker.
1133 2047 2453 2116 Die echt menschliche Gepflogenheit: Tote in ihrer Bedeutung nicht
1043 2107 2429 2150 nur gerechter, sondern schlechthin höher zu werten als Lebende —
1046 2138 2458 2203 seelenkundlich wohl zu erklären, weil die Toten weder eine Meinung über
1040 2202 2454 2264 den Schätzenden haben, noch, hors concours, ihm schaden können — hat in
1039 2250 2443 2314 den letzten Wochen auch im Berliner Theaterleben ihre Früchtchen gezeitigt,
1042 2299 2456 2359 freilich recht faule Früchtchen, von denen sich kaum ein Wort zu reden
1037 2358 2447 2413 lohnte, wenn es sich nicht um Namen wie Ernest Renan und gar
1052 2400 2460 2449 Giordano Bruno handelte. — Irgend einer jener wohltätigen Zwecke,
1048 2451 2447 2496 die, höchst unwohltätig für den Zuschauer, sich immer einstellen, wenn ein
1037 2489 2443 2564 seiner Meinung nach verkannter Dramaturg oder Regisseur a. D. den
1039 2545 2453 2602 Drang fühlt, die stumpfe Welt an sein Vorhandensein zu erinnern und sein
1043 2594 2442 2649 Licht in einer Sondervorstellung, just um die Mittagstunde, leuchten zu
1037 2642 2441 2689 lassen, verschaffte uns die Bühnenbekanntschaft von Ernest Renans „Ab¬
1036 2696 2446 2749 tissin von Jouarre“. Es ist das letzte „philosophische Drama“ des aus
1049 2744 2457 2804 Wesenszügen von Platon und Voltaire wunderlich zusammengesetzten
1039 2801 2444 2862 Jesubiographen. Die für einen deutschen Gelehrten schlechthin undenkbare
1044 2844 2449 2896 Idee, seine Philosophie von den Brettern der Kulissenwelt herab ver¬
1040 2889 2450 2938 künden zu wollen, hatte in Renans echt französischer Veranlagung, seinem
1038 2939 2452 2999 geistigen Mutterboden, der von deutscher Bildung freilich wohl beackert
1050 2982 2454 3050 war, feste Wurzeln gefaßt. Er glaubte allen Ernstes, daß die moderne
1053 3036 2456 3091 Philosophie ihren „höchsten Ausdruck“ (seine eigenen Worte) im Drama
1046 3088 2438 3145 finden werde. Ihm träumte von einer Zukunftsbühne für frohe Adels¬
1041 3136 2447 3184 menschen, feine freie Geister, ein Theater, das nichts mehr gemein haben
1049 3185 2450 3242 sollte mit der heutigen dramatischen Industrieware, mit den Trauerspielen
1053 3234 2454 3300 für traurige, den Lustspielen für lächerliche Gesellen. Nein, „die tiefsten
1040 3296 2442 3349 Gedanken“, so ruft er in seiner Einleitung zu den „Drames philesophiques“
1119 3323 2455 3404 „sollen dort erklingen, und in dem Dialog der Ewigkeiten wird die
