3484 4384
1981 291 2468 407 box 20/1
333 300 1888 405 14. Der Schleier der Beatrice
1910 345 1984 408 1000
987 1165 1418 1271 Telefon 12801.
2447 1186 2888 1307 Telefon 12801.
515 1254 1883 1370 Alex. Weigl's Unternehmen für Zeitungs-Ausschnitte
1974 1296 3342 1409 Alex. Weigl's Unternehmen für Zeitungs-Ausschnitte
1523 1344 1736 1425 Ausschnftt
2326 1355 2516 1427 ——
2996 1373 3208 1446 Ausschnttt
533 1334 760 1474 108
827 1335 1509 1500 „OBSERVER“
1551 1389 1869 1505 Nr. 21
2002 1410 2977 1523 105 „OBSERVER“
3012 1417 3352 1528 Nr. 30
459 1475 3374 1618 I. österr. behördl. cone. Bureau für Zeitungsberichte u. Personalnachrichten I. österr. behördl. conc. Buréau für Zeitungsberichte u. Personalnachrichten
637 1540 1739 1657 Wien, IX/1 Türkenstrasse 17.
2096 1579 3209 1685 Wien, IX Türkenstrasse 17.
845 1621 1527 1713 Filiale in Budapest: „Figyelö“ —
2307 1653 2995 1749 — Filiale in Budapest: „Figyelé“ —
442 1675 1908 1815 Vertretungen in Berlin, Chicago, Genf, London, Neuerk, Paris, Rom, Stockholm.
1908 1716 3363 1814 Vertretungen in Berlin. Chicago, Genf, London, Newyork, Paris, Rom, Stockholm.
1459 1762 1572 1861 *
432 1796 1753 1988 Ausschnitt aus: Slowo Peistie, Krakau-
1919 1818 3200 1948 Ausschnitt aus: Kikerikl, Wien
433 1928 957 2061 vom 200000
1903 1947 2632 2090 von 2 7/9,190 0.
632 2141 1728 2254 7Berlin. Secessyjna stena w Berlinie dala
550 2186 1739 2305 w dein 21 wrzesnin premiere Knuta Hansuna „U bram
2113 2196 2566 2326 (Wko
2653 2220 2864 2327 en.
549 2258 1737 2352 panstwa“. Rzecz cala rozplywa sie w dyalogach, lecz
2037 2284 2915 2392 „Viele Juden sind des Schlenther Tod.
554 2321 1726 2406 figury sa swietnie zarysowaue. Schnitzlera „Zaslona
534 2362 1737 2463 Beatryczy“ bedzie niebawem wystawiona. Kochanska
551 2427 1458 2494 rozpoczuie swe wystepy w teatrze Krolla.
659 2467 1714 2549 Hamburg. Przedstawienia Goethowskiego „Fau¬
543 2496 1723 2615 sta“ w pierwotnej formie z wspanialg scenerye za¬
536 2550 1329 2631 konczyly sie olbrzymim sukeesem.
660 2596 1718 2695 Paryz. Sara Bernhard oglasza ostatnie trzy¬
537 2625 1714 2756 dziesei przedstawien „Orlecia“ Rostanda. Na jej miej¬
538 2700 1719 2795 sce wprowadza sie trupa komedyi francuskiej i rozpo¬
2342 2727 2919 2839 Bezugs-Bedingungen:
466 2753 1715 2832 Far Czyna przedstawienia „Angelem Malipieri“. Teatr
537 2820 1855 2906 Antoine'a graé bedzie sztuke Adalberta Vandeville Jusive
1927 2800 3083 2903 Für 50 Zeitungsausschnitte (Artikel oder Notizen). Kr. 15.—
2007 2846 2123 2903 100
1691 2869 1838 2919 orto.
2944 2833 3325 2945 28 — inclusive
549 2850 990 2947 „Pomysl mezat
2728 2876 2803 2936 9
2011 2890 2126 2947 200
3133 2899 3303 2949 Porto.
534 2899 668 2944 500
1682 2899 1838 2958 hlbar
2935 2905 3079 2968 50.—
1438 2889 1604 2972 110.—
1999 2897 2126 2976 500
3118 2935 3309 2982 Zahlbar
2915 2945 3092 3003 110.—
1422 2929 1869 3026 „ 200.—] Im Voraus.
1949 2946 2148 3041 „ 1000
2877 2971 3336 3060 „ 200.—] im Voraus.
2735 2962 2799 3045 1
541 2988 1898 3086 Im Gegensatze zu anderen Bureaux für Zeitungsausschnitte ist das
2017 3012 3353 3112 Im Gegensatze zu anderen Bureaux für Zeitungsausschnitte ist das
426 3013 1895 3142 Abonnement durch keine bestimmte Zeitdauer begrenzt; — auch stcht es den
1882 3070 3353 3158 Abonnement durch keine bestimmte Zeitdauer begrenzt; — auch steht es den
426 3078 1730 3171 Abonnenten frei die aufgegebenen Themen zu ergänzen oder zu ändern.
1893 3103 3196 3210 Abonnenten frei die aufgegebenen Themen zn ergänzen oder zu ändern.
532 3138 1887 3258 Der „OBSERVER“ veranstaltet täglich einen Auszug enthaltend die
1998 3165 3362 3274 Der „OBSERVER“ veranstaltet täglich einen Auszug enthaltend die
416 3159 1881 3284 Inhaltsangabe aller wichtigen Mittheilungen der Wiener Morgen¬
1886 3221 3350 3297 Inhaltsangabe aller wichtigen Mittheilungen der Wiener Morgen¬
415 3242 1886 3325 blätter (Tagesjournale ausser „Neue Freie Presse“ und „Wiener Zeitung“)
1894 3282 3356 3349 blätter (Tagesjournale ausser „Neue Freie Presse“ und „Wiener Zeitung“)
425 3271 1875 3358 wodurch eine Uebersicht über das gesammte politische und wirthschaftliche Leben
1898 3321 3340 3387 wodurch eine Uebersicht über das gesammte politische und wirthschaftliche Leben
409 3304 1888 3399 des In- und Auslandes in drastischer Kürze geboten wird. Diese Mittheilungen
414 3351 1246 3437 werden in Wien um 9 Uhr Früh verschickt.
1980 3361 3358 3457 In- und Auslandes in drastischer Kürze geboten wird. Diese Mittheilungen
1965 3387 2718 3480 rden in Wien um 9 Uhr Früh verschickt.
718 3415 1557 3541 Prospecte gratis und franco.
2184 3466 3041 3577 Prospecte gratis und franco.
