3484 4352
1929 210 2381 313 box 20/3
266 228 1780 352 14. Der schleier der Beatrice
2560 1017 2692 1106 169
1727 1020 2237 1113 Notizen und Besprechungen.
164 1040 421 1134 Besprechungen.
1291 1115 2682 1187 anderen Gestalten in Abstufungen, und je weiter sie von Frau Bertha
158 1122 872 1230 ielleicht schon morgen unsere geliebte
1291 1189 2686 1251 entfernt stehen, um so weniger Licht fällt auf sie. Am wenigsten wissen
676 1207 865 1269 u. s. w.
174 1210 589 1281 imnen aufgehen wird“
1289 1234 2689 1312 wir von dem großen Violinvirtnosen, der durch eine Welt von Frau
171 1257 876 1333 u gewisser Capponi, seines Zeichens
1294 1298 2696 1363 Vertha getrennt ist, obwohl ein Abend oder eine halbe Nacht sie äußerlich
173 1320 879 1387 Euch ein! Daß ich seufze, ist eine
1285 1353 2698 1412 recht nahe bringen. Noch nie hat ein Roman auf mich in seiner Kom¬
165 1358 885 1461 kit, wenn Ihr wollt, oder auch eine
1283 1411 2705 1469 position so sehr den Eindruck des Bildhaften gemacht, den Eindruck, ein
170 1422 876 1494 um auf das Rosenwasser zurückzu¬
1291 1465 1810 1536 Lebensgemälde zu sein.
184 1476 886 1558 h das persische gewesen sein.“ Kann
1390 1515 2702 1585 „Leutnant Gustl“ ist eine ganz nette Harmlosigkeit, harmlos auch
172 1534 887 1610 keuer kopiren? Auch der Herzog er¬
1295 1567 2695 1631 dann, wenn der Antor das Werkchen etwa satyrisch gemeint haben sollte.
173 1578 464 1676 Beatrice spricht:
1300 1613 2702 1674 Das Publikum hat viel Gefallen daran gefunden; denn es liegt schon die
179 1661 485 1746 zlich zu verzeih'n,
2281 1674 2611 1751 Max Lorenz.
1294 1678 1682 1764 vierte Auflage vor.
185 1689 568 1783 rückkehrst in's Schloß,
194 1770 565 1844 höchst verruchten Ort.“
1288 1809 2710 1890 Das tägliche Brod. Roman in zwei Bänden von C. Viebig. Verlag
183 1839 377 1922 ten Ort“!
1423 1879 2166 1958 von F. Fontane & Co., Berlin 1901.
187 1888 883 1979 ist vollkommen im Stile Shakespeare's
1392 1954 2708 2005 Dieser Roman ist ein gutes Exemplar seiner Art, nämlich des sozialen
179 1947 886 2040 sichter dem todten Helden gewöhnlich
1302 1987 2704 2056 Romans. Daß die soziale Dichtung in ästhetischer Beziehung am höchsten
646 2014 889 2087 o läßt auch
185 2015 570 2089 benden zu Theil wir
583 2013 635 2076 ,
1298 2058 2703 2127 steht, glaube ich nicht. Maupassant's Novellen verdienen den Vorzug vor
181 2074 551 2150 Bahre also sprechen:
1310 2095 2712 2164 Zola's Romanen. Der soziale Roman kann selten Anspruch erheben, als
192 2138 504 2228 Stadt vertraut ist,
1305 2148 2714 2229 Kunstwerk noch die Herzen künftiger Generationen zu ergreifen. Dafür
196 2217 552 2283 cht mehr ich und die,
1314 2203 2718 2280 aber ist sein Gegenwartswerth recht hoch anzuschlagen. Dieser Werth ist
193 2259 536 2328 f, im ersten Glüh'n
1311 2256 2710 2329 nicht allein, vielleicht nicht einmal in erster Linie, rein künstlerischer Natur.
188 2312 534 2372 zum Abschied grüßt,
1318 2314 2713 2387 Mehr als der Kunstfreund kann der Sozialpolitiker Interesse an dieser
184 2365 546 2428 hr geliebtes Dichters
1305 2384 2709 2441 Kunstgattung nehmen. Der soziale Roman bietet etwas, was die wissen¬
192 2409 484 2477 lio zu bestatten.
1316 2419 2720 2492 schaftliche volkswirthschaftliche Studie nicht zu geben vermag. Diese giebt
192 2447 597 2522 n! Die Spanne Zeit,
1314 2474 2709 2565 genaue Darstellung der Verhältnisse und ihrer Veränderlichkeit sie zeigt,
190 2514 596 2574 Lebens noch geflattert,
1305 2529 2723 2607 wie Dinge und Menschen sich mit einander verschieben. Sie behandelt
184 2554 575 2633 khr, sie starb mit ihm.
1317 2589 2724 2655 aber auch die Menschen in der Hauptsache wie Dinge. Der sozialpolitische
191 2605 493 2669 weil er sie liebte,
1314 2630 2726 2730 Roman vermag über dieses kalte Dingliche hinauszugehen und lebendige
205 2652 492 2730 r allen Frau'n!
1316 2691 2722 2776 Menschen mit Leib und Seele im Fluß des Lebens und der Verhältnisse
218 2723 911 2809 in hohem Maße Shakespeare'sches
1313 2743 2724 2831 deutlich vor Augen zu stellen. Frau Viebig's Roman ist eine Dienstboten¬
199 2788 917 2874 n nicht gerade das fehlte, was die
1314 2797 2728 2870 geschichte. Der Sozialpolitiker behandelt das in Hinsicht auf Lohn, Kost,
186 2840 741 2923 besitzen: Blut und Leben. —
1317 2853 2729 2936 Behandlung, Wohnung, Häufigkeit des Dienstwechsels, Gesindeordnung u. s. w.
200 2878 906 2965 a Garlan“ hat Schnitzler ein seiner
1326 2905 2736 2984 Die Klarstellung aller dieser Gesichtspunkte vermittelt einen wirklich
195 2946 901 3026 feines und vornehmes Kunstwerk ge¬
1316 2958 2728 3042 dentlichen Eindruck doch nicht. Wir kommen über äußeres Wissen nicht
200 3007 909 3081 ik der Darstellung kann kaum über¬
1320 3031 2735 3093 hinaus. Zu innerem Versiehen vermag uns der Dichter zu führen, indem
192 3060 918 3128 klau ist eine Dame, die ohne Liebe
1323 3068 2726 3151 er an Stelle des abstrakten Materials den konkreten Fall vorführt: das
190 3110 920 3172 lergroßen Gram Wittwe geworden ist.
1325 3121 2727 3194 Schicksal des Dienstmädchens, wie es vom Lande nach Berlin kommt und
201 3169 919 3243 in Sohn, kennt aber die Liebe nicht.
1329 3174 2733 3276 hier aus einem Hause ins andere geräth. Clara Viebig verdient das Lob,
200 3222 913 3292 hes zugleich über dieser Frauengestalt,
1327 3252 2734 3318 ihren Gegenstand mit lebhaftestem Mitempfinden, scharf eindringlichem
202 3271 913 3339 hrgestellt ist. Bewunderswerth ist die
1337 3288 2737 3380 Verständniß, großer Objektivität und vollkommener dichterischer Gestaltungs¬
188 3329 921 3403 Eertha Garlau steht in der Mitte. Sie
2313 3344 2663 3408 Max Lorenz.
1324 3355 1819 3442 kraft behandelt zu haben.
195 3397 938 3464 nnerste. Um sie gruppiren sich alle
197 3450 637 3546 ochene Beatrice nämlich.
