3484 4320
325 177 508 265 14.
1979 189 2422 279 box 20/5
515 197 1814 284 DeTte
1866 934 2442 1023 essen nicht gefährdet werven.
1875 997 2699 1081 Weiter meldet uns unser Korrespondent:
1895 1052 2930 1126 Id- London, 4. September. (Privattelegramm.) Die
1846 1088 2940 1169 (Kampagne zugunsten der Flottenvergrößerung, die von offi¬
1845 1136 2935 1208 ziöser Seite mit einem Artikel in der Morning Post
1323 1171 1697 1248 Telephon 12.801.
1846 1174 2943 1244 eingeleitet wurde, findet wieder einen neuen Anwalt in
1846 1260 2940 1342 rasthenisch gewandelt. Heute erkennt man, daß es unter
1839 1314 2951 1371 allen Umständen ein Verhängnis ist, wenn sich das an¬
845 1301 1510 1396 JOSENTEN
1838 1349 2939 1429 geborene Weltbild des absoluten Instinktmenschen nicht
1841 1391 2947 1463 mit den festen Umrissen der realen Gegenwart zu decken
818 1381 1679 1464 beh. konz. Unternehmen für Zeitungs¬
1840 1421 1964 1479 weiß.
1964 1432 2936 1492 Ein Mensch, der seine eingebildete Welt der ob¬
807 1439 1483 1504 Ausschnitte und Bibliographie.
1838 1475 2931 1522 jektiven Welt entgegenhält und aus Lebenssehnsucht am
778 1474 1544 1565 Wien, I., Concordiaplatz 4.
1836 1510 2926 1571 Leben zugrundegeht, kommt der unverrückbaren Logik
1839 1548 2928 1620 unserer Tage als verrücktes Gebilde vor. Dabei vergißt
994 1555 1328 1626 Vertretungen
1842 1574 2927 1654 man, daß sich gerade die Erkenntnisse der modernen
649 1609 1694 1677 Berlin, Brüssel, Budapest, Chicago, Cleveland, Christiania,
1834 1626 2925 1680 Wissenschaft in manchen Individuen zu neuen Instinkt¬
617 1655 1688 1720 Jenf, Kopenhagen, London, Madrid, Mailand, Minncapolls,
1837 1663 2933 1724 kräften umgeformt haben. Der komplizierte Intellekt
596 1685 1700 1751 New-Vork, Paris, Rom, San Francisco, Stockholm, St. Peters¬
1837 1700 2934 1766 unserer Zeit hat auch der Phantasie unserer Zeit in
998 1728 1292 1781 burg, Toronto.
1835 1756 2933 1819 manchen Individuen ein kompliziertes Gepräge gegeben.
945 1768 1356 1828 (Quellenangabe ohne Gewähr.)
1832 1780 2931 1838 Neben der Bildung hat sich die Einbildung unsäglich ver¬
1831 1817 2925 1881 feinert. Die Tragik des Phantasiemenschen, der sich
593 1818 979 1900 Ausschnitt aus:
1824 1844 2926 1922 dem Wirklichkeitsmenschen entgegenstellt, besteht dem¬
1087 1847 1584 1978 mburger Zeitung
1828 1914 2924 1966 gemäß noch immer zu Recht und ist unter den Einwir¬
582 1853 1086 1997 von. —  Mae
1832 1928 2925 2008 kungen der neueren Kultur umso starker und schärfer ge¬
1822 1977 2931 2046 diehen. Die Figur des praktischen Phantasten, der das
1831 2019 2922 2080 Seiw in sich aufsangen will, aber an die Außenwelt nur
1827 2046 2916 2112 selbstgeschaffene Maßstäbe anlegt und darum den Gegen¬
1830 2090 2910 2167 kräften des falschbehandelten Lebens erliegen muß, ist
907 2098 1549 2194 Deutsches Schauspielhaus.
1834 2141 2930 2208 also ein unveraltetes Phänomen. Ein Phänomen, das
1827 2166 2476 2230 sich unsäglich differenziert hat.
2481 2189 2916 2240 Ein Phänomen, das
741 2165 1732 2260 Der Schleier der Beatrice von ArtburSchler.
1823 2214 2932 2282 etwa von Parsifal zu Anatol führt und in Filippo Loschi
740 2241 1775 2308 Menschen, die auf den Wirklichkeitswert ihrer Empfin¬
1827 2257 2647 2326 eine noch steiler gebahnte Stufe erklimmt.
672 2271 1771 2348 dungen, Stimmungen, Launen und Träume eingeschworen
1878 2298 2923 2371 Als Schnitzler diesen autobiographischen Grundpfeiler
682 2325 1779 2375 sind, können in den Realitäten des Lebens nur unwirk¬
1830 2344 2921 2410 des Beatricedramas in den Jahren 1899 und 1900 schuf,
684 2363 1782 2425 liche Phantome erblicken. Der positive Gehalt des Seins
1826 2389 2924 2455 stand er zwischen den Problemen der „Kakadu“=Tragödie
686 2396 1772 2465 beginnt ihnen erst dort, wo die vermeintlich negative
1819 2440 2916 2496 und den wesensverwandten Gedankengängen der „Leben¬
693 2438 1772 2508 Natur der sichtbaren, greifbaren, meßbaren, wägbaren
1818 2466 2920 2536 digen Stunden“, Schein und Sein, Irvealität und Wirk¬
682 2481 1774 2540 Erscheinungen aufhört. Die grauen Weiden zu beiden
1820 2505 2922 2566 lichkeit in ihren erstaunlichen und erschütternden Beziehun¬
687 2510 1767 2581 Seiten der Landstraße tanzen ihnen mit sübernen Schleiern
1823 2554 2926 2619 gen beschäftigten seinen kombinierenden und interpre¬
680 2565 1773 2615 als Erlkönigstöchter entgegen. Geheimnisse, Wunder,
1823 2588 2917 2656 tierenden Sinn. Es ergab sich, daß er geneigt war, die
680 2588 1766 2658 Symbole, Rätsel, Versuchungen, Offenbarungen und son¬
1811 2628 2926 2692 tragenden Fundamente des gegenständlichen Lebens, in
683 2633 1773 2707 stige Gefahren, die von der Normallinie einer nüchternen
1809 2643 2924 2719 die übersinnlichen Bereiche der intuitiven Menschennatur
683 2675 1652 2736 Existenz a lenken, lauern auf allen ihren Wegen.
1658 2686 1763 2732 Ein
1810 2704 2919 2766 zu verlegen. In der mystischen Region des halbwachen
682 2718 1642 2763 unheilbares Fieber ist ihr natürlichstes Element.
1654 2727 1771 2777 Die
1814 2746 2911 2802 oder schlafwandlerischen Wesens, des triebhaften Ge¬
673 2744 1673 2818 Geister der unbegrenzten Begierde, der Sehnsucht,
1675 2765 1774 2812 der
1817 2781 2463 2835 schehens und Werdens suchte er
2466 2787 2914 2849 nach den Ursprüngen
671 2787 1761 2859 Nichterfüllung, der Enttäuschung, der Verzweiflung, sind
1812 2814 2459 2880 unserer Erkenntnisse und Entschl
673 2832 1766 2893 die befruchtenden Gewalten ihrer Reise. Aber im Augen¬
2466 2824 2913 2889 se, unserer Gedanken,
1812 2859 2908 2912 Taten, Siege und Niederlagen. nd es geschah, daß er
669 2869 1770 2924 blick, da sie „sicher und warm“ das Ziel ihrer Wünsche zu
1810 2903 2908 2955 zwischen den Sphären des Wahns und der Wahr zit nicht
672 2905 1759 2964 erreichen scheinen, sterben sie an sich selbst, wie das Kind
1812 2943 2909 2988 mehr oder nur leichthin unterscheiden wollte, weil ihm
666 2934 1757 3008 der Ballade, das durch Nacht und Wind dem häuslichen
1808 2974 2906 3041 gerade in den Grenzflächen beider Gebiete der er,e und
670 2978 1141 3044 Frieden entgegenreitet.
1822 3015 2897 3078 letzte Keim des menschlichen Glücks und der seelschen
733 3026 1758 3100 Es gab eine Zeit, die in diesen problematischen Men¬
1815 3051 2894 3118 Katastrophen zu wurzeln schien. Aus der weltmannischen
673 3073 1765 3140 schen den märchenhaften Typus der Sonntagskinder er¬
1812 3088 2902 3158 Bewußtheit Anatols fand er in die phantastisch=grüblerische
673 3123 1764 3184 kennen wollte. Eine Zeit, die ihnen den Segen des
1803 3126 2902 3197 Unbewußtheit Filippos hinein. Beide Gestalten sind
671 3151 1757 3225 inneren und äußeren Wohllauts, der heimlichen und offen¬
1804 3173 2906 3239 Entwicklungsstadien seiner eigenen Natur. Und in beiden
673 3208 1757 3251 kundigen Harmonie anzudichten liebte. Heute will man
1806 3214 2914 3288 Figuren nimmt das Problem der Lebenskunst ein beson¬
663 3225 1753 3303 die „süße Harmonia“, des Simplizius Simplizissimus
1817 3245 2152 3300 deres Gesicht an.
669 3277 1767 3326 selbst den Sonntagskindern nicht mehr zugestehen. Heute
1865 3290 2898 3379 Ein Renaissancerahmen umgrenzt dieses zweite Selbst¬
670 3308 1975 3398 hat sich die menschliche Spielart der Sonntagskinder neu¬ I porträt.
