3484 4256
1964 237 2355 318 box 20
307 245 1808 335 14: Der Schleier der Beatrice
2620 1288 2845 1371 W
1701 1360 3361 1417 Das Alles ist mit großer psychologischer Feinheit conci= Unberechenbare, rechtfertigt die Si
2720 1401 3376 1450 aus. Ständig muß man die Hand
1623 1383 2726 1459 pirt, und die Handlung scheint zunächst der Conception der
813 1361 1373 1501 Feuilleton.
2727 1446 3375 1493 zu begreifen, man muß die feinge
1636 1441 2719 1494 Charaktere ganz zu entsprechen. Um Loschi willen ist Bea¬
2722 1475 3375 1530 Lauf verfolgen, um das Gewebe
1638 1474 2727 1540 trice ihrem Verlobten untreu geworden, er ihretwillen seiner
2718 1507 3371 1570 aber dazu hietet die Bühnenhandlu
1638 1517 2733 1569 Braut. Da sie ihm aber von einem Traum erzählt, in dem
2718 1556 3379 1610 wendigkeit der verstandesmäßigen
1643 1557 2719 1611 sie sich mit Wohlgefallen als Gemahlin des Herzogs gesehen,
2728 1590 3381 1640 Drama als solchem ein verstandes
1635 1597 2727 1646 weist er sie von sich: daß sie ihn nicht wahrhaft liebt, daß
687 1555 1517 1683 Berliner Theater.
2728 1638 3373 1690 Ansehen. Und das trifft zum Theil
1643 1632 2713 1683 sie gar nicht fähig, zu begreifen, was Lieben wahrhaft heißt,
531 1630 697 1718 1
2731 1664 3382 1724 mindesten ist es Schnitzler nicht gel
1639 1673 2722 1728 tritt ihm mit erschreckender Klarheit ins Bewußtsein. So
1222 1660 1601 1737 Berlin, 8. März.
2721 1715 3368 1764 Ersonnene in überzeugende Gesta
1632 1722 2716 1773 abgewiesen, trifft sie mit ihrem Verlobten zusammen und
540 1713 1613 1800 Deutsches Theater: Artbur Schnitzler „Der Schleier der
2727 1745 3375 1794 Poct in Schnitzler hat nicht überall
1645 1755 2726 1806 ist bereit, mit ihm vor den Traualtar zu treten. In dem
988 1763 1209 1828 Beatrice.“)
2722 1788 3372 1844 lirenden Psychologen gleichen Schrit
1631 1795 2717 1844 Augenblick aber sieht sie der Herzog und ladet sie auf sein
601 1805 1636 1862 Das Bologna des angehenden 16. Jahrhunderts thut sich
2786 1827 3375 1892 Frl. Triesch bot als Beatric
1633 1831 2725 1872 Schloß, die letzte Nacht vor dem entscheidenden Kampfe sein
538 1856 1627 1905 in Arthur Schnitzler's Schauspiel „Der Schleier
2727 1856 3375 1909 ung. Das unbewußt Trügerische 1
1640 1864 2718 1920 Lager mit ihm zu theilen. Um des Herzogs willen wendet
535 1900 1635 1949 der Beatrice“ auf. Cesare Vorgia hält die Stadt mit
2719 1904 3372 1954 brachte sie zur Darstellung. Auch H
1635 1903 2724 1963 sie sich von ihrem Verlobten ab, sie weiß auch den Herzog zu
529 1937 1626 1997 zehnfacher Uebermacht umschlossen, den nächsten Morgen schon
2725 1949 3376 1995 soldatischer Bruder schuf eine Figur
1638 1947 2716 2000 bestimmen, sie zu seiner Gemahlin zu erheben. Die Trau¬
534 1982 1631 2028 soll der Entscheidungskampf ausgefochten werden, Niemand,
2730 1983 3370 2038 die Herren Stieler und Mei
1641 1983 2727 2044 ung findet statt, und kaum ist sie vollzogen, so entweicht
541 2010 1633 2056 der nicht wüßte, daß der Tod seiner harrt. Und angesichts
2737 2020 3374 2078 Ganzes genommen aber war die Au
1628 2017 2728 2082 Beatrice aus dem herzoglichen Schloß zu Loschi, den sie
539 2057 1630 2103 des Todes, ganz wie Renan es in seiner „Aebtissin von
2720 2055 3374 2120 reichend. Die Schauspieker des J
1635 2061 2722 2123 liebte. Sie will ihm angehören und dann gemeinsam mit
542 2093 1636 2144 Jouarre“ geschildert, glüht das letzte, besinnungslose Liebes¬
2729 2103 3372 2157 es verlernt, Verse zu sprechen, 6
1637 2098 2737 2155 ihm sterben. Aber Loschi hat den Glauben an ihre Liebe
541 2126 1625 2181 verlangen auf. Feste sollen gefeiert werden, der Herzog wird
1635 2142 2730 2190 verloren, er stellt sie auf die Probe und spiegelt ihr vor, sie
2732 2129 3374 2201 schwelgte in sinnwidriger Betonung.
534 2168 1628 2227 das schönste Mädchen von Bologna zu schwelgerischer Liebes¬
1642 2176 2736 2238 habe in dem Wein, den sie getrunken, bereits das Gift ge¬
2725 2178 3370 2250 an recht schlechten Darbietungen nich
536 2212 1633 2258 feier auf sein Schloß entbieten, im Rausche sei der Becher
1644 2205 2725 2270 schluckt. Todesangst packt sie und erweist sich stärker als ihre
545 2252 1634 2317 geleert. Ein letztes Jauchzen im Genuß der köstlichsten
1644 2251 2722 2304 Liebe. Da Loschi vollends in ihrem Beisein wirklich den Gift¬
535 2283 1245 2356 Lebensgüter, und dann das Sterben.
1639 2286 2747 2365 becher leert, faßt sie ein Grauen, sie kann den Anblick des
1643 2334 2730 2389 Todten nicht ertragen, sie flüchtet zurück aufs herzogliche
603 2326 1635 2396 Wundersam wächst aus diesem Hintergrunde die Gestalt
1632 2365 2740 2428 Schloß. Aber man hatte sie bereits vermißt, auch hat sie ihren
544 2373 1636 2440 der Beatrice heraus. Dies untergehende Bologna ge¬
1641 2409 2733 2472 Schleier bei Loschi zurückgelassen. Nun muß sie den Her¬
547 2425 1633 2478 winnt gleichsam in ihr persönliches Dasein. Ganz ein Kind
1640 2433 2740 2503 zog zur Leiche ihr Geliebten führen und findet dort den
536 2464 1639 2523 der Schönheit und des Leichtsinns, blickt sie auf das Leben
1629 2474 2726 2561 Tod von der Hand ihres Bruders, der „ein Soldat und
546 2503 1632 2543 mit verwunderten, verständnißlosen Augen. Das naive Weib¬
1637 2535 1773 2592 bras“.
538 2540 1638 2594 empfinden lebt in ihr. Sie liebt und spielt doch auch wieder
1705 2552 2723 2623 Erweist schon das kurze Referat, daß die Handlung in
545 2570 1632 2633 nur mit ihrer Liebe, wie sie mit allen Dingen Himmels und
1653 2595 2737 2657 sich recht complicirt ist, so ist es Schnitzler nicht gelungen,
533 2615 1639 2679 der Erde spielt. Sie ist untreu, ohne selbst um ihre Untreue
1644 2652 2733 2703 sie bühnenmäßig in Gang zu bringen. An etwas ganz Aeuße¬
547 2660 1628 2709 recht zu wissen, denn ihre Seele ist noch nicht zu klarem
1644 2685 2738 2739 rem tritt dies zutage: Eingangs jedes Aktes hat man Mühe,
542 2697 1639 2750 Selbstbewußtsein aufgewacht. Wie ein Schmetterling flat¬
1649 2734 2733 2780 sich den Zeitverlauf gegen den vorhergehenden klar zu machen;
537 2729 1637 2779 tert sie von einem Mann zum andern, und just in den Armen
1638 2763 2738 2826 Akt 2 und 1, dann wieder 4 und 3 scheinen zum Theil
549 2773 1635 2815 dessen, den sie liebt, muß sie an den denken, der Macht und
1644 2807 2739 2872 gleichzeitig zu spielen. Die wichtige Exposition der Volks¬
543 2805 1641 2862 Ansehen zu vergeben hat, und wiederum im Vollbesitz des
1644 2842 2730 2897 stimmung in dem belagerten Bologna bringt erst der zweite
549 2854 1632 2905 Glanzes treibt sie ein Heimweh zurück zu stillem Liebeskosen.
1636 2885 2739 2937 Akt. Was aber am schwersten für die Bühnenwirkung ins
541 2890 1638 2944 Sie ist die Eva, die immer sündigt, weil sie noch nicht die
1649 2918 2741 2975 Gewicht fällt: die Handlung entspricht zwar der Charakteristik,
545 2926 1634 2996 Frucht vom Baume der Erkenntniß gegessen hat. Und
1634 2958 2734 3002 aber sie dient so wenig, die Charaktere ins rechte Licht zu
542 2960 1639 3017 ganz wie es seine Art, nimmt Schnitzler dies naiv=treulose
1648 2993 2748 3055 setzen, daß man vielmehr die Handlung nur begreift, wenn
536 3002 1636 3059 Weib nicht tragisch und noch weniger komisch, er umfängt sie
1640 3038 2740 3087 man die Konsequenzen aus der Charakteristik zieht. Beatrice
535 3039 1644 3103 mit weicher, elegischer Sympathie. Und in schroffem Gegen¬
1638 3074 2738 3130 hatte im zweiten Akte ihre Heirath mit dem Herzog durchge¬
545 3083 1642 3138 satz zu ihr gestaltet er den Mann, der sie liebt, Filippo
1638 3124 2743 3168 setzt, sie taucht im dritten plötzlich und unvermuthet in Loschi's
535 3122 1638 3170 Loschi, den Dichter. Er lebt sein eigenes Leben, abseits
1634 3150 2742 3204 Wohnung auf, der sie von sich gewiesen; sie erklärt, ihm an¬
532 3162 1638 3216 von den Andern. Die Gefahren, die der Stadt drohen, ver¬
1646 3187 2743 3249 gehören und mit ihm sterben zu wollen. Der Zuschauer be¬
545 3192 1637 3261 gegenwärtigen sich ihm nicht, die Stimmung, die alle er¬
1649 3240 2751 3283 greift ihre Handlungsweise, da sie immer Verlangen trug,
538 3229 1646 3289 grifen, ist nicht die seine. Er kennt nur die Gebote seines
546 3275 2741 3341 Herzens. Recht herzlich liebt er in Beatrice, der Seelen= das Weib des Herzogs zu werden, zunächst durchaus nicht.
1641 3309 2746 3385 Erst die Ueberlegung, daß Beatrice ja die Wankelmüthige,
549 3318 958 3397 losen, ihre — Seele.
