3436 4352
1922 209 2378 310 box 20/3
253 228 1778 329 14: Der Schleier der Beatrice
2305 950 2368 1029 1
1540 909 2270 1062 B
1423 905 1505 1072 7
1657 1109 1895 1208 — 87 —
627 1250 2972 1289 dürfte also vielen unserer Leser noch in Erinnerung sein. flammenden Patriotismus kennt, durch den sich die Bür
1800 1283 2966 1342 ger italienischer Städte im Mittelalter wie in der Neu¬
620 1286 1794 1342 Das Poetische an dieser Touristennovelle ist, daß der
1806 1329 2968 1397 zeit immer rühmlich ausgezeichnet haben, wer weiß, daß
623 1332 1792 1384 Verfasser die Wanderung an der Seite einer ihm, dem
1807 1379 2979 1437 auch ihnen, wie den alten Griechen ihre „Polis“, ihre
637 1376 1791 1424 Junggesellen, von ihren Eltern in merkwürdiger Ver¬
1811 1412 2974 1471 Stadt, alles war und jedes Opfers wert, der wird, selbst
635 1421 1798 1479 trauensseligkeit zugesellten schönen jungen Australierin
1805 1463 2965 1521 wenn damals ein so dekadenter Fürst wie dieser Benti¬
629 1466 1792 1527 macht und des in ihn gesetzten Vertrauens sich würdig
1812 1507 2983 1565 voglio denkbar gewesen wäre, doch niemals glauben, daß
623 1512 1800 1572 erweist wenn es dabei auch nicht ohne Selbstüberwin¬
1814 1550 2980 1605 der Herzog die ganze Stadt zu solchem unwürdigen Sich¬
625 1560 1802 1619 dung abgehen mochte. Es kommt ja zu einem unschuldigen
1806 1596 2971 1654 selbstaufgeben hätte hinreißen können. Vergesse man doch
628 1600 1793 1644 Kusse, damit hat es aber auch sein Bewenden. „Etta“
1805 1638 2976 1705 überhaupt nicht, daß gerade die Italiener des Quattro¬
621 1645 1792 1700 ist, in der zweiten Hälfte der Erzählung, als Novelle
1803 1689 2977 1741 und Cinquecento bei allem furiosen Temperament der
626 1686 1798 1752 verfehlt, obschon auch hier die Schilderungen von Natur
1799 1730 2979 1785 Rasse ihr eiserner Verstand auszeichnet, der sie mitten
615 1730 1804 1788 und Landleuten im Wallis sehr hübsch sind. Auch das
1808 1774 2973 1821 in leidenschaftlichen Momenten und gefährlicher Lage zur
634 1786 1800 1830 Hauptmotiv wäre ein recht lustiges: Eine Pensionsvor¬
1802 1810 2976 1865 kühlsten Berechnung aller Umstände befähigte. Aus diesem
623 1815 1797 1876 steherin muß im Gasthof zwei ihrer Pensionärinnen als
1805 1861 2973 1914 Grunde scheint mir „Der Schleier der Beatrice“ kein
630 1866 1795 1921 Geiseln zurücklassen, weil sie unterwegs ihr Geldtäschchen
1805 1904 2976 1970 glaubhaftes Renaissancestück. Die Voraussetzungen der
619 1909 1802 1968 verloren hat und nicht bezahlen kann. Aber nun knüpft
1804 1945 2978 2016 Handlung und auch der Charaktere und ebenso die Si¬
629 1957 1795 2009 sich hieran eine Liebesgeschichte zwischen den beiden
1809 1991 2386 2058 tuationen sind märchenhaft.
624 1992 1793 2055 Mädchen und einem etwas phlegmatischen Berner, die so,
632 2045 1797 2101 wie die Charaktere angelegt sind, durchaus eine richtige
1854 2023 2987 2089 Diese Bemerkung trifft jedoch nicht das Herz des
630 2085 1801 2145 novellistische Entwicklung verlangt hätte. Man darf solche
1795 2090 2980 2139 Dramas, den dichterischen Kern. Der Dichter durfte sich
633 2129 1801 2187 Konflikte psychologischer Natur nicht bloß antupfen und
1811 2145 2971 2200 eine Welt zurechtmachen, in der die Menschen und die
626 2177 1794 2247 sie dann mit trockener Berichterstattung abthun, statt sie
1799 2178 2976 2246 Dinge im märchenhaften Sinn möglich waren, die seine
622 2217 1790 2281 gehörig durchzuführen. Da hilft auch die im Vorwort
1805 2218 2971 2278 Phantasie und sein Gefühl beschäftigten. Und wenn der
629 2269 1794 2318 vorausgenommene Entschuldigung nicht, man erhebe keinen
1810 2261 2949 2322 Leser fragt, was das für Menschen und Dinge sind, so
624 2306 1798 2354 Anspruch auf litterarischen Wert. Dem Leser bleibt ein
1806 2317 2991 2364 lautet die Antwort: die nackte Psyche des Menschen in
621 2349 1801 2410 Mißbehagen zurück, das dadurch noch gesteigert wird, daß
1808 2355 2976 2407 ihrem Verhältnis zur Liebe. Und so sehen wir Schnitzler
629 2394 1797 2455 der Verfasser ihn zuletzt mit einer Verlobungsanzeige
1800 2400 2977 2447 doch eigentlich wieder auf dem Gebiet sich bewegen und
618 2444 1789 2497 überrumpelt, auf die man, weil sie gar nicht vorbereitet
1800 2457 2977 2510 mit den Problemen sich beschäftigen, die ihn bei all
628 2483 1805 2544 war, vernünftigerweise nicht gefaßt sein konnte und die
1802 2483 2979 2538 seinem sonstigen Schaffen von jeher allein interessiert
626 2523 1797 2578 daher nur den Eindruck eines possenhaften Scherzes macht.
1806 2531 2980 2586 haben. Er zeigt, daß die Liebe die unerbittliche Herrin
619 2575 1793 2630 Wie reizvoll hätte sich bei etwas mehr Vertiefung in
1798 2572 2972 2636 des Herzens ist dessen sie sich bemächtigt; je größer
618 2611 1798 2674 den Stoff der Gegensatz zwischen der rassigen jungen
1801 2621 2969 2678 und stolzer dieses Herz, desto gewaltiger in ihm herr¬
626 2661 1792 2705 Ungarin und dem schwerbeweglichen, dem Ehejoch abge¬
1807 2667 2981 2720 schend. Aber er zeigt auch, daß diese Tyrannin zugleich
630 2706 1801 2765 neigten Berner Kaufmann zu einer richtigen Novelle ent¬
1808 2705 2979 2765 die subtilste, verletzlichste aller menschlichen Empfindungen
629 2739 1789 2806 wickeln lassen! Interessant ist das vom Verfasser einge¬
1804 2764 2981 2829 ist, die bei Edelnaturen schon durch einen Hauch Trübung
634 2793 1788 2845 flochtene Gedicht von Reithard über Walliser Gespenster¬
1797 2801 2322 2859 und Zerstörung erfährt.
636 2841 1796 2885 sagen. Nur unterbricht es den Verlauf der Erzählung zu
1868 2816 2973 2897 In der Person des Dichters Filippo Loschi tritt dies
630 2882 824 2951 Jange.
1827 2869 1903 2952 W.
1867 2884 3003 2945 Anschauung Er war verlobt mit der edeln Schwester
1806 2928 2974 2998 seines Freundes, des Grafen Andrea Fantuzzi. Bei einem
690 2925 1795 2983 Der Schleier der Beatrice. Schauspiel von
1802 2969 2973 3036 Volksfeste hat er das einfache Bürgermädchen, die sechs¬
628 2985 1791 3043 Arthur Schnitzler. (Berlin S. Fischer 1901.) Auch
1800 3003 2972 3081 zehnjährige Veatrice Nardi gesehen. Ein Blick — und
633 3025 1796 3074 Schnitzler, der Dichter so durchaus moderner und erfolg¬
1803 3052 2974 3123 sein Schicksal ist entschieden. In dem Moment, da seine
621 3060 1801 3118 reicher Problemstücke wie „Liebelei", „Freiwild“, und
1810 3122 2972 3165 Braut Teresina ihre Mutter durch den Tod verloren hat
620 3112 1788 3174 so naturalistischer gesellschaftlicher Satiren wie „Anatol“,
1800 3144 2977 3200 und verdoppelte Schonung verdiente, verläßt er sie, opfert
622 3157 1802 3203 hat die Sehnsucht nach Romantik oder — sagen wir
1805 3186 2970 3244 die Freundschaft mit dem Bruder, die Achtung seiner
611 3196 1803 3272 lieber — nach der Phantasieheimat reiner Poesie nicht
1799 3229 2976 3296 besten Kameraden — eines Bildhauers und eines Musi¬
629 3251 1797 3306 unterdrücken können und ein fünfaktiges Schauspiel ge¬
1798 3282 2972 3340 kers — und kann nur noch Beatriee lieben, die er in
624 3294 1795 3343 schrieben, das angeblich in der italienischen Renaissance,
1802 3323 2973 3387 dem Garten seiner Villa erwartet. Als das schöne Mäd¬
631 3334 1799 3396 wirklich in der traumhaften Märchenwelt dichterischer
1803 3371 2972 3431 schen nun kommt, erzählt sie ihm ahnungslos den Traum
621 3378 1468 3456 Einbildungskraft und Stimmung spielt.
1805 3412 2982 3477 der vorigen Nacht: Daß der Herzog sie auf der Straße
689 3402 1802 3480 Das nämlich muß gleich festgestellt werden, daß auch
1802 3457 2976 3520 gesehen habe, — dies war nicht bloß Traum sondern
625 3459 1802 3523 im Cinquecento die Menschen in Italien sich nicht so
1802 3503 2979 3569 hatte sich wirklich zugetragen — und daß er sie zu sich
627 3511 1798 3564 jenseits des gesunden Hausverstandes aufführten, woie es
1805 3556 2982 3608 aufs Schloß gerufen und, in heißer Lieb' entbrannt, zu
631 3556 1805 3623 in Schnitzlers heißblütigem Drama geschieht. Ja, wenn
1803 3588 2968 3651 seiner rechtmäßigen Gemahlin gemacht habe. Sobald
616 3610 1802 3667 die Professoren in ihren kulturgeschichtlichen Schilderun¬
1803 3627 2980 3695 Beatrice diese Traum=Untreue herausgeplaudert hat, ist
626 3646 1795 3704 gen die außerordentlichen Menschen und Thaten zweier
1806 3679 2975 3742 es mit der Liebe des Dichters zu ihr aus. Er bedenkt
622 3688 1790 3752 Jahrhunderte italienischer Geschichte zusammentragen,
1797 3720 2968 3786 nicht die furchtbaren Opfer, die er soehen seiner neuen
628 3737 1796 3786 dan allerdings entsteht beim Leser der Eindruck, als
1806 3768 2974 3835 Leidenschaft gebracht hat, und weist das Mädchen von der
625 3768 1802 3826 hätten damals nur grenzenlose Leidenschaften und neben
1809 3815 2445 3873 Schwelle seines Hauses weg.
634 3825 1802 3878 schrecklichen Gewaltthaten ewiger Festestaumel, die Be¬
1870 3833 2972 3910 In derselben Nacht (das ganze Stück spielt vom
634 3863 1796 3933 rauschung aus dem Kelch der schönen Künste und des
1808 3894 2968 3964 Abend bis zum grauenden Morgen des nächsten Tages)
627 3900 1807 3964 Sinnengenusses, die italienische Welt beherrscht. Aber
1801 3944 2972 3991 wird Beatricens Traum wahr. Das alles hier zu er¬
619 3941 1796 3996 dieses Bild wird falsch, wenn man den Einzelfall eines
1803 3980 2975 4057 zählen, wäre zu weitführend. Der Herzog benimmt sich
622 3984 1804 4052 bestimmten Ereignisses ganz nur in diese Schablone hin¬
1798 4036 2966 4086 ungefähr wie der spanische König in Grillparzers „Die
635 4037 1800 4104 ein zeichnet. In Schnitzlers Stück ist Cesare Borgia vor
1807 4070 2970 4131 Jüdin von Toledo“ Beatricens Schicksal erfüllt sich da¬
636 4081 1796 4145 Bologna gerückt. In der sichern Voraussetzung nun, daß
1808 4124 2971 4182 durch, daß sie, nachdem sie bereits im Dom von San
630 4122 1804 4187 gegen den kriegsmächtigen Valentino zu kämpfen doch
1803 4155 2966 4224 Petronio die Gemahlin des Herzogs geworden ist, in
635 4172 1800 4232 nutzlos sei, überlassen sich sowohl Bentivoglio, der Her¬
2715 4200 2959 4257 he
2135 4212 2568 4279 H
1839 4212 2047 4258 in Anma
1612 4216 1673 4263 die
635 4218 1386 4282 zog von Boloana, wie eine huen
