3436 4256
1394 171 1441 229 B
306 160 1824 264 14. Der Schleiender eatrige
923 755 1343 819 Telefon 12801.
459 850 1810 929 Altx Weigl's Unternehmen für Zeitungs-Ausschnitte
1482 910 1677 986 Ausschnitt
625 867 799 1036 07
812 927 1803 1064 „OBSERVER“ N. 92
405 1059 1791 1140 I. österr. behördl. cone. Burean für Zeitungsberichte u. Personalnachricht
579 1142 1687 1234 Wien, IX Türkenstrasse 17.
794 1211 1536 1309 — Filiale in Budapest: „Figyelö“ —
403 1299 1797 1374 Vertretungen in Berlin. Chicago, Genf, London, Newyork. Paris, Rom, Stockho
1536 1334 1681 1422 2
407 1420 945 1504 Ausschnitt aus:
416 1512 1099 1662 ver 46/0 /000
722 1905 1761 2009 Die Erklärung des Verfassers. Herr Arthur Schnitzler
615 1964 1762 2049 ersucht uns um Aufnahme folgender Erwiderung auf die Er¬
619 1989 1258 2066 klärung des Herrn Dr. Schleuther:
774 2044 1767 2134 Ich war genöthigt, den Herrn Direktor vor ein katego¬
655 2046 1763 2158 risches Ja oder Nein zu stellen, um Klarheit über das Schicksal
651 2123 1753 2211 eines Stückes zu erhalten, an dessen Aufführung ich nach dem
645 2145 1758 2250 Brief vom 17. Juni mit ebenso viel Richt zu zweifeln begann,
649 2195 1750 2288 als ich dessen Annahme, nuch dem Brief vom 13. Februar,
645 2231 1748 2317 bis 17. Juni für vollkommen gesichert halten mußte. Denn
648 2275 1742 2341 erst am 17. Juni gab mir Herr Direktor Schleuther das Erst¬
634 2308 1740 2394 aufführungsrecht meines Stückes, das ich am 14. Februar er¬
636 2350 1732 2441 theilt, mit folgenden Worten zurück: „Jedenfalls muß ich bei
1731 2399 1806 2443 zi1
637 2370 1737 2469 dem vorläufigen Resultat stehen bleiben, daß ich mich zu einem
1731 2433 1804 2488 20
642 2420 1828 2527 bestimmten Termin der Aufführung nicht verpflichten kann und dar
647 2461 1733 2550 daher lieber auf das Recht der ersten Vor¬
646 2493 1159 2560 führung verzichte.
1260 2503 1848 2600 Und ferner: „Natürlich 7au#
637 2520 1724 2616 könnte ich dann meinen Anspruch auf die aller¬
641 2572 1463 2647 erste Aufführung nicht mehr
1457 2604 1725 2659 aufrecht¬
640 2617 1878 2701 erhalten. Ich wüßte es mir selbstverständlich gefallen 's 4e.
444 2635 595 2705 Abonn
632 2654 1718 2734 lassen, daß eventuell Derlin oder München vorangehen.“ Um
430 2683 586 2755 Abonn
630 2686 1727 2777 am 17. Juni ein Erstanfführungsrecht zurückzugeben, mußte der
632 2720 1882 2825 Herr Direktor Schlenther logischerweise selbst vier Monate lang Ind die
621 2767 1716 2854 der Ansicht gewesen semn, dieses Recht zu besitzen. Denn es ist
1728 2804 1889 2860 gen¬
632 2794 1886 2904 vollkommen unerfindlich, wie man die An= Titung")
435 2796 590 2866 Inhal
618 2825 1715 2930 sprüche auf das Eestaufführungsrecht eines Stückes aufgeben
626 2870 1662 2960 kann, das man übe.haupt niemals angenommen haben will.
441 2884 588 2952 wodur!
1718 2920 1897 2977 ilungen
438 2924 537 2987 des
1051 2925 1678 2988 Arthur Schnitzler.
449 2974 574 3034 werde
703 2950 1726 3038 Wenn wir recht versirhen, hat der Direktor das Stück so¬
589 2998 1725 3084 zusagen prinzipiell angenemen, ohne sich aber zu einem bestimmten
575 3047 1721 3119 Termin der Aufführung verpflichten zu wollen. Maßgebend ist da
581 3075 1166 3132 der Brief vom 13. Februar; aber
1132 3111 1170 3152 620
1174 3089 1711 3157 ieser ist doch nicht ganz so, daß
586 3104 1719 3196 der Verfasser die Annahme des #otückes „für vollkonnnen gesichert
578 3143 1717 3228 halten konnte". Aber darauf kommt es auch nicht an. Nicht ob es
570 3190 1717 3271 sehr wahrscheinlich war oder weniger, daß das Stück angenommen
579 3224 1715 3306 werden wird, das heißt daß sich der Direktor zu einem bestimmten
570 3265 1706 3341 Termin verpflichten werde, sondern das ist die Frage: ob die
570 3296 1710 3374 Annahme des Stückes vollzogen war. Das war sie aber
567 3334 1700 3419 nicht, und Herr Schnitzler ist mehr in seinen Erwartungen ge¬
576 3371 1700 3458 täuscht, als in seinem — juristischen — Rechte gekränkt worden.
573 3410 1711 3485 Da aber der Direktor seine Bedenken mit sochlichen Gründen
573 3439 1700 3533 belegte, so erscheint der Weg, den Herr Schnitzler gewählt hat,
576 3478 1704 3548 um seine Sache vor die Oeffentlichkeit zu bringen — in Form¬
566 3520 1698 3596 eines Protestes von nur einseitig informirten und zum Theile auch
556 3574 1702 3642 ziemlich inkompetenten Leuten —, weder als nothwendig noch als
560 3599 1702 3671 angemessen. Es ist so, als ob man künstlich eine „Affaire“ schaffen
561 3633 1695 3716 hätte wollen; für Leute, die nichts zu thun haben, scheint es auch
557 3672 1696 3749 eine geworden zu sein. Herr Schnitzler hat es durch sein Vor¬
699 3720 1748 3813 aichtig dahm gebracht, als Schützling einer Clique zu er¬
554 3745 1608 3845 scheinen, und gerade er hat solches vielleicht gar nicht nöthig¬
1971 173 2431 257 box 20/1
2371 921 2783 990 Telefon 12801.
1910 1021 3246 1096 Alex. Weigl's Unternehmen für Zeitungs-Ausschnitte
2910 1083 3121 1149 Ausschnitt
1969 1092 3246 1232 108 „OBSERVER“ Nr. 82
1843 1231 3299 1311 I. österr. behördl. conc. Bureau für Zeitungsberichte u. Personalnachrichten
2028 1307 3117 1398 Wien, IX. Türkenstrasse 17.
2238 1378 3029 1470 Filiale in Budapest: „Figyelö“ —.
1844 1440 3282 1521 Vertretungen in Berlin. Chicago, Genf, London, Newyork, Paris, Rom, Stockholm.
2907 1512 3027 1579 ##
1840 1531 3041 1649 Ausschnitt aus: SckeriasEs Tc
1851 1710 2394 1808 vom 4 0½ (60
2215 1868 3118 1958 Es war vorauszusehen, daß sich in der Debatte
2085 1907 3105 2000 küber den „Schleier der Beatrice“ auch der
2095 1952 3102 2048 Einbringer des Stückes Herr Dr. Arthur Schnitzler
2090 2022 3111 2084 zu Worte melden werde. In der That wünscht nun
2089 2069 3093 2129 auch der Dichter gehört zu werden. Nun, es sei. Herr
2094 2110 3109 2192 Arthur Schnitzler hat das Wort, damit aber Schluß
2087 2148 3089 2217 der Debatte. Herr Schnitzler schreibt: „Auf die Er¬
2092 2195 3087 2255 klärung des Herrn Direktor Schlenther habe ich kurz
2085 2248 3103 2305 Folgendes zu erwidern: Ich war genöthigt, den Herrn
2086 2287 3100 2342 Direktor vor ein kategorisches Ja oder Nein zu
2084 2311 3099 2398 stellen, um Klarheit über das Schicksal eines Stückes zu
2086 2360 3104 2435 erhalten, an dessen Aufführung ich nach dem Brief vom
2097 2414 3094 2459 17. Juni mit ebensoviel Recht zu zweifeln begann, als
2086 2446 3100 2529 ich dessen Annahme, nach dem Brief vom 13. Februar,
2082 2492 3090 2548 bis 17. Juni für vollkommen gesichert halten mußte.
2094 2532 3069 2604 Denn erst am 17. Juni gab mir Herr Direktor
1875 2543 2077 2611 Für 50
3082 2562 3261 2622 inclusive
2082 2593 3075 2650 Schlenther das Erstaufführungsrecht meines Stückes,
1974 2589 2067 2641 100
3077 2608 3235 2656 Porto.
2079 2638 3079 2689 das ich am 14. Februar ertheilt, mit folgenden Worten
3073 2644 3250 2700 Zahlbar
2069 2657 3077 2723 zurück: „Jedenfalls muß ich bei dem vorläufigen
3073 2682 3270 2748 m Voraus.
1945 2710 2056 2766 1000
2078 2717 3073 2778 Resultate stehen bleiben, daß ich mich zu einem
2069 2746 3226 2825 [bestimmten Termin der Aufführung nichtstie ist
1998 2796 3306 2866 nensverpflichten kann und daher lieber aufsteht es den
2077 2845 3153 2912 [das Recht der ersten Vorführung ver¬sen.
2064 2871 3073 2952 jzichte...“ Und serner: „Natürlich könnte ich dann
2088 2926 3302 2996 meinen Anspruch auf die allererste Auf= sthaltend die
3057 2970 3302 3025 Morgen¬
2074 2958 3295 3064 führung nicht mehr aufrecht erhalten. Ich ser Zeitung“)
2069 3014 3300 3101 müßte es mir selbstverständlich gefallen lassen, daß tliche Leben
2074 3063 3302 3146 eventuell Berlin oder München vorangehen.“ Um am Littheilungen
2062 3085 3067 3175 17. Juni ein Erstaufführungsrecht zurückzugeben, mußte
2072 3147 3100 3215 der Herr Direktor Schlenther logischerweise selbst vier.
2075 3194 3083 3258 Monate lang der Ansicht gewesen sein, dieses Recht zu
2069 3231 3072 3301 besitzen. Denn es ist vollkommen unerfindlich,
2061 3290 3070 3356 wie man die Ansprüche auf das Erstaufführungsrecht
2064 3330 3104 3399 eines Stückes aufgeben kann, das man überhaupt
2066 3373 3068 3447 niemals angenommen haben will. Arthur
2058 3399 2351 3474 Schnitzler.“
