3484 4224
1811 126 2255 224 box 20/6
1214 161 1273 223 B
84 154 1653 254 14: Der schleier der bestrice
1591 697 2010 778 Burgtheater=Première.
993 775 1855 861 haben und was Großes fertig gebracht haben,
2091 803 2405 891 Ludwig Speidel.
999 840 1854 915 von dem man sich viel verspricht. Wenn's
2217 867 2293 944 8
1006 896 1841 959 nur auch wahr ist. Du weißt ja: er, der ver¬
2223 905 2468 994 Ge
1004 940 1854 1006 botenste Dichter, dem man in Berlin noch
2251 955 2571 1047 S
1003 995 1847 1058 keine einzige seiner Komödien von der Cen¬
996 1039 1840 1109 sur passieren ließ, errang sich mit seiner neuen
994 1088 1838 1158 Arbeit, die übrigens den merkwürdigen Titel:
2180 1093 2535 1202 54
1000 1141 1850 1205 „Der Herr von Abadessa“ führt — bei uns
1005 1189 1841 1252 die hohe Gnade des Königlichen Schauspiel¬
2457 1170 2535 1252 4
2263 1221 2316 1278 2.1
998 1237 1854 1301 hauses! Na, der muß sehr zahm geworden
2307 1220 2408 1347 80
1006 1285 1838 1346 sein! Vielleicht haben ihn die Lorbeeren und
990 1336 1839 1396 Tantièmen Franz von Schönthans nicht ruhen
2420 1369 2473 1418 2
996 1381 1850 1449 lassen. Franz von Schönthan macht
995 1437 1835 1497 einen sehr feudalen Eindruck, man denkt:
2554 1434 2636 1498 8080
1001 1482 1843 1545 eigentlich müßte er eine Uniform tragen,
999 1517 1848 1596 Staatsmann oder Offizier sein. Und furchtbar
1000 1578 1834 1647 ernst sieht er aus, man merkt es ihm wirklich
998 1626 1813 1686 nicht an, daß er so lustig schreiben kann —
1883 1648 2055 1737 —
999 1673 1837 1746 und die Lacher meistens auf seiner Seite hat.
1905 1724 2150 1802 P
988 1731 1832 1779 Pötzl, der temperamentvolle Kämpe wider
994 1780 1838 1841 alles, was Secession heißt, der Satiriker
986 1812 1844 1879 und Kenner der Wiener Vorstadt, sieht aus
985 1878 1836 1938 wie aus einem Bilde van Dycks heraus¬
2410 1892 2598 1990 E
992 1931 1844 1990 gesprungen. Staunend entdeckt man, daß er
2268 1969 2621 2027 Was er auch immer schreibe,
985 1963 2216 2039 kein Sammtwams und keinen Spitzenkragen und wenn seine Feinde bersten
2262 2009 2630 2046 Nie fehlt sein Dolch das Ziel;
1845 2007 2229 2051 Ich schrei es von Land zu Land¬
1844 2034 2224 2071 Nach Ludwig Börne dem Ersten
2267 2030 2630 2074 Man fühlt den Stahl im Leibe
992 2027 1826 2090 trägt, sondern Lodenwams und Jägerhütlein.
1843 2049 2592 2107 Wird Ludwig der Zweite genannt. Und ist entzückt vom Stil.
986 2074 1831 2143 Die Jagd ist die große Freude seines Le¬
1876 2098 2614 2172 Karikatur auf Ludwig Speidel aus einem
1979 2136 2517 2201 Ballkalender der Concordia.
1267 2157 1555 2249 Juliuo Bauer.
1827 2211 2669 2290 bens, und ein selbstgeschossener Hase ist ihm
1824 2274 2664 2328 lieber als zehn selbstgeschriebene Feuilletons.
1821 2321 2660 2384 Chiavacci ist ein freundlicher Herr, recht
1814 2365 2662 2431 behäbig, sieht wie ein braver Beamter aus,
1232 2371 1416 2487 6
1811 2422 2665 2478 ärgert sich weniger als Pötzl, liebt die
1812 2460 2664 2520 bunte Welt der Erscheinung, wenn sie noch
1825 2514 2666 2581 so bunt ist, und sucht am liebsten die schöne
1211 2456 1474 2646 1
1813 2558 2661 2630 Seite aller Menschen und Dinge zu finden.
1820 2612 2666 2665 Wie ich ihn so strahlend unten sitzen sah,
1817 2660 2657 2730 dacht' ich mir: Den möcht' ich als Onkel
1823 2705 2656 2770 haben — als mahnendes Gewissen und
1811 2757 2658 2818 Seelenregulator aber möchte ich mir den
1820 2805 2661 2875 bissigsten und geistreichsten aller Hofräte
1815 2863 2661 2912 Friedrich Uhl bestellen und als Führer
1818 2910 2663 2975 durch die Kunst aller Zeiten Ludwig
1824 2959 2660 3028 Hevesi, den innigsten Begreifer und Er¬
1633 2992 2415 3082 ##ge“ fasser der verborgensten Reize.
1877 3052 2644 3117 Ich sah auch Bertha von Suttner,
1632 3043 1706 3125 K
1036 3067 1290 3157 Sarvie
1820 3100 2662 3177 die unermüdliche „Friedensstreiterin“, sah die
1820 3152 2661 3216 liebenswürdige Goswina von Ber¬
1808 3192 2647 3263 lepsch, für deren Novellen Du ja immer
990 3238 1389 3298 Man sagt, ein echter Humorist
1416 3223 1760 3297 Seht diesen Humoristen an.
1820 3250 2655 3297 schwärmtest. Den ungarisch=deutschen Sektions¬
1418 3279 1795 3323 Er pflegt zu sticheln und hecheln
993 3285 1371 3316 Mufs lächeln unter Thränen,
1009 3304 1806 3340 Das Wort schon stark vergriffen ist, Die Thoren auf dem Erdenplan,
1820 3298 2649 3365 chef und Dichter Ludwig von Doczi
995 3326 1803 3378 Man muss sich sein entwöhnen. Dass sie unter Thränen lächeln.
1817 3353 2664 3412 und Max Kalbeck sah ich, dessen Herz
990 3361 1792 3435 Karikatur auf Julius Bauer aus einem Ball¬
1181 3410 1622 3468 kalender der Concordia.
1808 3390 2661 3462 beständig zwischen Musik und Litteratur
2652 4034 3245 4145 n
