3436 4320
1948 159 2400 265 box 20/5
302 156 1804 269 14. Der Schleien der Beatrice
2654 1321 2752 1416 1
1734 1372 2997 1466 Schluß: das Leben ist ein sinnloses Zufalls=Spiel; das Weib ist
1731 1428 2994 1514 ein Kind, das nicht weiß, was es tut; der Mann läßt sich trotzdem
1169 1445 1578 1542 Telephon 12.80:
1721 1471 2995 1544 von ihr den Kopf verdrehen und kann, wenn er hinter ihre Be¬
1731 1515 2833 1602 trügereien kommt, nicht besseres tun, als ihr verzeihen.
1784 1569 2990 1652 Da ist Beatrice, des Steinschneiders Nardi Tochter. Die be¬
1728 1597 2991 1698 tört eines Abends vor den Toren Bolognas den Dichter Filippo
626 1528 1388 1711 „OBSERVER
1723 1658 2979 1733 Loschi so, daß er über sie alles vergißt: seine Kunst, seine Liebe,
463 1658 1578 1764 1. österr. beh. konz. Unternehmen Iür Zeltungs¬
1718 1702 2990 1786 die gefährliche Lage seiner Vaterstadt, die der Borgia belagert.
673 1733 1377 1811 Ausschnitte und Bibliographle.
1722 1747 2991 1812 Er will mit ihr entfliehen und nur seiner Liebe leben. Da er¬
654 1768 1434 1883 Wien, I., Concordiaplats 4.
1711 1792 2993 1873 zählt sie ihm, daß der Herzog sie auf der Straße gesehen und
1714 1839 2990 1920 lange angeblickt, und daß sie dann geträumt habe, sie sei des
873 1853 1214 1933 Vertretungen
1710 1877 2982 1957 Herzogs Gemahlin. Darob braust Filippo auf und weist ihr die
466 1878 1580 1990 in Berlin, Brüssel, Budaoest, Chicago, Cleveland, Christiani:
1709 1924 2984 2018 Tür. Sie geht nach Haus durch die Stadt, die voller Erregung
482 1938 1590 2025 Genf, Kopenhagen, London, Madrid, Mailand, Minnospoll¬
1714 1968 2980 2049 dem nächsten Tag entgegen sieht, an dem der Herzog dem Borgia
482 1997 1593 2080 New-Vork, Paris, Rom, San Francisco, Stockholm, St. Peter.
1701 2008 2980 2103 die Entscheidungs=Schlacht liefern will. Kaum ist sie angekom¬
879 2018 1202 2088 burg, Toronto.
829 2064 1260 2133 nellenangabe ohne Dewähr.)
1713 2069 2982 2137 men, so verlobt sie sich auf Drängen ihres Bruders mit Vittorino,
1706 2103 2988 2174 dem Gesellen ihres Vaters und will sich alsbald mit ihm trauen
482 2127 1070 2216 Ausschnitt aig:9 1917
1711 2147 2983 2249 lassen. Aber auf dem Wege zur Kirche begegnet ihr der Herzog
1706 2189 2981 2274 abermals, begehrt sie erst zur Gelie#en und dann zum Weibe.
1714 2240 2970 2305 Sie läßt Vittorino stehen und folgt den Herzog zum Trau=Altar.
491 2231 1612 2358 vom: Hamh#####nn Pnangowondü#
1698 2280 2972 2362 Dann aber flieht sie im Brautschleier zu Filippo, um sich ihm für
1696 2328 2981 2402 eine Nacht zu schenken und dann mit ihm zu sterben. Filippo
400 2341 1035 2443 Dy Hamblrger Städttheaters.
1459 2352 1653 2453 M. L.
1696 2369 2968 2445 stellt sie auf die Probe, indem er ihr einen Becher Wein reicht
1691 2428 2980 2499 und, nachdem sie davon getrunken hat, vorgibt, der Wein sei
1705 2458 2974 2540 vergiftet gewesen. In blasser Todesangst beschimpft sie ihn.
669 2472 1412 2569 Deutsches Schauspielbaus.
1694 2507 2979 2588 Da leert er selber den Gistbecher und stirbt. Von der Leiche
454 2542 1694 2637 Auf dem Theaterzettel steht, Arthur Schuitl##s
1699 2553 2977 2628 flüchtet sie in den Herzogs=Palast, wo man über ihr Verschwin¬
390 2577 1684 2673 Schleier der Beatrice spiele „in Bologna, zu Beginn des
1690 2597 2971 2677 den außer sich ist. Sie lüügt, sie sei in der Kirche gewesen. Da
386 2624 1683 2699 16. Jahrhunderts“. Aber das ist ganz sicher nicht wahr. Weder
1697 2639 2959 2713 bemerkt der Herzog, der argwöhnisch gemacht ist, daß sie den kost¬
397 2672 1669 2739 hat die Handlung, die uns da vorgeführt wird, noch haben die
1688 2671 2966 2776 baren Schleier verloren hat und fordert sie auf, diesen zu holen.
400 2714 1682 2799 Gestalten, die in ihr bewegt werden, italienischen Geist und
1699 2737 2962 2804 Entsetzt weigert sie sich, im Gedanken, daß sie dann den toten
392 2770 1671 2843 Renaissanee=Charakter. Man käme zu einem durchaus ablehnen¬
1699 2777 2961 2851 Filippo wiedersehen müsse. Der erzürnte Herzog übergibt sie
396 2823 1674 2895 den Urteil über das Stück, wollte man annehmen, der Dichter
1702 2825 2967 2888 seinen Räten zur Aburteilung, die über sie das Todesurteil
396 2861 1677 2938 hätte hier den Versuch unternommen, das Wesen der Renaissance
1687 2863 2962 2927 sprechen. In wahnsinniger Angst erklärt sie sich nun bereit, den
398 2907 1682 2960 im dramatischen Spiegel aufzufangen. Viel zu weich wären ihm
1697 2911 2969 2989 Schleier zu holen, wenn man ihr das Leben schenkt. Der Herzog
390 2953 1671 3021 dann seine Männer geraten, viel zu reflektierend und viel zu
1693 2950 2953 3036 begnadigt sie und geht selbst mit ihr in das Haus, wo er den
395 3006 1683 3057 weibstoll. Es ist gar nicht nötig, sehr genau hinzusehen: schon
1686 2997 3009 3094 Toten findet und ihre Untreue entdeckt. Aber milde und gelassen#
400 3047 1672 3091 ein flüchtiger Blick, ein oberflächliches Hinhorchen läßt uns er¬
1688 3040 2960 3138 will er sie ihren Eltern zurückgeben, da springt ihr Bruder dazu
1689 3086 2131 3154 und ersticht Veatrice.
386 3091 1670 3163 kennen, daß das Kostüm des sechzehnten Jahrhunderts nur eine
392 3145 1683 3212 Mummerei ist, in die Schnitzler seineGestalten gesteckt hat, und daß
1769 3129 2965 3205 Um diese raffiniert ausgeklügelte Handlung hat Schnitzler
405 3180 1667 3250 diese angeblichen Renaissance=Bologneser nichts anderes sind als
1683 3191 2958 3272 noch eine ganze Reihe Nebenhandlungen geschlungen, die zumeist
388 3205 1666 3287 seine modernen Wiener Landsleute, wie er sie in der Liebelei,
1689 3242 2967 3315 im Ansatz stehen geblieben sind, sodaß man sich für sie nicht er¬
395 3283 1667 3336 im Anatol und in anderen Stücken geschildert hat. Und auch
1691 3286 2961 3362 wärmen kann. Aber auch die Haupthandlung selber, das uner¬
392 3323 1671 3380 der Grundgedanke des Stückes hat gar nichts von der Kraft der
1691 3329 2966 3410 klärliche Hin= und Hertaumeln der Heldin zwischen drei Männern
399 3381 2954 3467 Renaissance an sich, sondern ist der modernen Weisheit letzter] macht einem das Herz nicht warm. Das Intersse, das man für
3007 1255 3366 1475 ve. ne
3018 1453 3360 1524 dem man im Va
3016 1502 3352 1568 oder im Zoolog
3007 1543 3344 1608 Je weiter die H
3019 1594 3360 1656 und ihre Umwe
3022 1633 3351 1697 ihnen, desto meh
3009 1682 3357 1749 wohl heraufbesch
3013 1727 3365 1792 konnte. Für än
3002 1766 3344 1840 Wohllaut der ge
3004 1823 3367 1881 jeder Szene drä
3003 1859 3354 1926 Dichter hier mit
2997 1901 3357 1964 hat, und man bl
3014 1953 3366 2018 bis aus Herz hin
3076 1998 3352 2061 Dr. Hage
2999 2024 3360 2108 setzt und ein Zu
2997 2083 3357 2142 zusammenklang 1
2998 2128 3355 2188 freulicher Wirkun
2993 2173 3356 2227 gelegentlich etwas
3002 2218 3350 2286 dem Zuschauer
2994 2259 3355 2323 für dieses Stück.
2991 2298 3357 2371 Herzog des Herr
2993 2349 3366 2419 Valéry: jener
2992 2388 3359 2457 losigkeit. Ihnen
2990 2434 3360 2497 Loschi. Aus der
2989 2489 3355 2544 sonen aufzählende
2986 2521 3361 2588 Damen Doré,
2995 2569 3352 2639 Heydorn, die
2983 2613 3349 2675 Pichler, Kall
2979 2656 3357 2721 Freiburg her
2984 2701 3357 2766 verkörpern wußte
2984 2749 3357 2807 lich sehr gespann
2986 2789 3362 2852 daß nach dem vier
2980 2832 3350 2897 Beifall, der zum
3000 2879 3360 2958 dem Stück, als de
