3436 4448
333 185 423 251 Für
333 582 423 639 In
461 74 1556 164 e e
437 146 1595 202 weise auch hier nicht lohnen, aber jedenfalls muß man Herrn Brahm
436 171 1670 265 für die Aufführung dankbar sein, denn Arthur Schnitzler ist ein #el#
433 239 1674 286 Dichter, der ein Recht darauf hat, gehört zu werden, auch da, l'o#
2149 236 2591 324 Telephon 12801.
435 277 1670 330 wo er etwa in heißer Sehnsucht über die Grenzen seines Talents an¬
436 325 1603 381 hinausgestrebt hat. Was Schnitzler für die Bühne bis heute
1782 326 2986 423 Alex. Welgl’s Unternehmen für Zeitungs-Ausschnitte
435 386 1629 427 geschaffen hat, war immer von starkem und eigenartigem Können:
427 415 1653 471 getragen, wenn es sich auch meist in leichte, gefällige Formen #i
2751 406 3000 474 Ausschnitt
2646 428 2723 501 44
436 452 1660 500 kleidete. Und daß er nicht bloß als skeptischer Satiriker ins rn.
1683 422 2682 530 Nelos „OBSERYER“
2810 468 3065 556 Nr. 19
429 496 1588 551 Leben schaut, sondern daß auch starke dramatische Kraft in ihm
425 531 1656 580 lebt, hat er zum mindesten in seinem Einakter „Der grüne ilt
1651 529 3102 620 I. österr. behördl. conc. Bureau für Zeitungsberichte u. Personalnachrichten
430 581 1659 641 Kakadu“ bewiesen. Im „Schleier der Beatrice“ freilich lo
1875 586 2883 683 Wien, IX/, Türkenstrasse 12.
427 619 1657 679 hat er sich ein bißchen zu viel zugemutet. Das 76
1585 662 1663 703 sch
2049 658 2681 744 — Filiale in Budapest: „Figyelö“
431 670 1599 724 Problem, das er sich gestellt hat, ist tief und bedeut¬
439 712 1575 771 sam. Er wollte gleichsam das Weib an sich auf
1573 701 3086 807 Lif Vertretungen in Berlin, Chicago, Genf, London, Newyork, Paris, Rom, Stockholm.
423 751 1598 814 die Bühne bringen, ein junges, schönes, blühendes Mädchen,
435 795 1591 861 dem alles nur ein Spiel ist, das ahnungslos durch Leben und
429 840 1591 894 Liebe schreitet, das durch die Gewalt seiner Schönheit die Männer
1656 852 2169 934 Ausschnitt aus:
427 882 1585 960 verdirbt, ohne es zu wollen, und das, wie ein Kind, nur vor
2353 857 3045 1003 Sahiuger-Heitung, Sanm
424 925 1579 1000 dem Tod sich fürchtet. So liebt sie den Dichter Filippo Loschi,
430 977 1581 1030 der um ihretwillen Braut, Ehre und alles zu opfern bereit ist,
1650 960 2168 1075 vom: —
432 1020 1593 1082 bis er erkennt, daß in ihrem tiefsten Herzen sie sich auch nach
429 1055 1580 1105 anberem sehnt, nach Glanz und Pracht, die ihre Träume be¬
423 1104 1581 1157 herrschen. So wird sie des Herzogs von Bologna Gattin, so
432 1143 1578 1211 treibt sie den armen Vittorino, der sie so gern zum
432 1191 1578 1259 Altar führen möchte, in den Tod, und so drückt sie auch
1828 1181 2745 1260 Kunst und Wissenschaft.
431 1236 1577 1299 ihrem Dichter Filippo, dem Einzigen, den ihre Kinderseele liebt,
1785 1240 2891 1313 * Deutsches Theater. Arthur Schnitzler's fünfaktiges
427 1287 1572 1339 zuletzt den Giftbecher an die Lippen, bis sie endlich selbst durch
1678 1291 2877 1357 Schauspiel: „Der Schleier der Beatrice“ erlebte am gestrigen
418 1314 1578 1394 des eigenen Bruders Dolch den Tod erkennen lernt. Mit Recht
1687 1345 2888 1423 Sonnabend seine erste Berliner Aufführung, nachdem es schon auf
418 1369 901 1429 sagt der Herzog zu ihr:
1680 1393 2879 1446 vielen auswärtigen Bühnen zur Darstellung gelangt ist. Der große
546 1400 1316 1461 Warst Du nicht, Beatrice, nur ein Kind,
1689 1445 2883 1508 Erfolg von „Monna Vanna“ und der Vortritt des „armen Heinrich“
550 1449 1427 1512 Das mit der Krone spielte, weil sie glänzte, —
1685 1493 2879 1542 hatte Schnitzler's Drama in der Schumannstraße zu einem längeren
543 1502 1485 1573 Mit eines Dichters Seel', weil sie voll Rätsel, —
545 1546 1380 1600 Mit eines Jünglings Herzen, weil's Dir just
1688 1537 2875 1597 Antichambrieren genötigt. Nun es in Scene gegangen ist, hat sich aber
544 1584 1360 1645 Geschenkt war? Aber wir sind allzu streng
1677 1583 2879 1657 das alte Sprichwort „Was lange währt, wird gut“ nicht
546 1622 1372 1698 Und leiden's nicht, und jeder von uns wollte
1682 1638 2892 1690 bestätigt, weder in dem einen Sinne, noch in dem
536 1670 1493 1751 Nicht nur das einz'ge Spielzeng sein — nein, mehr!
1680 1689 2879 1748 änderen. Fünf Akte von bedeutender Ausdehnung, von un¬
534 1720 1399 1770 Die ganze Welt. So nannten wir Dein Tun
1628 1729 2884 1795 pgruhigster Fülle und stellenweise allzu deklamatorisch, der
537 1765 1439 1818 Betrug und Frevel — und Du warst ein Kind!
1662 1781 3031 1858 „dramatische Kern in einen breiten Rahmen vom Kulturbildlichen aus gclusive
504 1792 1564 1855 Hätte Arthur Schnitzler sich auf die Lösung dieses Problems be¬
1664 1833 3015 1889 „ der italienischen Renaissance hineingepflanzt, — das alles ließ die Porto.
409 1835 1575 1912 schränkt, er hätte ein gutes Stück geschaffen, zweifellos ein viel
1660 1891 3021 1953 prechte Teilnahme eines übervollen und dem hochbegabten Wiener ahlbar
414 1888 1577 1959 besseres, als jetzt sein „Schleier der Beatrice“ ist. Aber er hat
1680 1929 3052 1996 * Dramatiker mit berechtigt großer Spannung begegnenden Hauses nicht Voraus.
411 1931 1572 1996 den Menschen seiner Dichtung, die nie und nimmer gelebt haben
407 1982 1564 2034 könnten, auch noch ein ganz spezifisches Zeitkolorit gegeben. Sein
1634 1988 3067 2047 Al aufkommen, zumal auch die von Irene Triesch und dem ihr eigenen: ist das
409 2028 1567 2091 Herzog von Bologna mußte sich, außer mit seiner Leidenschaft
1638 2036 3078 2099 Ab feinen Talente dargestellte weibliche Hauptrolle Beatrice ein ziemlich ht es den
419 2062 1570 2123 für die schöne Beatrice, auch noch mit dem tückischen Cesar
1691 2074 2952 2142 rätselhaftes physiologisches Problem ist und die Empfindung nicht !1.
407 2103 1560 2165 Borgia herumraufen, sein Dichter Filippo Loschi mußte mit aller
1684 2124 3073 2213 tiefer berühren kann. Bologna steht am Vorabend großer und nicht eben stend die
417 2149 1566 2217 Gewalt ein Uebermensch der Renaissance werden, und noch eine
1630 2166 3067 2250 5 für den Herzog, wie für seine Edelleute und bürgerlichen Untertanen orgen¬
402 2190 1563 2269 ganze Menge höchst überflüssiger und deshalb störender
1648 2235 3068 2285 we angenehmer Ereignisse. Man fürchtet den Sturm und Ueberfall feind= Zeitung“)
411 2240 1573 2293 Motive und Personen packte er zu dem gleichen Zwecke
1626 2270 3060 2331 Le licher Truppen unter der Führung des Cäsar Borgia von Rom aus. shaftliche
403 2287 1575 2341 noch in sein Schauspiel hinein. Und so zerrte er die wunder¬
2877 2308 3074 2374 iese Mit¬
1639 2316 2886 2381 th Der Hintergrund ist in der Stimmung ähnlich gehalten, wie bei der
407 2327 1560 2381 volle, von tiefstem Empfinden getragene Stimmung einiger
1677 2368 2888 2425 Pest von Florenz. Es liegt etwas Unabwendbares, Unvermeidliches,
404 2375 1561 2431 weniger Szenen zu fünf langen Akten auseinander, in denen nur
400 2425 1549 2475 zu vieles verstimmend wirken muß. Diesem Mißverhältnis
1688 2418 2875 2481 Tragisches in der Luft, und wenn sich auch viele zum Kampfe für das
404 2469 1559 2516 zwischen Form und Inhalt entsprach so ziemlich auch die Auf¬
1691 2467 2882 2519 Vaterland rüsten, so drängt sich doch auch wieder die Freude am Leben,
394 2511 1547 2573 nahme, welche die Dichtung gestern beim Publikum fand.
1689 2513 2881 2588 die Lust an Scherzen und Festen fast baechanalisch in den Vordergrund,
402 2547 1559 2625 Manches nahm man gleichgültig entgegen, bei vielem hatte der
1679 2568 2884 2626 sodaß man von Kampf und Krieg weniger vernimmt, als von Liebe,
400 2588 1553 2650 lärmende Beifall der Freunde lebhaften Widerspruch zu übertönen,
1688 2613 2889 2671 Küssen, Hochzeit und Festesjubel. Dazwischen hindurch schreitet aber
399 2650 1554 2706 aber die wenigen Szenen, in denen das eigentliche Grundmotiv
1675 2657 2887 2706 das gigantische Schicksal, und um eines lieblichen, ein wenig törichten
411 2679 1547 2740 sich in reiner, leuchtender Schönheit aus dem belastenden Beiwerk
1681 2700 2888 2771 Mädchens willen, welches, wie in einem Märchen der noch junggesellige
402 2727 1544 2793 herausschält, wurden dafür auch mit stürmischem Beifall begrüßt.
1683 2734 2888 2816 und nach wahrer Liebe dürstend gewalttätige Herzog ihrem Verlobten
406 2765 1550 2839 Wie es bei Premièren üblich ist, konnte der Dichter jedoch auch
1687 2803 2882 2857 unmittelbar vor der Trauung abspenstig macht und selbst noch freit und
405 2808 1555 2877 sonst nach jedem Aktschluß vor der Gardine erscheinen. — Die
1679 2851 2896 2913 zur Herzogin von Bologna erhebt, gehen zwei edle Bologneser in den
397 2853 1549 2925 Darstellung tat gestern nur in einigen Hauptrollen voll ihre
1686 2900 2880 2957 freiwillig gewählten Tod. Der bürgerliche Bräutigam ersticht sich und
392 2902 1551 2965 Schuldigkeit. Rudolf Rittner gab den Filippo, der im
401 2933 1548 3003 Grunde durchaus kein Renaissancemensch, sondern ein träumender
1691 2947 2891 3007 der wahre Mann von Beatricens Herzen vergiftet sich im dritten Akt.
393 2980 1544 3056 Schwärmer ist, etwas zu gesund und robust, aber in der großen
1675 2990 2884 3048 Der letztgenannte ist der äußerst viel redende und zum
383 3022 1540 3084 Szene des dritten Aktes, der schönsten des ganzen Stückes, fand
1685 3042 2883 3107 Deklamieren geneigte, bewunderte Poet Filippo Loschi. Er
387 3069 1542 3136 er innerliche und ergreifende Töne. Für die unbewußte,
1688 3087 2878 3153 hat die Geliebte verstoßen, da er glaubt, aus einer
388 3117 1543 3182 naive Perversität der Beatrice hat Irene Triesch
1676 3131 2885 3200 Traum=Erzählung der kleinen Schönen eine schlechte Seele
378 3160 1541 3237 von Hause aus nicht gerade die überzeugendsten Ausdrucks¬
1682 3186 2882 3255 bei ihr annehmen zu müssen. Während der Hochzeitsfeierlichkeiten
386 3200 727 3263 mittel, um so
723 3206 1531 3267 lebhafter muß die Geschicklichkeit auer¬
1680 3239 2887 3302 bei Hofe verläßt aber Beatrice heimlich das Schloß und erscheint
383 3239 1538 3318 kannt werden, mit der sie sich von Akt zu Akt mehr in den Geist
1681 3284 2880 3344 wieder bei Filippo, der die Unglückliche zum zweiten Male abweist und
338 3259 1537 3363 der Gestalt hineinfand. Friedrich Kayßler lieh dem
1682 3332 2882 3390 vor ihren Augen in den Tod geht. In der Verwirrung verliert sie
354 3353 1529 3426 Herzog viel kraftvolle Männlichkeit, nur redete er Schnitzlers klang¬
1689 3373 2878 3424 bei dem Toten den Brautschleier und kehrt ohne ihn in die ob des Ver¬
358 3396 1526 3474 schöne Verse oft in Grund und Boden. Ueberhaupt das Sprechen
1681 3421 2881 3491 schwindens der Braut aufgeregte Hochzeitsgesellschaft zurück. Dieser 4. Akt
365 3448 1532 3530 im Deutschen Theater! Die Grenze zwischen Vers und Prosa,
1690 3464 2882 3540 besitzt große dramatische Kraft und auch der letzte, in welchem Beatrice an
358 3489 1518 3545 die Schnitzler in seiner Dichtung mit kluger Absichtlichkeit gezogen
1690 3524 2879 3575 der Hand des mißtrauisch gewordenen Herzogs im Hause Filippo's vor
357 3543 1521 3597 hat, wurde nur zu oft plump und rücksichtslos verwischt. Von
1687 3575 2872 3634 Anbruch der Dämmerung erscheint, den Schleier sucht, während
353 3577 1529 3637 den Darstellern der zahllosen kleineren Rollen können nur Louise
351 3613 1526 3674 Dümont und Luise von Pöllnitz, sowie die Herren
1689 3613 2885 3667 der Herzog die Leiche entdeckt, hat viel Fesselndes. Beatrice wird
351 3665 1517 3734 Bassermann, Sauer Fischer, Stieler und
1681 3668 2871 3736 schließlich das Opfer ihres Bruders, der in einer Art von Valentin¬
354 3709 1518 3766 Meinhard mit Anerkennung genannt werden. Im übrigen
1680 3706 2883 3784 Stimmung die Schwester ersticht. Schnitzler wurde nach allen
360 3750 1549 3838 tummelte sich eine verblüffende Fülle von Talentlosigkeit auf der
1686 3761 2879 3852 Akten gerufen, aber nicht ohne Opposition. Der Darstellung verbleiben
369 3788 642 3852 Bühne herum.
1678 3809 2030 3890 noch einige Worte.
