3436 4320
319 162 2429 244 14. Der Schleier der Beatrice box 20/4
1237 862 2356 945 Und nie so leicht, dass er sich fliegen däuchte!
1236 929 2355 1003 Wär' ich wie der, und wär' ich über Menschen
1241 967 2258 1050 Wie über feuchtes Gras dahin geschritten,
1233 1017 2384 1114 Dass mir der Fuss vom Thau des Lebens dampft,
1228 1078 2240 1150 Das ich zertrat, so wär’ ich ohne Unrecht;
1224 1126 1694 1201 Ich durft es thun!
1183 1186 2549 1249 Ihm fehlt, um Kraft zum Leben wieder zu gewinnen, ein
1066 1250 2552 1305 Wunder. Und dieses Wunder — es kommt! Beatrice, die
1069 1295 2553 1361 Herzogin, eilt zu ihm, verstohlen, im Brautkleid. Sie kommt, um
1070 1345 2556 1403 mit ihm zu sterben. Dies sagt sie und ... fühlt es auch. Sind
1072 1392 2553 1454 es doch die Gefühle des Augenblickes, die sie beherrschen. Sie
1062 1447 2548 1503 fühlte, als sie Filippo weggeschickt, dass in der bescheidenen
1059 1490 2554 1561 Ehe Ruhe für sie sei, sie fühlte, als der Herzog um sie warb,
1065 1542 2544 1607 dass es herrlich sein müsste, Fürstin zu sein, und sie fühlte
1068 1595 2542 1655 schliesslich sclche Sehnsucht nach Filippo, dass sie für die
1066 1637 2547 1693 Erfüllung ihrer Sehnsucht alles hingibt. Sie ist des Augenblickes
1065 1693 2541 1746 unbedachtes Geschöpf, willenlos allen Impuisen hingegeben, so
1056 1743 2553 1797 gedankenlos, dass ihr das Seltsame, in dessen Mitte sie ein
1069 1801 2545 1855 spielerisches Geschick gestellt hat, ganz selbstverständlich vor¬
1072 1842 2146 1915 kommt. Der Dichter beginnt sie zu verstehen:
2023 1890 2256 1963 Du bist
1241 1931 2295 2017 Zu staunen nicht gemacht. Niemals hat dich
1242 1989 2257 2073 Des Daseins Wunder namenlos erschreckt,
1236 2047 2224 2100 Nie bist du vor der Buntheit dieser Welt
1232 2105 2166 2163 In Andacht hingesunken, und dass du,
1239 2146 2052 2216 Die Beatrice ist, und ich, Filippo,
1240 2186 2192 2267 Sich unter den unendlich Vielen fanden,
1235 2242 2190 2305 Hat nie mit tiefem Schauer dich erfüllt.
1235 2285 2374 2359 Und dass dein Vater toll, füllt nicht mit Bangen,
1236 2342 2146 2388 Dass Vittorino starb, der dich geliebt,
1238 2380 2362 2454 Nicht mit dem fürchterlichsten Graun dein Herz.
1238 2438 2190 2504 Und dass du Fürstin von Bologna bist,
1239 2498 2173 2553 Macht dich so wenig staunen, Beatrice,
1239 2530 2394 2603 Wie wenn sich eine Mück’ auf deine Hand setzt.
1186 2602 2527 2665 Und er versteht auch die tiefe Lügenhaftigkeit, die in ihrer
1078 2625 2528 2703 Wahrheit ist, versteht die Willenlosigkeit, die ihr Opfer, ohne
1068 2692 2539 2758 dass sie selbst es weiss, zu einer lächerlichen Komödie macht.
1066 2750 2544 2808 Er gaukelt ihr vor, sie hätte bereits in einem Glase das Gift
1060 2803 2536 2878 getrunken, und da sie sich nach dem Leben sehnt, weist er sie
1068 2845 1530 2911 verächtlich zurück:
1230 2890 2380 2992 Du willst das Leben. Geh’, da draussen wartet’s,
1228 2958 2250 3020 Und nimmt dich gierig auf als sein Besitz!
1046 3001 2350 3090 Zu tief hat er sie durchschaut, um ihr noch zu zürnen:
1761 3047 2478 3141 Was gibt’s denn zu verzeih'n?
1102 3090 2116 3186 Betrogst du mich? ich hätt dich betrogen,
1104 3173 2110 3228 Hätt’ ich die Laune, die dir kam, genutzt,
1105 3203 2297 3271 Und dich mit mir gelockt, wo du nicht hin willst!
1108 3272 2232 3326 Logst du? Du kannst es kaum so gut wie ich!
1106 3321 2490 3397 Nurist’s dein Wesen, dass mit jedem Pulsschlag
1108 3367 2388 3443 Durch deine Adern and’re Wahrheit rinnt.
1180 3425 2544 3506 Aber sie liebte ihn, will ihn nicht lassen. Was weiss sie
1066 3476 2545 3560 von dem tiefen Schauder des Künstlers, der sich in ihrer Nähe
