3436 4256
343 139 1951 239 14. Der Schleier der Beatrice
1015 726 1430 797 Telefon 12801.
529 849 1897 908 Alex. Weigl's Unternehmen für Zeitungs-Ausschnitte
1556 893 1766 964 Ausschnitt
872 908 1885 1048 „OBSERVER“ Nr. 62
419 951 548 1040 4 7
473 1043 1944 1120 I. österr. behördl. conc. Bureau für Zeitungsberichte u. Personalnachrichten
674 1106 1786 1192 Wien, IX/1, Türkenstrasse 17.
877 1184 1599 1281 Filiale in Budapest: „Figyelö“ —
489 1268 1954 1339 Vertretungen in Berlin, Chicago, Genf, London, Newyork, Paris, Rom, Stockholm.
478 1388 1032 1465 Ausschnitt aus:
1101 1382 1773 1513 Frankfurter Zeiteng
683 1479 1128 1570 8. 8S
485 1547 843 1638 vom
932 1744 1462 1837 Kleines Feuilleton.
1102 1875 1714 1957 Frankfurt a. M., 3. December.
688 1933 1741 2005 ch [„Der Schleier der Beatrice“.] Ueber die erste Auf¬
657 1978 1745 2049 führung von Arthur Schnitzler's neuem Drama „Der Schleier
640 2031 1744 2069 der Beatrice" wird uns aus Breslau berichtet: Das Stück
656 2073 1740 2127 würde wohl einen stärkeren Erfolg gehabt haben, hätte die Dar¬
651 2100 1737 2160 stellung nicht allen Anforderungen widersprochen. So aber gab
652 2148 1748 2195 es nicht mehr als einen Achtungserfolg, der nach mehreren Akten
655 2185 1743 2234 stark bestritten wurde. Das Haus war überfüllt Berlin und
657 2220 1756 2263 Wien hatten Kritiker entsandt und alle mußten Zeuge der be¬
658 2263 1744 2323 schämenden Thatsache sein, daß unsere Vereinigten Theater, was
654 2299 1593 2355 das Schauspiel anbelangt, auf einem sehr mäßigen Nivear
640 2337 1730 2394 trotz der hohen Subvention, die die Direktion von der Stadt er¬
527 2350 635 2424 Für
656 2373 1917 2433 hält. Verfehlter konnte die Besetzung kaum sein; anderseits hatte inclusive
653 2413 1894 2477 man auch kaum geeignetere Kräfte, um sie an die Stelle der hier zur Porto.
651 2451 1897 2494 Verwendung gelangten zu setzen; mit geringen Ausnahmen ent¬ Zahlbar
646 2487 1929 2555 sprach die große Schaar der Mitwirkenden kaum den billigsten in Voraus.
554 2519 659 2601 1
646 2538 1732 2599 Anforderungen. Das Stück spielt in Bologna, das rings
609 2550 1951 2623 von Feinden belagert ist, und zwar zur Renaissance= te ist das
498 2615 1953 2668 Abonn zeit. Der Herzog hält Hochzeit mit der Schwester cht es den
504 2648 1787 2694 Abonn einer Courtisane, mit der schönen Beatrice, der er wenige rn.
636 2696 1738 2756 Stunden vorher erst begegnet war, als sie zur Trauung mit einem
1697 2728 1950 2786 haltend die
1140 2749 1217 2805 S
1337 2738 1517 2808 S
1688 2766 1943 2826 Morgen¬
502 2802 1944 2868 Inhal Andern ging, und die erklärt hatte, sie würde ihm nur als recht=zer Zeitung")
508 2817 1939 2903 blüt mäßige Gattin angehören. Während des Hochzeitmahls schleicht siche Leben
502 2863 1952 2953 wodur Beatrice zu dem Dichter Filippo, dessen Geliebte sie war und der „ittheilungen
503 2895 1715 2982 des I sie am Morgen fortschickte, weil sie geträumt, sie habe dem Herzog
513 2942 1739 3021 werde angehört. Filippo nimmt aus Ekel vor ihr und aus Verzweiflung
626 2987 1725 3044 Gift, während Beatrice entsetzt flieht, ihren Brautschleier in seinem
623 3026 1581 3089 Gemach zurücklassend. Zurückgekehrt, erklärt sie, in der Ki
1579 3040 1726 3093 irche ge¬
621 3066 1576 3123 wesen zu sein, man weist ihr die Lüge nach, sie wird verwir
1613 3082 1726 3137 ihr
631 3094 1735 3191 Schleier fehlt, der Herzog bringt darauf, zu wissen, wo sie ihn
626 3141 1718 3214 gelassen. Sie schweigt; man droht ihr die Todesstrafe an und
634 3187 1729 3260 aus Furcht erklärt sie sich bereit, den Schleier zu holen. Der
700 3227 1717 3288 zog möge sie begleiten. Sie betreten das dunkle Zimmer
723 3262 1702 3323 pos. Beatrice reicht dem Herzog den Schleier und will ihn
725 3305 1637 3363 r fortziehen, als der Herzog erklärt, hier die Nacht mit
723 3337 1708 3406 ingen zu wollen. Während er sie nach dem Schlafgemach
732 3378 1723 3450 t, entdeckt er die Leiche Filippos. Nun erst erkennt der
730 3419 1727 3475 g den wahren Sachverhalt. Von draußen ist die Hochzeits¬
730 3461 1736 3530 schaft eingedrungen, mit ihr Francesco, der Bruder Beatrices,
718 3492 1429 3549 hr den Dolch ins Herz stößt. — Unter den
619 3528 1374 3609 nur die Herren Lettin=r (Filippo) und
613 3559 875 3634 mit Lob ze
1997 141 2455 238 box 20/2
2657 895 3069 950 Telefon 12801.
2169 990 3385 1079 Alex. Weigl’s Unternehmen für Zeitungs-Ausschi
3185 1051 3365 1105 Ausschattt
2505 1062 3148 1196 „OBSERVER“
3207 1098 3364 1203 Nr.
2157 1092 2286 1206 e
2130 1187 3396 1274 I. österr. behördl. conc. Bureau für Zeitungsberichte u. Personalng
2300 1271 3392 1352 Wien, IX Türkenstrasse 17.
2501 1347 3173 1437 Filiale in Budapest: „Figyelö“-
2118 1428 3390 1502 Vertretungen in Berlin, Chicago, Genf, London, Newyork, Paris, Rom, S
2913 1499 3361 1585 Borsen-Aenung
2097 1547 2661 1633 Ausschnitt aus:
2317 1649 2409 1730 20
2409 1646 2818 1735 7127* .
2117 1695 2501 1819 vom
2359 1936 3270 2029 — Arthur Schnitzlers Schauspiel „Der Schleier
2282 1962 3258 2064 sder Beatrice“ fand am Sonntag im Breslauer
2288 2028 3263 2106 =Lobe=Theater seine erste Aufführung. Das Stück
2392 2070 3262 2150 — so wird uns telegraphisch berichtet — ein farben¬
2297 2116 3251 2185 glühendes Gemälde aus der Hochrenaissancezeit und
2305 2145 3259 2236 faßt die Tragik zweier hochgestimmter Charakteure in
2300 2172 3253 2254 der unbewußten Tragödie einer Mädchenseele zusammen.
2291 2222 3248 2295 Das Stück steigert sich in der dramatischen Wirkung
2304 2262 3265 2350 von Act zu Act und das sichtlich lebhaft interessirte
2301 2298 3251 2385 Publicum bereitete dem anwesenden Dichter einen sich
2299 2330 2867 2406 stetig steigernden großen Erfolg.
2578 2430 3119 2517 Bezugs-Bedingungen:
2154 2505 3305 2579 Für 50 Zeitungsausschnitte (Artikel oder Notizen). Kr. 15.—
2243 2554 2340 2605 100
3158 2546 3252 2603 28
3167 2586 3288 2646 50.—
2239 2590 2354 2642 200
2236 2623 2352 2677 500
3156 2622 3309 2682 110.—
3316 2643 3382 2700 in
3153 2671 3327 2736 200.—
2173 2667 2348 2737 „ 1000
2238 2718 3383 2769 Im Gegensatze zu anderen Bureaux für Zeitungsausschnitt
2119 2752 3384 2822 Abonnement durch keine bestimmte Zeitdauer begrenzt; — auch ste
2119 2807 3390 2868 Abonnenten frei die aufgegebenen Themen zu ergänzen oder zu ändern
2232 2884 3382 2938 Der „OBSERVER“ veranstaltet täglich einen Auszug enth
2132 2936 3377 2983 Inhaltsangabe aller wichtigen Mittheilungen der Wiener M
2124 2977 3385 3023 blätter (Tagesjournale ausser „Neue Freie Presse“ und „Wiener
2128 3011 3385 3064 wodurch eine Uebersicht über das gesammte politische und wirthschaftli
2133 3048 3384 3097 des In- und Auslandes in drastischer Kürze geboten wird. Diese Mit
2125 3090 2937 3142 werden in Wien um 9 Uhr Früh verschickt.
2429 3152 3253 3244 Prospecte gratis und franco.
