3436 4448
313 205 495 309 14
1971 206 2413 310 box 20/6
487 222 1820 307 Der Schleier der Bestrice
1060 1082 1299 1174 Seite 12
1719 1090 2114 1185 Wien, Sonntag
2582 1104 3033 1193 DER TAG
1018 1213 3023 1323 Katharsis, daß sie klingen werden, solange noch dieser Handlung noch mehr Interesse zu verleihen, Der erste.
1027 1291 2818 1360 MNenschen eine Ahnung von lyrischer Gewalt und indem er die heiteren Episoden stärker hervor¬
2872 1307 3034 1365 * Herbe
1020 1327 1652 1399 zeistiger Ekstase haben werden.
2818 1343 3017 1405 regisseurs
1898 1336 2811 1412 treten ließ und auch einzelne Charaktere veränderte.
2813 1390 3028 1442 nau, an
1047 1386 2806 1458 Das Stück wurde teils sehr gut, teils sehr Die Händelsche Musik zu den Arien und Duetten
2813 1423 3035 1483 einer auße
1019 1441 2801 1508 schlecht gespielt, und es ist schwer die Schuld zu ließ er dabei unangetastet. Sie enthält Proben
2817 1466 3016 1518 rung als
1018 1471 2815 1546 #okalisieren. Die drei lebendigen und guten Haupt= Händelscher Lyrik (z. B. das berühmte Largo) und
2804 1496 3033 1567 theater in
1018 1521 1920 1588 gestalten, Beatrice, der Dichter Filippo und der
1915 1538 3021 1619 erinnert stellenweise schon an Mozart. In den Die Herb
1020 1570 1915 1633 Fürst von Bologna, wurden lebendig und gut
1919 1581 2809 1646 Secco=Rezitativen hat der Bearbetter allerdings
2885 1599 3022 1661 Dire
1019 1623 1925 1689 gespielt, aus den leblos=schematischen Nebenfigu¬
1913 1624 2806 1699 sehr frei gewaltet und vieles Selbständige hinzu¬
2810 1648 3015 1704 a. d. Wi
1021 1664 1911 1733 ren war vielleicht nicht mehr herauszuholen. Frau
1914 1684 2793 1751 gesetzt — oft zum großen Vorteile der dramati¬
2798 1691 3022 1761 masken=V
1019 1717 1903 1779 Hilde Wagener gab die Beatrice mit der heili¬
1913 1714 2240 1792 schen Bewegung.
2790 1747 3017 1808 rette „R.
1015 1767 1910 1813 gen Unverantwortlichkeit einer reinen Kinder¬
1924 1749 2791 1845 Das Händelsche Orchester, das für Vor¬
2801 1795 3017 1856 worben, 1
999 1811 1911 1878 natur. Und nachdenklich lange blickte sie ihren un¬
1916 1814 2806 1888 führungen im intimen Raume des Schloßtheaters
2805 1836 3021 1908 herauskon
1002 1860 1909 1917 versehens entflogenen Worten wie leicht abge¬
1907 1877 2797 1930 sehr geeignet ist, enthält außer Streichorchester und
2805 1896 3014 1971 Eine neu¬
1013 1907 1903 1967 schossenen Pfeilen nach, nicht wissend, wen sie ins
1911 1922 2803 1986 einigen Bläsern ein Cembalo, das die Rezita¬
2852 1957 3005 2015 * Leo¬
1025 1960 1905 2014 berz treffen werden. Herr Andersen scheint
1906 1958 2799 2032 tive ausführt und auch in den Orchesternummern
1000 2007 1895 2069 geboren zu sein, um gedichtete Dichter darzustellen.
2808 1999 3000 2071 Ernst P
1913 2013 2798 2083 zur Ausfüllung der Harmonie unentbehrlich ist.
1005 2056 1904 2109 Seine zarte Feinheit ist von der gefährlichen Art
2800 2055 3008 2114 „Liebst¬
1914 2064 2802 2130 Es wird der Versuch gemacht werden, die ganze
2803 2089 3000 2165 mit Käth
1007 2102 1902 2169 wie die Feinheit einer Dolchspitze und sein
1909 2114 2797 2183 Oper in der Weise ihrer Zeit vom Flügel aus zu
1016 2147 1893 2207 Grübeln hat Melodie. Herr Aslan war ein
1905 2152 2121 2221 dirigieren.
1011 2191 1906 2262 schöner und überzeugender Fürst einer Astheten¬
1929 2196 2794 2276 Es ist seit vielen Jahrzehnten das erste Mal,
2796 2205 2999 2292 Generalv
998 2236 1900 2318 welt. Noch das bißchen Geckenhafte hatte Kultur¬
1900 2227 2800 2325 daß eine Händelsche Oper nach dem Beispiele der
2856 2270 2995 2339 * Der
1002 2300 1890 2366 duft und sicheren Stil. Und das vornehm Dege¬
1910 2302 2787 2389 deutschen „Händel=Renaissance“ in Wien aufge¬
2780 2314 2994 2387 Volksthea
995 2348 1905 2407 nerierte war wie ein inneres Losgelöstsein vom
1898 2344 2149 2419 führt wird.
2777 2365 3000 2439 nachmitte
995 2395 1909 2450 natürlichen Leben, wie melancholische Befreitheit
2789 2422 2980 2485 theaters
996 2432 1900 2501 und ein Verschweben über den irdischen Nöten.
1897 2437 2981 2540 Neuorganisation der Bundestheater= einberuf¬
998 2479 1902 2558 Dieses Seltsam=Schöne, das in der Schnitzlerschen
2177 2510 2523 2593 verwaltung.
2793 2518 2993 2602 Todesfal
997 2538 1902 2615 Figur ist, daß Müdigkeit zu Heroismus wird, er
2871 2577 2981 2628 Die
1923 2576 2791 2648 * Aus München wird uns berichtet: In der
999 2584 1324 2647 hat es gestaltet.
1517 2595 1867 2663 Béla Baläzs.
2791 2607 2963 2670 abends
1878 2603 2786 2693 [Intendanz der bayrischen Staats¬
2796 2650 2987 2711 Leichenbe
1884 2680 2802 2735 jtheater wird in der nächsten Zeit ein
2792 2698 2965 2755 halb 4 1
1284 2674 1594 2765 „Sang=Po.“
1888 2721 2954 2792 [Sektionschef des österreichischen finden.
997 2728 1900 2817 Eine chinesische Oper von R. Tlascal. Dichtung
1894 2772 2793 2840 Unterrichtsamtes erwartet, den der
1235 2792 1684 2865 von R. E. Burgssun.
1894 2813 2791 2875 Minister Dr. Schneider nach München schicken
1081 2830 1885 2918 Eine chinesische Oper reinster Wiener Fech¬
1902 2866 2800 2933 will, damit er hier in die Geschäfte einer
995 2881 1881 2959 sung. Zwei Wiener sind es, die in Not und
1890 2913 2798 2988 [Theaterintendanz eingeführt werde.
992 2941 1904 3014 Qualen der Gefangenschaft, nahe der chinesischen
2791 2944 2968 3026 8
1924 2961 2786 3031 Auf Minister Dr. Schneider hat es bei seinem
985 2998 1887 3061 Grenze, sich über ihren Kummer erhoben, indem
1890 3013 2788 3085 letzten Münchner Besuch einen großen Eindruck
993 3041 1880 3109 sie ein Werk schufen, das musikalisch und dichterisch
2843 3025 2992 3116 20
1888 3060 2790 3112 gemacht, daß die bayrischen Staats¬
983 3088 1885 3153 all das zum Ausdruck bringt, was das Land lehrt.
1891 3109 2788 3167 theater ohne Defizit geführt werden, und
992 3124 1882 3209 Chinesisches Leben und chinesische Sitte, chinesische
1893 3155 2785 3210 Aufgabe des nach München delegierten Sektions¬
981 3181 1883 3251 Musik, immer mit einem Unterton von wieneri¬
2823 3191 2971 3258 Lan
1894 3194 2789 3279 chefs soll es sein, die Frage der defizitlosen Füh¬
987 3233 1891 3299 scher Sentimentalität und wienerischer Grübelei.
2816 3243 2968 3307 Schi
1885 3246 2604 3323 rung von Staatstheatern zu studieren.
980 3291 1894 3341 Die Szenenbilder muteten wirklich fremdartig
2816 3286 2971 3338 Vorsi
2815 3328 2964 3384 Staat
985 3330 1878 3400 und stimmungsvoll an, die talentvolle Ada Nigrin
1885 3321 2713 3407 Die letzte Burgtheater=Premiere der Saison.
2806 3371 2960 3425 Verte
987 3381 1879 3455 ist, seit sie „Schlagobers“ inszenierte, womöglich
1975 3372 2775 3437 Im Burgtheater beginnen Mittwoch die
2779 3393 2966 3474 Dr. Rr
1898 3419 2766 3481 Proben zu Max Mohrs (von dem wir die „Im¬
989 3425 1886 3496 noch gewachsen und schuf ganz entzückende japa¬
1888 3455 2771 3515 provisationen“ kennen) neuerem Stücke „Die
979 3478 1869 3536 nische Kostüme und Szenenbilder. Der Spiel¬
1891 3492 2188 3548 Karawane“
2184 3502 2774 3552 Die Premiere ist für Mitte
982 3519 1877 3588 leiter Theo Dörich und Kapellmeister Friedrich
1887 3541 2722 3614 [Juni im Akademietheater angesetzt.
2768 3525 2959 3614 dete der
988 3566 1615 3628 holten das Beste aus dem Werk.
1877 3574 2242 3646 Die Opern=Woche.
2768 3585 2940 3641 diesen,
1026 3609 1888 3694 Der Inhalt der Oper ist ungemein dürftig und
1957 3603 2948 3687 Die Besetzung der Hauptpartien des Opern= brachten
982 3663 1872 3733 inhaltsarm. Sang=Po, ein chinesischer Edler, liebt
1882 3666 2935 3734 repertoires für die kommende Woche lautet: lehne
1887 3705 2923 3765 „Ariadne auf Naxos“: Weidt, Gerhart, stand
976 3720 1876 3781 Lu, die Gattin eines angesehenen Mandarins, und
1885 3743 2938 3800 Rajdl, Jerger, F.=Niemann, Duhan, Maikl. Vertagr
981 3768 1878 3818 will sie durch ein Perlenhalsband gewinnen. Lu
1885 3773 2935 3839 Dirigent: Reichenberger. — „Das Mädchen hof fül
982 3802 1866 3865 fängt Feuer. Mitten in einer glühenden Liebes¬
2782 3811 2942 3872 zu erle
1877 3816 2782 3872 aus dem goldenen Westen“: Jeritza,
2777 3843 2936 3918 Mits¬
981 3858 1865 3906 szene wird das Paar durch den Gatten über¬
1877 3857 2720 3921 Piccaver Jerger. Dirigent: Reichenberger.
2800 3887 2925 3951 Im
1877 3880 2765 3953 „Die Jüdin“: Geyersbach, Gerhart, Slezak,
978 3905 1875 3966 rascht, der die Ungetreue niedersticht. Sang=Po
2772 3912 2918 3977 FML.
1885 3919 2760 3996 Norbert, Maikl. Dirigent: Alwin. — „Manon
986 3953 1865 4003 entflieht und beschwört die Gottheitt, noch ein¬
2774 3966 2945 4020 Genera
1883 3971 2734 4044 Lescaut“: Manon — Born; Des Grieux —
982 3987 1867 4059 mal die Seele Lus zu bannen. Die Gottheit
2759 4002 2921 4057 die V
1877 4015 2762 4073 Piccaver; Lescaut — Renner; Geronte — Zec.
2773 4036 2942 4099 Vern
980 4046 1870 4111 willfahrt dem Flehen unter der Bedingung, daß
1879 4048 2379 4107 Dirigent: Reichenberger.
2444 4048 2756 4108 „Rigoletto“:
2773 4079 2958 4141 Kride
1875 4091 2763 4141 Gerhart, Grosavescu, Duhan. Dirigent: Alwin.
971 4091 1871 4149 Sang=Po Lu nicht anspricht. Als der Liebende
1922 4135 2763 4182 „Carmen“: Anday, Born, Piccaver, Jer¬
980 4138 1875 4204 aber die Seele Lien=Yangs vor sich sieht, kann er
2770 4122 2927 4219 kellet.
1871 4161 2351 4211 ger. Dirigent: Alwin.
2398 4167 2760 4223 „Margarethe“
973 4183 1873 4238 sich nicht bezwingen und die Dämonen erwürgen
1869 4195 2739 4256 (Faust): Geversbach. Slezak. Manowarda, Duhan
