3484 4256
1936 250 2407 339 box 20/4
281 262 1796 356 14. Der Schleier der Beatrice
3013 1388 3184 1461 —.—
384 1441 3319 1510 ihrer Jugend, daß er Ehre, Ruhm und Vaterland=Daß Du Dich schwerer'n Grimm's von mir versiehst, spruch Enttäuschter zischte sie nieder. Daß Schnitz¬
2327 1485 3327 1545 ler, unverändert von Zeit und Mode die bis zum
390 1487 2281 1545 für nichts achtet und nur nach Schäferstunden in Als wenn Du weigerst, was ich Dir befehle?
150 1496 288 1569 Ka u)
1514 1521 2337 1588 .Das Schleier=Motiv! In Wien klang es
2327 1531 3324 1572 blonden Spitzenbart ganz in Schwarz gehüllte
397 1527 1375 1600 ihren weichen Armen bangt. Aber sie hat ihn
161 1534 385 1613 8. März.
2330 1573 3316 1635 schlanke Erscheinung mit der Anatollocke über der
1364 1548 2335 1623 zuerst an. Das feine Wiener Stückchen, ganz aus
393 1574 1382 1626 verraten — im Traum. Nur im Traum. In
212 1588 411 1654 Wiener
176 1602 238 1644 n.
2360 1604 3270 1670 Stien, mehrfach erschien, ändert daran nichts.
1360 1612 2341 1652 dem Geist der „Heimat"= und „Milien=Kunst“ ge¬
395 1615 1374 1663 kindlicher, ahnungsloser Einfalt gesteht sie's. Und
151 1630 402 1686 Piener Wal¬
1361 1646 2343 1709 boren, in seiner Mischung von Humor, Sentimen¬
2404 1632 3317 1708 Aber aus den oben zitierten Versen mag man
392 1648 1370 1702 dieses wunderlichen Dichters ganzes Leben ist doch
162 1665 399 1728 unger Lebe¬
2324 1680 3135 1742 ersehen, daß der „Schleier der Beatrice“
1370 1688 2334 1739 talität und laxer Moral so echt wienerisch und so
395 1688 1363 1735 nur ein Träumen gewesen; ihm ist der Verrat
166 1702 399 1768 hne rechten
2328 1716 3093 1777 wunderlichen, im Muster allzu unruhigen
1359 1719 2337 1785 modern, verdankte seine Verwickelung, seine Spann¬
384 1724 1380 1798 der Geliebten, die sich an die Seite des Herzogs
160 1754 397 1807 Ernst. Vor
2330 1757 3098 1812 fusen Gewebe, sehr schöne Einzelpartier
1350 1768 2332 1820 ung, sein tragisches Ende und seinen Erfolg einem
392 1765 1370 1824 sträumt, so gut, wie der wirkliche Verrat —
162 1778 406 1845 h, mühsem
2327 1806 3102 1868 Der Leer wird sie finden dürfen. Für de
1368 1789 2336 1854 Schleier, den eine aus Langeweile dem Abenteuer
396 1794 1371 1855 er sagt sich von ihr los mit harten Worten. Und
165 1818 397 1887 ranken der
2329 1836 3115 1892 den Horer im Theater wirken diese in
1359 1833 2326 1905 geneigte Wienerin bei einem flotten, frischen Jun¬
390 1842 1372 1896 sie wird, ihre Träume erfüllend, — Herzogin. Aber
159 1870 391 1928 pen beißt.
2327 1872 3167 1945 des Cinquecento gesteckten Kinder modernsten
1354 1887 2336 1942 gen vergessen. Die wuchtig gedachte Tragödie, die
389 1889 1368 1940 da der Garten des Schlosses voll ist von Hochzeits¬
2328 1916 3176 1972 vosität und Unschlüssigkeit, diese ewig wandel
242 1907 1369 1982 —“, sagt gästen, schleicht sie sich heimlich, in ihren Schleier
1362 1928 2332 1989 ihren Gehalt und ihre Menschen drapiert mit den
2328 1959 3169 2011 in ihren Entwürfen und Gelüsten schwan
1372 1960 2336 2012 schweren golddurchwirkten Gewändern der Re¬
386 1952 1371 2026 gehüllt, durch die Straßen.“ Die Leidenschaft, die
164 1969 404 2045 tarren Blick
1372 1987 2966 2048 naissance, die ihre Helden in Waffen klirren läßt Helden von Bologna mit der unv
395 1999 1373 2053 ihr Kinderherz wach geküßt, läßt sie nicht ruhen;
163 2024 410 2079 und sagt:
1361 2029 2336 2094 und die an Greueln und Größe reiche Zeit der
2333 2035 2971 2099 ner Note allzu befremdlich. Und
406 2043 1370 2098 sie huscht zu dem Dichter Philippo. Er aber ver¬
157 2063 407 2136 , was mir
1362 2069 2340 2120 Borgias heraufbeschwört, dankt ihre Verwickelung,
2325 2073 2989 2131 keiten, die jene Zeit, die den Hi
396 2072 1368 2133 schmäht das Geschenk ihrer heimlichen Liebe.
3090 2084 3225 2133 und ge
1362 2101 2340 2177 ihr tragisches Ende und einen Teil ihres Mißerfolges
2327 2119 2918 2176 sollte, erschütterten und noch
2932 2127 3000 2167 in
392 2117 1370 2172 Sterben will er mit ihr; und da sie schaudernd
3097 2121 3297 2176 rinnerung
150 2127 405 2211 lich ihren
1366 2147 2344 2209 dem vergessenen Schleier der Beatrice Nardi, der
2328 2149 3310 2217 vom Blute triefen lassen, sind der Handlung selber
403 2156 1378 2218 sich an's Leben klammert, trinkt er hohnlachend
2331 2191 2552 2250 angetan.
1363 2190 2338 2241 wunderlichen Braut, die an einem Tage aus den
395 2182 1377 2244 allein das Gift. Von seiner Leiche flieht sie, wie
191 2218 413 2283 Moment,
1369 2233 2336 2294 Armen eines Dichters in die Arme eines Herzogs
2417 2223 3315 2298 So trug man eine schöne Leiche hinaus, der
394 2232 1369 2283 von Furien gehetzt, in den Glanz, in den Hoch¬
170 2246 395 2325 ist Schnitz¬
1366 2274 2116 2335 und in die Arme des Todes gleitet.
384 2271 1366 2333 zeitstrubel, in's Leben. Aber eines hat sie zu¬
2321 2262 3321 2319 eine trotzige Laune einen Schleier aus der Zeit
154 2298 415 2366 leichten An¬
1441 2305 2343 2363 Der Bruder erdolcht sie. Der Bruder ist ein
393 2312 1371 2370 rückgelassen am stillen Ort ihrer Gedankensünden,
2328 2316 3313 2388 Cäsar Borgias über die klaffenden Wunden geworfen.
154 2344 401 2401 ein, Wiener
1371 2333 2349 2418 naher Verwandter jenes Valentin, der nur zu früh
393 2352 1375 2417 bei der erkaltenden Leiche ihres Geliebten — den
2327 2349 2483 2415 batte.
3107 2355 3293 2423 R. P.
165 2387 405 2441 em Klavier
400 2386 596 2456 Schleser.
1356 2389 2356 2458 unter der Zauberklinge des Doktor Faust sein Leben!
169 2416 398 2475 ern der be¬
1361 2429 2346 2480 mit einem letzten Fluche verhauchte. Wie er, ver¬
478 2421 1369 2491 Und nun sie zurückkommt zu dem fürstlichen
154 2463 405 2521 Rebenzimmer
1367 2469 2338 2518 dammt der junge Nardi die verbuhlte Schwester;
396 2478 1370 2529 Gatten, den schon der Argwohn fiebernd durch
162 2498 409 2558 r ein Sym¬
1362 2511 2351 2555 aber ihm bleibt noch die Kraft, zuzustoßen. Dann
400 2522 1375 2573 die Säle trieb, entspinnt sich im fackelhellen Saal
169 2531 405 2595 hat mehr
1371 2531 2349 2611 wird er, ein paar Stunden früher, wie sein Her¬
399 2557 1381 2611 vor den Edlen Bolognas und dem zum Feste ge¬
165 2578 401 2645 liebe junge
1368 2585 2350 2634 zog, zu Gott eingehen „als Soldat und brav“. Der
400 2593 1375 2651 ladenen Volk dieser Dialog zwischen dem Herzog
1367 2629 2356 2680 Cäsar Borgia wird gründliche Arbeit tun; das ahnen
405 2627 971 2703 und seiner jungen Gattin:
1356 2655 2345 2727 wir wenn der Herzog, ehe der letzte Vorhäng sich
154 2646 412 2726 nitzler nicht
787 2673 983 2738 Herzog.
1370 2706 2308 2769 senkt, die stolzen schönen Manneswokte spricht:
148 2697 398 2761 er Komödic,
404 2705 1367 2792 Wo warst Du? Rede! Und wo blieb der Schleier?
159 2742 399 2803 ernen Jung¬
788 2762 992 2830 Beatrice.
1407 2760 2305 2843 Und in den gleichen Glanz geh'n wir hinaus,
165 2781 405 2850 such mit der
402 2782 1308 2866 Ich weiß nicht, wo er ist. Nun ist er fort.
1404 2820 2244 2875 Der uns vor einem Jahr ersehnte Fernen
797 2834 986 2906 Herzog.
1400 2843 2303 2920 Mit lichtem Schein umrandet hat, als baute
151 2842 405 2922 ahrhunderts.
400 2863 839 2949 Schaff' mir ihn her!
1406 2894 2225 2958 Der junge Morgen selbst das stolze Tor
167 2899 406 2961 n Bologna,
779 2915 1008 2991 Beatrice.
1402 2936 2286 2996 Zum Eingang in die Welt, die uns empfing,
140 2941 416 3002 euchlers und
832 2959 1064 3028 Ich soll —
1401 2960 2310 3029 So festlich, wie der eig'nen Fülle jauchzend.
789 2990 990 3079 Herzog.
1409 3018 2311 3075 Heut' weist kein unermessiner Weg in's Weite,
157 3012 411 3082 der Lüstern¬
956 3019 1395 3115 Du sollst mit mir
1412 3038 2237 3114 Und vor den Mauern endet uns’re Fahr“
160 3058 411 3117 die sechzehn¬
401 3080 1234 3155 Den Schleier holen, wo Tu ihn verlorst!
1410 3094 2301 3148 Und dennoch — mir erglüht die Sonne „eut'
777 3123 995 3192 Beatrice.
1407 3130 2313 3188 Verheißungsvoll wie damals, denn wir geh'n
143 3136 413 3207 Herzogsthron
412 3146 732 3234 Ich kann nicht:
1408 3166 2317 3230 Von allen Abenteuern, die im Dunkel warten,
789 3187 1003 3266 Herzog.
1411 3201 2241 3268 Dem neu'sten und gewaltigsten entgegen!
148 3193 413 3269 as Mädchen
701 3228 1385 3311 Wie? Ist, was mich dort erwartet,
1453 3230 2344 3299 Es war kein Erfolg im Deutschen Theater
151 3253 406 3307 ut verlassen.
1341 3268 2374 3351 gestern. Kleine Gruppen klatschten. Der Wider¬
158 3271 1057 3354 heißen Duft! So über alle Maßen schauervoll,
