3484 4352
303 231 2405 343 14. Der Schleien der Beatrice box 20/3
1050 1039 1178 1122 166
1499 1031 2013 1131 Notizen und Besprechungen.
1130 1135 2455 1218 Das Schauspiel geht zu Bologna Anfangs des sechzehnten Jahr¬
1045 1222 2474 1280 hunderts vor sich. Es ist ein Renaissancedrama, wie auch Halbe's
1062 1259 2465 1334 „Eroberer“. Die Zeit ist groß und wüst, die Menschen sind stark und
1049 1330 2468 1388 wild. Bologna ist rings von übermächtigen Feinden eingeschlossen.
1060 1363 2460 1444 „Morgen“ muß Adel und Bürgerschaft in Schlacht und Tod rücken.
1059 1415 2473 1501 „Heute“ aber ist noch ein Tag glühendster Lebens= und Liebesleidenschaft
1044 1488 2468 1544 und bacchantischer Feste. Der gegensätzliche Zusammenhang zwischen Liebe
1055 1534 2469 1604 und Tod scheint mir die Grundidee und die Grundstimmung für dieses
1051 1585 2460 1647 Drama abzugeben. Das ist gewiß ein bedeutsamstes dramatisches und
1057 1640 2460 1705 tragisches Thema, das hier angeschlagen, aber nicht zum Erklingen ge¬
1047 1695 2471 1764 bracht wird. Die Liebe konzentrirt sich auf Beatrice, die wunderschöne
1048 1749 2462 1819 Tochter eines Händlers Nardi. Diese Beatrice wird geliebt von Filippo
1056 1815 2465 1877 Loschi, dem tapferen Edelmann und gefeierten Dichter. Um dieser Beatrice
1055 1857 2472 1931 willen verläßt er seine adelige Vrant Teresina und ist bereit, auch Ehre
1058 1919 2462 1976 und Heimath zu verlassen. Beatrice aber hat im Traum sich von dem
1063 1962 2454 2027 schönen und starken Herzog von Bologna, Bentivoglio, geküßt gewähnt. Des¬
1054 2020 2468 2095 wegen verstößt sie Filippo. Sie geht und ist bereit, auf Rath des Bruders
1050 2075 2464 2154 einen jungen Standesgenossen Vittorino zu heirathen. Auf dem Wege zur
1054 2132 2468 2176 Kirche — denn die Liebe hat Eile, da der Tod für morgen droht — be¬
1044 2171 2473 2252 gegnet der Herzog ihr, liebt sie und gesteht seine Liebe. Sie sagt nicht
1059 2240 2470 2310 nein, verlangt aber zur Herzogin gemacht zu werden. Der Herzog läßt
1062 2291 2489 2367 sich sofort trauen und giebt ein bacchantisches Fest im Garten seines
1050 2345 2461 2415 Palastes unter freiem Himmel; alles was jung und schön ist, soll un¬
1050 2399 1530 2478 beschadet Zutritt haben:
1691 2440 2117 2536 Nehmt meinen Garten
1331 2504 2112 2592 Als duftend Lager Eurer Freuden hin!...
1542 2567 1980 2633 . Ic aber, Euer Fürst,
1320 2602 2127 2681 Jeglichem Bund der heute Nacht sich schließt,
1328 2665 2062 2730 Geb' ich die Weihe. Heiligt andre Ehen
1324 2721 2032 2784 Unlöslichkeit und Dauer geb’ ich diesen,
1329 2758 2113 2830 Was Euch Beweglichen, Veränderungsfrohen,
1323 2810 2169 2880 Euch Menschen besser dient, das schnellste Ende —
1322 2865 2064 2925 Sie alle löst das erste Grau'n der Früh'.
1332 2899 2126 2975 Doch was aus der Entzückung dieser Stunde
1322 2966 2090 3034 Aussprießen mag zu seiner Zeit, das trage
1335 3007 2053 3079 So wunderbaren Ursprungs Zeichen mit,
1333 3059 2127 3124 So lang es lebt. — Adlig geboren nenn' ich
1320 3104 2075 3190 Die Sprossen dieser Nacht, da Euer Fürst
1321 3160 1928 3240 Mit Beatrice Nardi Hochzeit hält.
1142 3217 2465 3316 Heimlich aus dem Festestaumel entfernt sich Beatrice und begiebt sich
1043 3315 2467 3373 zu Filippo, den sie eigentlich liebt. Der stellt ihr die Bedingung, nach
1051 3369 2462 3427 dem Glück genossener Liebe mit ihm zu sterben. Das vermag die Lebens¬
1056 3420 2470 3477 frohe nicht. Da tödtet Filippo sich allein. Von Grauen gepackt, begiebt
1066 3471 2482 3552 sich Beatrice zum Fest des Herzogs zurück, wo sie inzwischen vermißt
