3248 4256
1943 172 2394 266 box 20/1
247 189 1815 252 14: Der Schleier der Beatrige
798 909 998 982 ce
797 940 1677 1020 nunmehr gezwungen, gegen die ganze Wung
1732 968 2037 1045 Missionaren —
791 1011 1720 1060 kämpfen. Es werde immer augenscheinlicher,
2708 995 3255 1082 ####n, der sich in der
1785 1000 2242 1082 in derg uzen Schaun“
2658 1039 3252 1113 2. September im „Eldorado“ a
791 1041 1730 1121 daß die Kaiserin unter dem Einflusse Tuan's
1731 1038 2655 1110 Entsetzen erregt. Der Gonverneur beeser Provinz,
783 1096 3261 1155 stehe. Dieser versuche nun, die Schuld für Yu=Hsion, wurde seiner Zeit ernanut, ohne daß die den die polnische und leider
1557 1138 1646 1197 K
762 1168 3259 1242 jammern hört. Darob wird der alte Perathoner und Schroth und Frau Schönfeldt, sowie die Rechtsanwalt Dr. Fuchs, der
2653 1200 3249 1263 geltend, der Dichter wolle nur
770 1219 2659 1291 rasend, beschimpft den Sohn und beschuldigt ihn der Herren Bozenhardt und Paul suchten das
2653 1248 3262 1294 sonderen Sport- und Lebewelt
1717 1260 2662 1322 „Hemdenknöpfchen“ nach Möglichkeit in der Gunst
775 1270 1723 1338 Buhlschaft mit dem Weibe des kranken Freundes
2662 1290 3261 1333 Prozeß der Harmlosen zu Tage ge
767 1309 2660 1367 So kommt die geheim gehaltene Sünde an's Tages= des Publikums festzunähen. Es ist ihnen nicht
2661 1320 3260 1373 keineswegs die deutsche Aristokr
1725 1360 2654 1415 sonderlich gelungen. Lange wird dieses Knöpfchen
2657 1361 3250 1404 dem Publikum des „Lessing=Theat
774 1367 1719 1427 licht, und der todtkranke Sonnleithner will sich nun
2645 1388 3259 1450 Fall eine Gefahr zu befürchte
1723 1406 1998 1469 nicht halten.
768 1407 1722 1480 nicht mehr operiren lassen, sondern an seiner Blut¬
2647 1432 3250 1477 Dumrath, der Vorstand der C
775 1454 1192 1516 vergistung sterben...
2656 1469 3261 1522 diesen Ausführungen entgegen un
815 1496 1725 1548 Diese Handlung ist nun in einer lakonischen Weise,
1739 1476 2665 1547 g-z. Carl Schultzel=Theater. In der anfäng¬
2655 1495 3260 1560 Stück müsse einen abstoßenden
2664 1534 3250 1589 Zuschauer machen. Nach langer
771 1540 2660 1611 ohne ein überflüssiges Wort und mit einer solchen sichen Besetzung des übermüthigen Vaudevilles „Wie
766 1580 2670 1642 Sicherheit und Wahrhrit in der Characteristik der man Männer fesselt“ ist neuerdings eine Aenderung
2658 1587 3254 1662 Eursceung gelangen und beicht
770 1632 2659 1686 Figuren, mit einer solchen Kunst in der schrittweisen eingetreten: Frl. Milla Barry vom Wilhelma=Theater
2657 1657 3262 1718 vier Wochen die Entscheidung bek¬
777 1673 1716 1728 Enthüllung des tragischen Conflictes dargestellt, daß
1722 1676 2661 1738 in Stuttgart hat die bisher von Frl. Brion inne¬
763 1722 1720 1772 sich der junge Dichter sofort die Anerkennung eines
1714 1718 2659 1783 gehabte Parthie der Baronin Chatellerant über¬
2752 1702 3261 1776 Zwischen dem Unternehm
1714 1772 3260 1831 nommen und damit dem Stück neuen Sinnesreiz Schauspielvorstellungen in Georg
771 1766 1731 1819 echten dramatischen Talents sicherte. Das Stück kann
2661 1805 3259 1858 und Herrn Richard Kirch vo
775 1808 2658 1860 nicht mehr von der deutschen Bühne verschwinden. prliehen. An der effectvollen Verkörperung der¬
2659 1838 2928 1885 theater ist.
2936 1840 3261 1894 wie wir erfah
774 1850 1722 1901 Im Volkstheater wird es von Frau Glöckner und
1722 1850 2651 1916 artiger Rollen hat die Kunst des Toiletten=Fabrikanten
2651 1866 3192 1926 Vertrag perfect geworden,
764 1895 1712 1948 den Herren Martinelli, Kramer und Kutschera vor¬
1708 1897 2656 1953 meistens viel größeren Antheil, als diejenige der
2654 1898 3256 1954 für einen halben Monat verpfl
770 1943 1113 1999 trefflich gespielt.
2660 1949 3262 1992 burger Wirkungskreis zu verla
1708 1935 2659 1996 Darstellerin, es sei denn, daß sie darin besteht, mit
2649 1985 3260 2028 tober wird Herr Kirch den Orest
809 1967 1720 2033 Ein anderer, aus dem Italienischen übersetzter
1716 1984 2663 2041 den eleganten Erzeugnissen vornehmer Garderobe¬
2656 2021 3261 2086 später sind Meister Heinrich und
774 2013 1722 2084 Einacter: „Jephtas Tochter“ von Felice Cava¬
1717 2029 2653 2083 Ateliers gut umzugehen. Und darauf versteht sich
2654 2055 2895 2127 genommen.
766 2073 1726 2126 lotti hatte am selben Abend viel Beifall. Er ist
1721 2075 2657 2135 Frl Barry. In dieser Hinsicht hat sie Anspruch auf
774 2106 2670 2181 von ganz anderem Schlage: spielerisch geistreich, mit einen Platz neben den routinirtesten Priesterinnen des
2732 2103 3263 2175 Der königliche Schauspieler
764 2147 1718 2212 einem Stich ins Frivole, aber sehr anmuthig und
1719 2163 2658 2220 Variétés, denen sie auch an unverhüllter Schönheit der
2649 2153 3263 2209 in Hannover wird am Mittwoch,
2653 2204 3252 2252 Jubiläum seiner 25jährigen Thä
772 2206 1725 2258 unterhaltend. Hier glänzte Frau Retty=Albach als
1723 2215 2652 2262 Erscheinung und Kleinheit der Stimme nicht nachsteht.
2654 2246 3256 2301 der königlichen Bühne zu Haunov
763 2238 1720 2313 junge Frau, die erst nach der Trauung ihren Mann
1715 2254 2657 2305 Immerhin ist das Organ der Künstlerin ausreichend,
769 2288 1196 2366 in sich verliebt macht.
1702 2290 2662 2364 um einige Gefangspiecen der Rolle, die bei Lou
1703 2343 2672 2393 Brion gänzlich in Wegfall kamen, richt wirkungs¬
2803 2351 3260 2439 Kleine Mittheil
1699 2371 2666 2437 voll zum nebenbei bemerkt sehr gut pointirten
1696 2423 2675 2503 Vortrag gelangen zu lassen. Im Uebrigen
936 2411 1591 2500 Theater und Musik.
2791 2418 3254 2500 Ein Veteran des Deu
1723 2463 2674 2524 ist noch zu constatiren, daß das Publikum sich
807 2491 1724 2553 Thalia=Theater. Als Vorläufer zu Fulda's
2680 2484 3260 2550 Im 90. Jahre und noch im
1720 2522 2659 2575 scheinbar nicht genug thun kann, dem Gast Ovationen
767 2540 1717 2593 „Jugendfreunde“ ging gestern ein Einacter „Das
2655 2536 3260 2594 anstrengenden Dienst — das will
1715 2562 2651 2626 zu bereiten, wie sie der ernsten Kunst selten zu
766 2565 1717 2642 Hemdenknöpfchen“ von Hans Müller in Sceue.
2659 2587 3255 2637 ein Markstein aus längst vergang
1728 2608 2654 2658 erkeben vergönnt sind. — Das Zusammenspiel ist
762 2623 1725 2682 Der Verfasser will das moderne Weib zeichnen, das
2645 2623 3256 2685 unter uns, frisch wie der jüngsten
1722 2655 2654 2708 inzwischen sehr flott geworden und läßt kaum etwas
768 2669 1725 2717 im Roman dem „Uebermenschen“ nachjagt und im
2655 2673 3254 2735 der älteste Deutsche in Australie
760 2689 2650 2767 Leben vergißt, die fehlenden Knöpschen an deu zu wünschen übrig. Warum ist nur unsere vorzüg¬
2659 2714 3236 2782 Geistliche auf dem Continent.
763 2732 2656 2804 Hemden ihres Mannes anzunähen. Der Gedanke ist liche Soubrette Frl. Katiner so lange unbeschäftigt?
2649 2761 3254 2810 v. Is. die lutherische Synode in
766 2776 2650 2843 nicht neu und darum hat der Verfasser es wohl auch Sie würde doch eine Thea abgeben, die der Baronin
2647 2799 3261 2864 da kam der rüstige Greis 110
761 2822 2659 2907 vorgezogen, schon nach dem ersten Anlaufe sich mit Chatellerant des Frl. Barry zum Mindesten eben¬
2642 2842 3256 2907 Wagen angereist, ohne merklich er
1707 2873 1966 2943 bürtig wäre.
760 2886 1726 2958 allerlei abgebrauchtem Theaterschnickschnack aus der
2633 2881 3260 2961 außer seiner Kirchgemeinde Be¬
760 2925 1736 2980 Affaire zu ziehen. Die Frage, wozu er dieses
2639 2929 3250 3000 District besucht er noch regeln
1812 2950 2655 3021 Mit einem schwierigen Theaterproceß be¬
774 2973 1737 3035 Stückchen dann überhaupt geschrieben hat, ist
2643 2973 3261 3034 Mount Cotton und Nerang, je
1348 3023 2650 3071 a der Verfasser schäftigte sich, wie wir dem „B. B. C.“ entnehmen, in
770 3028 1317 3080 überflüssig aufzuwerfen,
2652 3028 3251 3075 entfernt, obwohl der Weg beson
759 3058 2658 3133 einer seiner handelnd eingeführten Personen vor= seiner letzten Sitzung der dritte Senat des Ober¬
2647 3066 3252 3130 recht steil und beschwerlich ist. Past
1710 3086 2661 3136 verwaltungsgerichts. Der Polizeipräsident von
762 3107 899 3168 weg
2645 3114 3262 3164 ist einer der ersten Deutschen,
888 3119 2663 3174 die Antwort in den Mund legt in Berlin hatte auf Grund der Censurverordnung vom
2646 3144 3257 3203 kamen, 1811 in Zckerin bei Sonnen
764 3149 2656 3222 den Worten: jeder gebildete Deutsche muß 10. Juli 1851 die Aufführung des Lustspiels
761 3189 2656 3248 wenigstens ein Buch in seinem Leben schreiben. „Der Außenseiter“ von Richard Jaffé im Lessing¬
2642 3200 3256 3259 geboren, kam er 1833 nach Berl
1708 3236 2646 3289 Theater" untersagt. Gegen diese Verfügung erhoben
2639 3243 3253 3299 von Vater Goßner als Missionar
768 3246 1728 3292 Wofür man also in dem Falle Hans Müller setzen
1717 3262 2652 3324 sowohl der Theaterdirector Neumann=Hofer als auch
2642 3287 3256 3348 betrat er den Boden Australiens;
768 3295 1715 3347 kann: ein Theaterstück, und man hat die Sache erklärt.
1710 3306 2661 3354 Richard Jaffé Beschwerde beim Oberpräsidenten.
2532 3339 3254 3389 ab. 62 Jahren ununterbrochen thätig.
758 3342 2018 3403 Armes Deutschthum! Was dir Alles auf das Kerb- Dieser wies
2021 3343 2290 3398 jedoch die
2298 3342 2542 3395 Beschwerde
767 3370 3242 3453 holz geschrieben wird. Die Fräulein von Ostermann In der Klage gegen den Oberpräsidenten machte sah er ein Paradies erstehen.
