3484 4224
142 1732 312 1797 rch die
149 1771 322 1842 Arthur
141 1812 318 1886 eaters.
136 1872 304 1935 Fanntlick
135 1916 305 1979 machte,
125 1939 323 2023 ginigsten
172 1971 321 2105 145
134 2068 321 2164 Ronaten
143 2144 315 2189 Ver¬
134 2183 320 2235 Schrift¬
154 2227 319 2278 an der
160 2268 310 2330 worin
144 2314 306 2377 Ferechte,
153 2357 320 2416 orgehen
179 2404 323 2460 man
141 2417 311 2501 Pehaus¬
154 2483 313 2552 n das
149 2520 320 2599 war ja
160 2575 317 2641 „Der
186 2622 311 2680 — und
219 2668 310 2720 rren
176 2748 316 2815 eines
141 2782 311 2856 Kutschen
151 2867 245 2946 Krun
1892 284 2383 383 box 20/6
234 300 1773 426 14. Der Schleier der Bestrice
2266 1541 3269 1593 knur ein wirklich großer Dichter seinem Werke einzugeben
304 1527 2281 1604 höchster Instanz bestätigen. Aber weder das eine geschah Ihre Erwartungen so täuschen! So unvermutet in ein
2276 1579 3261 1647 vermag. Alles an diesem Drama ist eigentümlich.
1854 1582 2272 1653 ... Aber vielleicht thu'
297 1603 1838 1650 Fnoch das andere. Im Gegenteil. Ganz mäuschenstul' völlig neues Kleid schlüpfen!.
2269 1623 3262 1693 Eigentümlich sind seine Voraussetzungen, eigentümlich
1293 1637 2275 1695 ich ihnen unrecht. Vielleicht spielt hier ein anderer Um¬
310 1648 1314 1700 verhalten sie sich. Es ist, als wenn ihren geschickten
2263 1671 3267 1729 die Situationen, eigentümlich vor allem die Art, wie
311 1681 2277 1745 Fingern die Feder plötzlich entfallen wäre ... Wie stand mit. „Der Schleier der Beatrice“ war nämlich
2276 1716 3258 1771 Schnitzler eine ganze Welt von Geschichten durch¬
1289 1728 2282 1786 eine Ueberraschung, eine rechte Ueberraschung. Ein
308 1732 1308 1798 kommt das? — fragt man sich unwillkürlich. Schnitzler
2273 1751 3266 1826 einandergleiten und sich abspielen läßt. In ein wahres
1282 1767 2271 1849 derartiges Stück hatte man von Schnitzler nicht er¬
309 1776 1294 1842 gehört ja nicht zu jenen zahllosen Dichtern, deren
2271 1804 3256 1855 Chaos versetzt uns der Dichter. Ein Gewirr, ein Ge¬
1296 1807 2285 1874 wartet und nun wissen Herren nicht, was sie mit
312 1822 1304 1883 Stimme man im Gewirr des Tages überhören kann.
2274 1852 3270 1919 tümmel dringt aus der Ferne zu unseren Ohren wie
1296 1850 2281 1912 dieser merkwürdigen Dichtung, die von den bisherigen
308 1862 1304 1917 Die Leute die in litterarischen Dingen mitreden,
2275 1890 3264 1951 aus einer Hexenküche oder — wie in einem Zwischen¬
1295 1902 2281 1957 Schöpfungen Schnitzlers so seltsam absticht, beginnen
311 1910 1296 1969 horchen auf ihn. Wie kommt es also, daß sie jetzt
2276 1929 3258 1995 akte hinter den Coulissen. Ja wie in einem Zwischen¬
1342 1958 2276 2007 — mit welchem kritischen Maßstab sie an dieselbe
307 1948 1277 2018 seine neueste Dichtung so ganz und gar totschweigen?
2273 1969 3269 2039 akte. Denn in einem Zwischenakte befinden wir uns.
1293 1984 2227 2054 herantreten sollen. Und da Schweigen Gold ist,
364 1995 865 2057 Nun, ich will es erklären.
2269 2022 3269 2081 Und die Bühne, auf der gespielt wird, nennen wir
1290 2033 2275 2108 schweigen sie denn lieber und warten mit der Be¬
357 2035 1298 2099 Man ist heute daran gewöhnt, daß ein Dichter,
2271 2069 3275 2139 sonst gemeiniglich Weltgeschichte. Jeden Augenblick kann
1299 2071 2277 2138 urteilung ab, bis etwa eine günstigere Konstellation
310 2080 1303 2146 der mit einem Drama durchschlägt, etwa den neuen
2275 2114 3267 2176 der Vorhang aufgehen, aber dann wird der Vorhang
1299 2127 2277 2183 diesem wunderlichen Wechselbalg seuchtet. Das wäre ja
305 2130 1301 2189 Stoff oder das originelle Motio, dem er seinen Erfolg
2280 2156 3262 2204 im Schnitzlerschen Stücke bereits gefallen sein. Denn
1293 2163 2230 2229 allerdings höchst lobenswert, wenn es nur nicht so —
318 2168 1306 2230 verdankt, fortan monopolisiert. Er läßt sein Erzeugnis
2277 2198 3262 2264 der „Schleier der Beatrice", ist kein historisches Drama,
1798 2202 2281 2281 Man muß in der That
1290 2210 1818 2270 unwahrscheinlich klänge ...
304 2204 1293 2273 gleichsam schweigend bei der Kritik patentieren, die ihn
2271 2242 3279 2312 ebensowenig wie es „Der grüne Kakadu“ war. Der
1290 2258 2272 2322 die Entwicklung Schnitzlers von seinen feiten, nach
306 2261 1295 2320 nun mit der neuen Marke in ihr Register einträgt.
2265 2283 3265 2341 Dichter wählt bloß einen außerordentlichen Augenblick,
1286 2302 2275 2360 echt französischer Grazie duftenden Anatol=Scenen bis
304 2310 1296 2358 Und nun weiß man, was man von ihm zu halten
2275 2330 3271 2383 wo die ineinander sich verschlingenden Schicksale in
1292 2342 2281 2407 zu seinem grotesk=schönen, in der Art Tiecks zwischen
313 2352 1301 2414 habe. Man braucht nur in jenes ordnungsmäßig
2274 2388 3263 2452 ihrem gewaltigen Lauf uns Gefühlsmöglichkeiten ent¬
1298 2380 2280 2449 Spiel und Wirklichkeit geradezu verwirrend schwebenden
305 2397 1309 2446 rubricierte Register einen Einblick zu thun, — und
2280 2425 3269 2482 schleiern, die eben nur in einem derartigen Momente
1302 2430 2276 2486 „Grünen Kakadu“ genau verfolgt und die vielen
311 2436 955 2489 erfährt es: A — Berlin W., B
986 2433 1302 2500 Fabrikarbeiter,
2274 2463 3264 2528 eines ungewöhnlich potenzierten gesellschaftlichen Lebens
1301 2472 2272 2531 'spezifisch romantischen Elemente, die seinen meisten
315 2486 1304 2534 C Litteratur=Café, Arthur Schnitzler — „süßes Mädel“.
2267 2524 2952 2586 in ihrer vollen Macht hervorbrechen.
1297 2516 2286 2582 Stücken einen eigenartigen Reiz verleihen, bemerkt
314 2525 1310 2587 Und so oft der auf solche Weise glücklich Eingeschachtelte
1300 2574 2281 2623 haben, um seine letzte Dichtung als ein Resultat jener
317 2584 1306 2630 genannt wird, erscheint er fortan immer mit einer
2317 2576 3269 2664 Auf einem aufgewühlten Hintergrund spielt sich das
1294 2606 2272 2661 Entwicklung begreifen zu können. Sonst kann man es
314 2618 1302 2670 Etikette. So glaubt man sich vor jeder Ueberraschung
2275 2632 3268 2695 Stück ab. Die Stadt Bologna schwebt in höchster
1303 2650 2281 2702 sich nicht erklären, wie einer, der bisher ausschließlich
315 2664 1300 2715 gesichert. Man setzt nämlich voraus, der erfolgreiche
2271 2681 3278 2743 Gefahr. Cesare Borgia rückt heran! Man kennt den
1289 2687 2274 2750 in der Sphäre modernen Lebens sich bewegte und hier
314 2705 1299 2756 Dichter werde doch aus seinem einmal erworbenen
2276 2729 3272 2786 Schrecklichen und weiß, was man von ihm zu hoffen
1302 2743 2280 2793 manchmal sogar hart an die mit sozialen Tendenzen
316 2747 1305 2790 Patent recht ausgiebigen Nutzen zu ziehen wissen und
2269 2773 3276 2832 habe. Dazu ist der Herzog seit einem Jahre fort —
1301 2783 2275 2836 spielenden Motive streifte, mit einem Mal eine Dichtung
317 2792 1310 2848 der Kritik keine unangenehme Verlegenheit bereiten
2276 2807 3291 2871 man vermutet, er sei ermordet. Und was den untreuen
1291 2824 2280 2887 schreiben konnte, die von all' dem nichts hat, die von
308 2834 1300 2893 wollen. Nun hat aber Schnitzler in der letzten Zeit
2270 2851 3284 2921 Mariscotti betrifft, der die Besatzung der Stadt
1289 2877 2278 2922 all den Verhältnissen, in deren Bann er bisher stand,
314 2877 1299 2932 dieses große Verbrechen doch begangen. Er wurde
2271 2902 3271 2972 während der Abwesenheit des Herzogs befehligt, so ist)
1291 2901 2268 2982 himmelweit entfernt und die insbesondere von jenem
311 2917 1307 2980 seinen süßen Mädeln untreu. Er hat sie verlassen.
307 2950 3273 3027 ! Das aber verzeihen ihm die Herren nie und nimmer. I so künstlerisch sonveränen Hauch durchweht ist, wie ihn man überzeugt, daß er sich im letzten Moment auf
