3436 4320
239 153 2376 256 14. Der Schleier der Beatrice box 20/4
1537 1079 1892 1145 Dramatische Profile.
1056 1097 2350 1191 Um solches mitzufühlen, muß ein Dichter uns aber tiefer blicken lassen;
945 1179 2351 1238 wir müssen die Kristallisierungen der Gefühle sehen; Björnson gelingt das nicht.
938 1231 2352 1309 (Er schiebt die Figuren nur hin und her, und es hat etwas Erkältendes, wenn
944 1283 2351 1347 sie mit hölzernem Munde von den Stürmen ihres Inneren sprechen. Björnson
946 1331 2357 1392 schiebt sie hin und her, bis es an der Zeit ist, das zu tun, was ihm hier Haupt¬
949 1380 2345 1441 sache war, das Opfer, die Resignation zu vollziehen. Die Pflegemutter ver¬
943 1429 2355 1488 schwindet, sie stiehlt sich aus dieser Gemeinschaft, damit Jugend wieder zu Jugend
954 1475 2361 1539 sich finde. Wie Björnson aber unsicher in der Verdichtung der Liebesverwicklung
933 1528 2358 1597 ist, so erfüllt er auch die Stimmung jener Opfertat nicht voll. Im Gegenteil,
944 1586 2348 1640 er schwächt und verschleiert sie, ohne daß er es will. Er läßt die entsagende
942 1622 2351 1693 Lionarda in ihrem Abschiedsbrief schreiben: „Wenn Du diesen Brief erhältst,
946 1672 2361 1740 bin ich fortgereist. Ich liebe den, den Du —“ Björnson, der doch in Lionarda
934 1722 2359 1780 das Höchste edel=altruistischer Selbstüberwindung feiern will, merkt offenbar gar
942 1772 2351 1833 nicht, wie er durch diese Proklamation dem Verzicht seine Schönheit und Kraft
942 1820 2354 1868 nimmt. Ein wahres Opfer muß doch lautlos geschehen, ohne die Betonung und
948 1870 2352 1935 Kommentierung, daß es ein Opfer ist, sonst wird es für die, denen es gebracht
948 1919 2362 1980 wird, — vorausgesetzt, daß es feinfühlige Menschen sind, und das sollen diese
937 1967 2354 2015 hier sein — statt segensreich, unheilvoll und vorwurfsschwer. Ich mußte an das
936 2016 2353 2066 Liebesopfer in Maeterlincks „Aglaveine und Selysette“ denken. Ein junges
946 2062 2350 2136 Weib geht in den Tod, um zwei Liebenden nicht im Wege zu sein. Aber sie
944 2117 2358 2191 weiß, daß diese Tat wenig fruchten würde, wenn die beiden wüßten, warum sie
943 2168 2352 2228 geschehen. Und da ist es ergreifend, wie die arme Seele in ihren letzten Augen¬
937 2214 2356 2277 blicken nur den einen krampfhaften Willen hat, die andern zu überzeugen, daß
951 2264 1988 2332 sie durch unglücklichen Zufall die Todeswunde empfangen.
1056 2319 2043 2382 Solch feine Wage für die Gefühle hat Björnson nicht.
1054 2353 2355 2419 Arthur Schnitzler, der Wiener Dichter, aber weiß mit ihr umzugehen.
947 2415 2343 2475 Zur Überschärfe steigert er nur oft sein Instrument. Ja, er wägt nicht nur, er
937 2465 2340 2523 analysiert und destilliert; er treibt wie Stendhal, der nach allen Rätseln mensch¬
944 2506 2361 2571 licher Widersprüche heißhungrig, wißbegierig suchte, und sein übervolles Herz mit
941 2566 2353 2630 einem messerscharfen, kalt prüfenden Verstande argwöhnisch, mißtranisch belauerte,
948 2603 2355 2667 eine Chemie der Gefühle. Seltsame Mischung schwebender, lyrischer Lebens¬
946 2654 2363 2722 und Liebesmelancholie, hingegebener Sehnsuchtsträumerei mit mathematischer
948 2704 2349 2772 Kontrolle und sezierender Vivisektion. Diese verwegene Mathematik des Herzens
950 2754 2365 2827 gibt sich nie zufrieden, sie steigert sich selbst ihre Aufgaben, kombiniert sie immer
