3248 4256
1983 165 2436 252 box 20/1
316 165 1872 268 14. Der Schleier der atrice
1670 1218 1740 1297 —
1281 1316 2329 1377 — — Nach jedem Liede applaudierte der Schah lebhaft
1101 1363 2338 1425 Sund, was bei ihm sonst ungewohnt ist, er hörte mit freudestrahlendem
1109 1407 2338 1478 Gesichte und lächelnd zu. Dann wurde der Phonograph herbeigeholt.
1104 1462 2348 1512 Es war ein wunderbar schöner Apparat, dessengleichen ich noch
1098 1510 2348 1587 Tniemals gesehen habe. Der Schah ersuchte mich, ich möge etwas in
1106 1566 2331 1616 den Apparat hineinsingen. Während ich sang, richtete er selbst
1103 1607 2342 1683 Emeinen Kopf zurecht, damit ersich passend an den Trichter lehne.
1230 1656 1881 1733 „Noch!“ sagte er dann französisch.
1219 1708 1639 1777 Ich sang von Neuem.
1215 1749 1985 1813 „Nochl“ sagte er wieder ganz begeistert.
1216 1804 2337 1871 Ein Lied folgte dem anderen, und das Singen wollte kaum
1108 1843 1456 1930 ein Ende nehmen.
1223 1890 2337 1960 Länger als eine Stunde währte mein Vortrag, nach dessen
1095 1959 2368 2014 Beendigung er mir drei Etuis überreichte. Er öffnete selbst jedes
1102 1990 2352 2082 einzelne und übergab mir persönlich ein herrliches Türkisen,“
1098 2051 1378 2130 geschmeide..
1453 2172 1811 2267 Liebe Fackel!
1225 2244 2341 2317 Warum hat die „Neue Freie Presse“ so wüthend
1101 2309 2234 2372 auf die neuen Zwanzig-Kronen-Noten geschimpft?
1234 2349 2336 2422 Weil sie keine Recensions-Exemplare erhalten hat.
1335 2515 2105 2589 ANTWORTEN DES HERAUSGEBERS.
1215 2583 2334 2636 Habilué. Sie begreifen es, dass ich in der Affaire Schlenther¬
1099 2629 2332 2686 Schnitzler die Höflichkeit des Burgtheaterdirectors, die ich so oft ge¬
1104 2687 2333 2731 tadelt, als Entlastungsmoment gelten lassen wollte. Die Action ist kläg¬
1102 2712 2334 2765 lich verendet und hat dem Angegriffenen Sympathien zugetragen, die
1099 2753 2334 2803 er sich vermöge seiner Theaterführung nie erworben hätte. Ich habe
1098 2787 2331 2843 seinen Verkehr mit Herrn Schnitzler als den eines überhöflichen
1098 2821 2333 2871 Mannes mit einem harthörigen Autor, der aus allen Wendungen und
1103 2869 2342 2925 Windungen directorialer Briefe die sichere Ablehnung erkennen musste,
1100 2907 2331 2959 bezeichnet. Man könnte dies Verhältnis noch zu Gunsten des Herm
1101 2945 2321 2993 Echlenther verschieben, aus dessen unterschiedlichen Antwort¬
1108 2980 2323 3039 schreiben fast das peinliche Bemühen herauszulesen ist, einem wert¬
1099 3022 2326 3086 geschätzten Autor das Bewusstsein des formell Abgewiesenen zu
1108 3067 2325 3119 ersparen. Herrn Schnitzler wurden die Möglichkeiten, sein Stück
1095 3102 2335 3164 nzurückzuzieheng, immer wieder plausibel gemacht. Herr Schlenther
1094 3144 2338 3196 trieb's so weit, dass er lieber das Burgtheater von Herrn Schnitzler
1092 3189 2338 3254 verschmäht sehen, als einem Autor, mit dem er so oft in der Directions¬
