3484 4320
1974 190 2424 273 box 20/4
316 190 1829 301 14. Der Schleier der Beatrice
1258 564 2474 661 Mel. Weigl’s Unternehmen für Zeitungs-Aussohnitte
2085 663 2131 727 1
1494 645 2425 771 „OBSERWE“
2256 696 2415 801 Nr.
2445 711 2606 800 55
1133 745 2610 860 I. österr. behördl. oonc. Bureau für Zeitungsberichte u. Personalnachrichten
1401 821 2331 922 Wien, I., Concordiaplatz 4.
1138 872 2593 988 Vertretungen in Berlin, Budapest, Chicago, Genf, London, Newyork, Paris, Rom.
1500 944 2221 1027 Stockholm, Kristiania, St. Petersburg.
1126 1025 2310 1177 Ausschnitt aus: Juwia u. Dud
1120 1176 1692 1304 vom: 4 9/1 14 05
1468 1407 2538 1494 EEETEIE
1172 1419 1361 1494 EN
2170 1480 2284 1550 3
2473 1486 2610 1580 1
2151 1570 2266 1672 IX
1414 1565 1575 1686 E
2398 1678 2589 1771 Ge
1110 1674 2350 1778 LALGSLGSZ
2361 1714 2525 1796 Tfera.
1369 1858 2328 1969 Der Schkeier der Geatrice.
1311 1959 2397 2044 (Frei nach Schnitzler verkürzt, aber mit Nutzanwendung.)
2257 2027 2573 2113 Nachdruck verboten.
1859 2099 2520 2177 Und hat sich zum Plaisirvergnügen
1124 2108 1651 2186 Wilippo, einer der Poeten
1859 2165 2422 2227 Dergiftet unter Mordsgezänk,
1142 2143 1844 2237 64° Volognas, war ein Jüngling traut,
1872 2198 2577 2286 Sie floh' und ließ den Schleier liegen,
1131 2216 1739 2284 Er hatte schrecklich viel Moneten
1863 2257 2506 2329 Des Herzogs feines Brautgeschenk.
1134 2269 1597 2340 Und eine adelige Braut.
1869 2339 2480 2419 Im vierten Akt ließ malträtiren
1131 2353 1742 2426 Doch die Verlobung ging zurücke,
1862 2409 2456 2472 Sie willig sich, ob dem Verrath,
1136 2413 1712 2476 Dieweil sein Herz veränderlich,
1867 2445 2586 2524 Doch mußt' im fünften Akt sie führen
1136 2457 1825 2530 Die Braut erlag des Schicksals Tücke
1861 2513 2560 2585 Den Herzog nach dem Ort der Chat.
1135 2512 1694 2583 Und kriegt den Seelentatterich.
1865 2595 2396 2676 Da lag Filippo, eine Leiche,
1129 2588 1790 2680 Was that's! Er liebte voll Caprice
1873 2638 2445 2715 Der jüngst noch trieb Allotria,
1142 2657 1762 2720 Ein Mägdelein, das ihn entzückt;
1860 2706 2583 2780 Und hinter'm Vorhang man das bleiche,
1134 2706 1653 2775 Sie hieß Signora Beatrice,
1872 2757 2381 2820 Entseelte Dichterantlitz sah.
1135 2743 1763 2835 Und ihr Herr Dater war verrückt.
1862 2829 2468 2908 Und da der Herzog dieses Luder
1142 2837 1696 2925 Auf sie indeß geworfen hatte
1869 2901 2463 2966 Don Gattin keineswegs bedroht',
1138 2905 1768 2974 Der Herzog selbst sein Augenpaar,
1874 2945 2447 3014 Stach Beatrices großer Bruder
1138 2945 1842 3022 Er wurde — eins, zwei, drei — ihr Gatte,
1864 2994 2421 3078 Die böse Schwester mansetodt.
1131 3000 1748 3089 Dieweil auch Er meschugge war.
1870 3081 2539 3162 So schied sie aus des Lebens Reiche,
1133 3081 1703 3163 Bevor es kam zur Eh'bataille
1867 3144 2536 3213 Die mit den Männern Possen trieb;
1132 3146 1812 3211 Nach dem solennen Hochzeitsschmaus,
1869 3192 2467 3266 Run lag sie. eine zweite Leiche,
1129 3199 1653 3272 Riß Beatrice, die Kanaille,
1867 3244 2534 3328 Und sagte — sagte nicht mehr piep.
1132 3264 1806 3325 Dem hohen Gatten meuchlings aus.
1862 3337 2518 3404 Und die Moral von der Geschichte:
1137 3331 1733 3418 Sie rückt' Filippo auf die Bude
1144 3394 2489 3458 Und that zu ihm gar nett und hold: Ihr Mädchen, wenn ihr ehelicht,
1863 3455 2401 3509 So werdet keine Bösewichte
1129 3449 1672 3510 Der tobte, wie ein Botokude,
1142 3500 2494 3577 Weil sie durchaus nicht sterben wollt! Und geht zu keinem andern nicht.
1432 3556 2226 3670 Besonders nicht, wenn aus der Schicht der
1428 3634 2028 3704 Doeten euch ein Mensch beglückt,
1432 3694 2265 3762 Denn die sind, wie Herrn Schnitzlers Dichter,
1431 3746 2017 3823 Ja alle merschtendeels verrückt.
2206 3786 2487 3876 Julius Knopf.
