3392 4448
1873 199 2334 300 box 20/3
219 198 1739 312 14: Der Schleier der Beatrice
99 1301 3263 1371 bewußt, sei's unbewußt — das eigentlich Renais=] Hauptmann und Sudermann wollten und wollen ja Stürmen nicht lassen kann. „Der Liebe hat und darf sie
101 1370 1102 1432 mäßige. So gewaltige Schicksale sie oft gehabt
1077 1367 3264 1438 auch Großes. Nur kommt im „Sebastian“ zum Wollen nicht verschwenden“, und muß es doch. Ein Mensch, der
2142 1417 3260 1499 sich nach Menschen sehnt, die ihn verstehen, ohne sie zu
103 1420 2185 1498 , sie wuchsen nicht aus ihnen heraus, sondern ein gut Stück Können, und in einer Sprache, die für
105 1458 644 1509 n von außen an sie heran.
2166 1454 3252 1524 finden. Mit Recht erwidert ihm Einer, als er Verlangen
1083 1477 3256 1571 mein Empfinden nur ein- zweimal, namentlich S. 68, tragt, „als Mensch zum Menschen zu sprechen“: „Diese
108 1485 1085 1562 in feines Büchlein sind die „Zwischenspiele
1079 1523 3251 1599 empfindlich stört, weil sie aus dem Ton des Ganzen Sprache ist von allen die schwerste.“ Zwar sagt seine
106 1538 1091 1619 lersen“*) von L. Ysaye. Hier scheint mir auch
1075 1557 3255 1652 herausfällt. Die Sprache hat Fülle, sie ist nicht arm Mutter: „Dein Geist ist stark und trägt auch Einsam¬
107 1588 1092 1655 Buchschmuck gut zum zarten Inhalte zu stimmen.
1080 1609 3257 1695 sondern reich. Sebastian kann für das Königliche im feit.“ Aber fast nur Einsamkeiten durch ein ganzes
107 1622 1080 1701 ammt von Fanny Zakuska. Die Zwischenspiele
1086 1653 3251 1750 Menschen, das so oft schweigt, schläft und wie todt liegt Leben tragen, vermag schon der königliche Mensch nicht.
132 1674 1089 1750 vier kurze Dialogskizzen. Jede in nuce ein
1082 1699 3247 1749 Worte und Gestalt gewinnen. So gebärdet er sich Man denke z. B. an Nietzsche und Multatuli. Mit der
98 1720 1083 1787 ia, in Wirklichkeit aber nur letzte Akte. Wir suchen
1077 1741 2117 1811 denn nicht nur als der geniale, königliche Mensch —
108 1758 1089 1839 ch im Drama einmal wieder nach neuen Formen
2142 1774 3244 1845 Naivetät des Genins hält Sebastian alle Menschen für
1080 1786 2143 1845 solch kläglich Schauspiel sehen wir ja schon oft genug —
108 1813 1081 1879 Inhalten, die uns modernen Menschen kongruent
2124 1803 3250 1896 Menschen und hält fest an diesem Glauben, um für ihn
1086 1816 2188 1894 sondern er ist es wirklich, wie sein Reden und Thun
105 1849 1082 1911 denn kongenial kann man nicht gut sagen. Skizzen¬
1083 1866 3251 1924 ausweist. Es ist lange her, daß sich derlei in einem zu bluten. Aber auch in sein Leben hat sich „alles
104 1897 1081 1952 ie wir selbst wird auch unsere Produktion. So istes
2139 1921 3257 1978 Lebens Trüberin, die Lüge“ eingeschlichen. Damit ist
1076 1918 2166 1985 Drama fand. Dieser königliche Mensch wird nun aber
107 1951 1084 2017 uch. Dramatische Skizzen. Das soll kein Vorwurf
2142 1960 3251 1999 er abgefallen von sich selbst, der nach allgemeinem
1078 1972 3243 2073 a.ch thatsächlich, im gewöhnlichen Sinne des Wortes, Menschenloos ja garnicht immer sich selbst treubleiben
107 1986 1084 2053 sondern will nur eine Thatsache konstatiren. Und
1066 2011 2156 2060 enn. König. Sein Freund, der rechtmäßige König, recht¬
105 2040 1082 2099 nser Leben äußerlich ziemlich aktionslos geworden
2135 2036 3240 2100 kann. Und so stirbt denn der königliche Mensch Se¬
1069 2057 3245 2152 mäßig, weil er fürstlichen Blutes ist, sieht ihm so ähnlich pastian im tiefsten Grunde an sich selbst, an der Untreue
121 2088 1083 2149 auch unser Dichten. Unsere Konflikte kommen
1077 2099 2164 2166 daß beide, die beide Sebastian heißen, äußerlich nicht
121 2119 1079 2191 r mehr rein aus dem Innern, soweit es nicht
2143 2127 3237 2201 gegen sich selbst, ohne die nun einmal kein Mensch zum
1070 2143 3234 2237 von einander zu scheiden sind, Dieser rechtmäßige König Sterben kommt. Wie aber der König Sebastian zu
111 2168 1069 2233 e Konflikte sind. So verinnerlicht sich denn auch
1072 2186 3249 2281 wünscht, daß sein Freund ihm völlig gleich gerüstet mit Grunde gehen muß, und an welchen Konflikten, kann
103 2209 1081 2291 Dramatik. Und da Ysaye mehr gefühlsstark als
1065 2228 3242 2331 in die Schlacht zieht, denn wenn der rechtmäßige König ich des Raumes willen nicht erzählen. Leider hat das
100 2251 956 2328 äftig ist, sind es auch seine Zwischenspiele.
1082 2276 3244 2389 fallen sollte, will er, daß der Freund ohneweiters an Drama einige epische Längen, und so schön die Sprache
94 2314 1075 2386 nd nun habe ich noch die Freude, von einem mir
1070 2320 2160 2381 seine Stelle trete. Der rechtmäßige König fällt, und der
2142 2364 3240 2411 oft ist, sie ist zu wenig individualisirt. Alle Menschen des
1071 2361 2173 2430 geborene König wird König. Mit tiefer Ironie zeigt
101 2368 1086 2433 Pramatiker noch Unbekannten sprechen zu dürfen,
2156 2405 3191 2464 Dramas reden die Sprache Sebastian=Geuckes. Is
1068 2405 2170 2480 Geucke, daß der geborene König leider nichts ist, wenn er
100 2407 1073 2466 Tragödie in fünf Akten „Sebastian"**) viel
2145 2444 3243 2514 das aber einmal nicht der Fall, shakespearen sie allzu
1074 2451 2180 2523 nicht zufällig auch rechtmäßig, ahnenmäßig König ist,
98 2463 1079 2523 nd noch mehr verspricht. Sie stammt von Kurt
2133 2491 3251 2567 stark. Der Ausgang der Tragödie leidet nach meiner
96 2507 1084 2552 cke. Es ist ein historisches Drama, der portugie¬
1073 2502 3245 2619 Hier liegt wieder ein Konflikt, der zur Gestaltung Meinung darunter, daß er zu viel eine Parallele mit
124 2541 1066 2609 Geschichte entnommen, seiner ganzen Art nach
1067 2542 3243 2648 kommt. Es war ein guter Griff, aus dem königlichen der Tragödie Jesu von Nazareth sucht und die gefun¬
1082 2586 2160 2653 Menschen auch wirklich einen König zu machen und die
114 2587 1075 2657 so deutsch, daß die portugiesischen Namen zuweilen
2135 2621 3237 2680 dene zu breit betont. Es ließe sich noch mancherlei aus¬
1064 2631 2158 2702 allgemein menschlichen Konflikte mit den aus seinem
112 2639 1081 2711 störend wirken. Sebastian ist ein königlicher
2145 2665 3251 2732 setzen. Man sieht, ich bin nicht blind diesem Stück
1070 2667 2156 2738 widerrechtlichen Königthum erwachsenden zu verbinden.
214 2671 1074 2748 das Drama trägt die Widmung: „Den
1071 2718 3243 2784 Dadurch gewinnt das ganze Werk an Gegenständlichkeit, gegenüber. Vielleicht glaubt man mir deshalb um so
95 2701 1080 2798 en der Erde“. Die Kämpfe und Leiden, das Unter¬
1072 2755 3252 2829 die mehr innerlichen Konflikte an konkreter Anschaulich= mehr, daß wir, auf das Ganze gesehen, hier ein Drama
107 2752 1072 2833 und Siegen eines solchen Menschen wird darge¬
1067 2809 3228 2870 keit und bühnengemäßer Aktionskraft. So tritt das haben, das in der That werthvoll ist. Und da wir uns
99 2818 1080 2879 und damit ein Stück von unser aller Leiden und
1066 2829 3234 2918 Menschliche und rein Seelische kräftig nach außen. Das schon lange Zeit nach freierer, reinerer, dramatischer
106 2857 1072 2922 fen, Siegen und Unterliegen, soweit wir keine
1065 2877 3229 2962 Werk verliert sich nicht in psychologischen Spitzfindig= Höhenluft sehnen, finden sich hoffentlich auch Direktoren,
98 2900 1067 2970 rzigen Philister sind und nur zufällig eine Men¬
2121 2933 3235 3019 die, schon weil sie das wissen werden, es einmal mit
90 2936 1067 3016 eele in einem Leibe auf zwei Beinen tragen, weil
1067 2946 2724 3016 keiten, sondern entfaltet sich äußerst kompakt und real dem „Sebastian“ versuchen.
1068 2992 2170 3059 Ich sehe darin den starken Bühneninstinkt des Dichters,
94 2994 1076 3062 lbst zweibeinige Eltern gehabt haben. Dies allge¬
2202 3015 3226 3086 Schließlich sei noch erwähnt, daß Byron's
1062 3038 2167 3089 was nur erfreulich ist, weil damit nach all den technischen
100 3033 1062 3105 Menschliche ist mir das Wichtigste an dem Drama,
2148 3047 3226 3152 „Manfred“*) in einer neuen, schönen Ausgabe vor¬
1066 3080 2152 3140 Mätzchen einmal wieder ein gesunder Weg betreten wird.
101 3088 1066 3145 grade hierdurch vor Allem überragt es die Durch¬
2131 3105 3233 3187 liegt, die Ludwig Wüllner eingeleitet und Walter;
1061 3127 2148 3184 Das Theater ist ja nicht nur ein Orpheum für psycho¬
99 3135 1060 3200 sproduktion unserer Theaterdichter bei weitem.
2128 3143 3226 3228 Tiemann mit meist sehr passendem Buchschmuck ver¬
1058 3167 2152 3220 logische Excentriks. In den fünf Akten durchleidet nun
99 3177 674 3269 Wien, Wiener Verlag, 1901.
2136 3203 3230 3274 sehen hat. Das Deutsch dieser Ausgabe deckt sich im
1065 3214 2139 3260 Sebastian jedes Vollmenschen Leiden, „ein Sonnen¬
96 3232 726 3321 )Berlin. Hermann Walter, 190.
2128 3241 3234 3323 Wesentlichen mit dem, was Adolf Böttger seiner
1055 3260 2149 3338 sturm, verstreifend über Disteln“, der aber doch das
2127 3290 3225 3357 Zeit bot. Diese Rhythmen wirken direkt orchestral. Und
2103 3315 3241 3418 was den Inhalt angeht, so versteht man, daß Mal¬
2104 3377 3226 3461 Clarmé einmal sagen konnte: „Je nesais qu'une bombe, 1
2114 3403 2443 3490 c’est le livre.“
2134 3510 3123 3599 *) Leipzig, Hermann Seemann Nachfolger, 1900.
