3484 4320
1942 207 2410 313 box 20/4
298 213 1820 309 14: Der Schleier der Beatrice
549 807 792 900 Seite 2
1546 855 2854 961 Feuillekon-Beilage des Tagesbote aus Mähren und Schlesten
538 938 3364 1053 Man kann es verwunderlich finden, daß solche Bre= neuaufgelegten Erstlingswerk im Verlage der deutschen Ver= schenken, er ist 1943/4 Kar¬
436 980 3367 1082 samen eines mutigen Idealismus aufgelesen werden. Aber es lagsanstalt Concordia in Berlin erschienen sind, erst Rubel gekostet; — ich will
440 1050 2806 1143 sind nicht verstreute Reste, es sind neue Keime. Nachdem der in diesen späteren Humoresken klingt der aus aller Lebens¬
2946 1067 3370 1137 „Unmöglich!“ unter
444 1104 2796 1189 Realismus uns die Augen so weit aufgerissen, daß wir in erfahrung, vor allem aber aus den Erfahrungen des journa¬
2789 1113 3365 1189 nach Italien, wohin mich m
434 1139 2796 1245 alle Ritzen des Elends zu sehen gewohnt wurden und nachden listischen Berufes resultierende sarkastische Skeptizismus in
2799 1154 3364 1234 barer Macht! — Und selb
438 1186 2551 1286 die Skepsis die alten typischen Verbindungen zwischen Schuld die Fröhlichkeit des gemütvollen Poeten hinein.
2794 1212 3378 1287 ful er mit zitternder Stim
443 1248 1639 1324 und Unheil gelockert hat, muß der Weg, der aus der Tiefe
1698 1253 2800 1336 Beim Beginn der Reise= und Ferienzeit, die sich eben
2794 1265 3367 1332 Sehnsucht nach meiner Hei
440 1298 1618 1380 emporführt, neu gefunden werden. In jeder Zeit ringen die
1616 1310 2808 1388 jetzt wieder mit ihren verheißungsvollen Signalen anmeldet,
2802 1313 3364 1374 unmöglich, denn mich bind
436 1356 1629 1431 Dichter neu mit dem Leben und, sofern sie echte Dichter sind,
2797 1352 3377 1435 dem Rat von Venedig seit I
1616 1356 2809 1432 fragt so mancher nach einer Lektüre, die zu sonnigen Tagen
432 1395 1621 1480 rücksichtslos, wahrhaftig bis an die Grenze der Verzweiflung
2798 1413 3353 1484 Schlacht bei Cadore“; ich
1612 1415 2801 1484 stimmt und fröhliche Urlaubslaune nicht verdirbt. Nun, wer
431 1445 1623 1524 und jede in diesem Kampfe mit der Sphinx abgerungene Hoff¬
2799 1465 3364 1527 Alfonso von Ferrara, Ario
1622 1464 2797 1524 Bücher sucht, die heitere, anregende und welt= und lebens¬
433 1489 1615 1571 nung hat eine tiefe Bedeutung für ihre Zeit. Auch die deka¬
1616 1507 2804 1563 kundige Gesellschafter sind, der greife zu den Werken Willo¬
2796 1503 3369 1585 begonnen, ich hab es dem h
437 1544 2799 1629 dente Poesie unserer Tage ist nicht hoffnungslos — die echten mitzers; sie sind von belebender Frische, sind, wie Rosegger
2797 1560 3359 1629 zu malen; — kurz, mich h
2795 1605 3372 1688 denen ich mich nicht entzieh
434 1574 2792 1687 Dichter, die durch sie hindurchgehen, leiten schon in hellere sagt, „würdig und nahrhaft zugleich; sie unterhalten und
429 1647 846 1730 Negionen hinüber.
1614 1652 1995 1729 geben zu denken.“
2872 1651 3361 1712 Katharina wendete sich
2796 1684 3369 1778 „So habt Ihr selbst,“ sprach
1691 1680 2796 1774 Um unseren Lesern eine charakteristische Probe des in
1015 1702 1109 1809 *
1601 1756 2804 1814 allen Farben und allen Nuancen spielenden Humors des
2793 1753 3383 1822 gesprochen und das meinige
2795 1812 3364 1889 schen uns empor: — wir
1607 1808 2803 1871 Dichters vorzuführen, lassen wir in diesen Blättern aus dem
2789 1857 2975 1934 hören.“
619 1830 1475 1920 Josef Willomitzers erstes Buch.“
1609 1848 2798 1928 köstlichen buntschillernden Inhalt des Erstlings Willomitzers,
1603 1901 2799 1971 aus dem Buche „Heitere Träume“ das reizende, fein
2954 1878 3375 1980 „Und dennoch,“ rie
520 1891 1611 1992 Wir leben in einer Zeit der literarischen Entdeckungen.
1616 1935 2801 2019 gemeiselte Geschichtchen: „Nord und Süd“ folgen. Diese
2800 1950 3369 2020 noch gibt es einen Weg, der
422 1942 1610 2030 Auf dem weiten Gebiete der Literatur wimmelt es von For¬
1611 1999 2792 2061 fesselnde Schnurre ist eine geistvolle Persiflage des historischen
2794 1999 3373 2078 gemeinsam finden ließe, w#
427 2012 1619 2092 schungsreisenden und die Zahl der Erfolge ihrer Arbeit wächst
1609 2048 2798 2122 Romanes, in dem es ja oft genug vorkommt, daß, wenn
2791 2053 3363 2121 Ruhmesglanze gefehlt hat, —
427 2075 1615 2142 so rasch und stetig in die Höhe, daß uns fast mit jedem neuen
1602 2097 2798 2173 auch nicht wie in Willomitzers lustiger Erzählung ein Ana¬
2798 2099 3364 2158 nur fragend an, Katharina;
420 2116 1615 2188 Tage ein neues Talent, ein neues Bekenntnis oder eine neue
1610 2145 2795 2213 chronismus zwischen den handelnden Personen, so doch ein
2796 2152 3369 2217 geschrieben, daß du nicht gli
418 2177 1617 2243 Offenbarung vorgeführt werden kann. Für einen deutschen
2790 2180 3356 2259 lich sein in dieser Welt vo
1612 2195 2804 2261 Anachronismus in der Gedanken= und Ideenwelt seiner Hel¬
429 2234 1610 2289 Dichter ist es gegenwärtig sehr schwer, für einen fremdländi¬
1609 2243 2791 2320 den besteht. Wer den Blick für das wirklich Originelle besitzt,
2786 2246 3362 2313 webt. Du kannst mit deiner
423 2266 1611 2337 schen Poeten schier unmöglich, vom Spürsinne der literarischen
1606 2290 3359 2363 der wird schon in dieser Probe die Eigenart Willomitzers lich sein in einer solchen nich
418 2342 3349 2381 Kritik unentdeckt zu bleiben. Seiner alten Gewohnheit treu, erkennen, dessen Werke von der ernst prüfenden Kritik längst nicht glücklich sein an der
411 2390 2795 2456 wandert der deutsche Forschertrieb auch heute noch viel lieber zu den gehaltvollsten und quellfrischen Schöpfungen der deut¬
2783 2394 3373 2472 mit seinem dämonischen B#
420 2429 1623 2491 im Auslande als in der deutschen Heimat umher und darum
2774 2430 3364 2501 deinem Namen Verbrechen a
1617 2439 2396 2521 schen Dichtkunst zugezählt worden sind.
2585 2448 2793 2533 E. P.
413 2484 1616 2548 kann es auch nicht Wunder nehmen, daß fremdländischen Au¬
2782 2496 3373 2565 rina, ich bitte dich, ich beschn
415 2520 1622 2589 toren die breitesten Wege zum deutschen Büchermarkte und in
2838 2547 3371 2607 Flieh mit mir in das h
412 2565 1626 2652 die deutsche Lesestube gebahnt werden, während es im Reiche
2786 2591 3363 2650 zaubervollen Städtewunder
407 2616 1617 2692 der heimischen Dichtkunst noch immer geschehen kann, daß
2776 2646 3370 2708 Flieh mit mir, und das Glü
1965 2648 2458 2755 Nord und Süd.“
417 2673 1620 2746 unter der endlosen Schar, die zu den Höhen des Parnasses
2786 2692 3362 2776 beigesehnt, es wird sich dir
407 2712 1618 2791 streben, einer oder der andere übersehen wird. Im allgemeinen
2775 2734 3378 2807 Wirf diese Krone von dir,
1903 2729 2487 2827 Von Josef Willomitzer †.
409 2794 1616 2854 aber haben sich die deutschen Dichter unserer Tage nicht zu be¬
2774 2783 3355 2858 mächtig genug, um deine S#
1675 2801 2780 2892 Katharina II. stand am Fenster und ließ voll Unmut
411 2822 1614 2895 klagen. Auch sie finden ihre Entdecker und die Verkünder
2780 2843 3376 2902 zu befriedigen und dein Bi
1613 2858 2783 2956 den Blick über die breit und mächtig hinströmende Newa
412 2880 1604 2935 ihres Ruhmes. Wo immer eine Stimme oder auch nur ein
2782 2872 3373 2957 jenes der Schönheits=Göttin
1607 2914 1789 2992 gleiten.
409 2927 1598 2991 Stimmchen sich im deutschen Dichterwalde erhebt, da ist flugs
2779 2928 3359 3002 überliefern. O, Katharina, K
1678 2946 2783 3040 Die Kaiserin war noch immer schön. Noch immer waltete
401 2973 1615 3049 ein Impressario zur Stelle, der das verehrungswürdige
2860 2994 3357 3048 Mühsam rang die Kais
1602 3018 2780 3089 der Zauber ihres blauen Auges. Noch immer offenbarte ihre
405 3039 1601 3094 Publikum auf den neuen Sänger und seine neue Art zu
2778 3010 3357 3100 sie mit Innigkeit des Künf
1599 3072 2780 3161 Haltung stolze Kraft. Aber Mißmut und Unbehagen sprachen
403 3073 1606 3131 ssingen, aufmerksam macht. Das wäre gewiß ein recht löb¬
2788 3086 3364 3150 sie, „ich will dir folgen in je
1606 3110 1973 3196 aus ihren Zügen.
401 3130 1608 3186 liches Beginnen, wenn das Neuartige, das neuen Talenten
2778 3130 3369 3201 du mit deinem Adlerblick in
1688 3156 2782 3222 Sergius Soltikow — Stanislaus Poniatowski —
406 3175 1605 3240 von ihren Entdeckern und Schutzherren zugesprochen wird,
2779 3184 3363 3250 bin nicht glücklich in dieser
1599 3199 2777 3282 Gregor Orlow — Gregor Potemkin: — diese und ähnliche
416 3204 1608 3291 wirklich immer etwas Neuartiges und Originelles wäre und
2775 3224 3370 3303 rischen Glanzes, und mir g#
1603 3266 2777 3338 Gedanken zogen ihr durch die Seele, stimmten sie düster
402 3277 1598 3343 einer ernsten Prüfung stand halten könnte. Das aber ist sehr
2773 3277 3375 3357 kin, der mich beherrscht mit
1602 3316 2780 3394 und schwermutsvoll. Da öffnete sich die Tür und ein strup¬
2774 3326 3372 3395 Retter und Befreier und ich
407 3331 1602 3401 selten der Fall und es ist begreiflich, daß das Publikum jene
1604 3355 2395 3433 piger, ungeschlachter Diener trat herein.
2779 3381 3363 3444 dringende Vorsicht ist gebote
403 3365 1603 3445 Leistungen, die mit der grellen Marke „originell“ auf dem
1749 3406 2775 3503 „Der welsche Maler, den du hast kommen lassen,
2776 3436 3363 3487 mit Argusaugen, und es wär
399 3424 1598 3485 Büchermarkte ausgelegt werden, mit wachsendem Mißtrauen
1607 3443 2028 3525 ist da!“ brummte er.
2772 3477 3370 3545 Plan erführe. Heimlich wolle
400 3475 1599 3530 begegnet. Man war mit dem Epitheton: „neuartig“ zu frei¬
1755 3495 2777 3603 „Ah, Vecellio Tiziano!“ rief die Kaiserin. „Er ist
2776 3513 3363 3586 die heutige Mitternacht vorb
409 3522 1605 3598 gebig und hat literarische Erzeugnisse mit einer Originalität
1822 3557 1913 3612 7
1592 3535 1886 3625 willkommen!“
2771 3575 3368 3634 eine Strickleiter angebracht se
417 3579 1345 3637 ausgestattet, die sie in Wahrheit nicht besaßen.
1674 3583 2783 3673 Der Italiener trat herein. Es war ein schöner Mann.
2769 3614 3374 3680 unbemerkt hierher zu komme
507 3599 1601 3687 Das war keine beabsichtigte Irreführung, die Entdecker
1598 3648 3348 3726 Das Feuer des Südländers flammte aus seinem feingeschnite#wir dann beide das Palais
401 3666 1594 3731 jener neuen Talente, die angeblich Neues, ja auch Epochules
1592 3694 2773 3761 tenen Künstlerkopf. Aber über seine edelgeformte Nase hatte
2770 3709 3354 3781 zeug, das uns nächtlicher Wei
406 3715 1591 3781 zu sagen hatten und zumeist doch nur alte Gedanken in neue
1598 3746 2765 3809 die nordische Kälte einen blaurötlichen Schimmer gebreitet.
2768 3761 3360 3824 von hinnen trägt. Gern schlei
398 3776 1601 3831 Formen gegossen haben, haben an die Originalität der Werke
1603 3798 2770 3855 Fröstelnd bebte das zierliche Ebenmaß seiner Glieder. Hinter
2771 3808 3355 3872 mit dir auf den Flügeln der
411 3808 1596 3888 üihrer Schützlinge tatsächlich geglaubt. Es gibt eben in unse¬
1591 3837 2761 3917 ihm schleppte der Diener unwillig unterschiedliche Malerei¬
2763 3852 3355 3934 zu fliehen — frei und glückli
407 3860 1592 3929 ren Tagen eine Kritik, die stolz über die Geschichte hinweg¬
1589 3890 2013 3973 gerätschaften herein.
2841 3899 3349 3968 Hingerissen staunte sie
410 3917 1605 3987 sieht, die das Gewesene nicht kennt oder nicht kennen will, die,
1756 3917 2759 4009 „Seid mir bestens gegtüßt, mein lieber Tizian,“
2769 3949 3360 4021 bist du in diesem Augenblicke!
403 3965 1596 4033 mit einem Worte, unhistorisch veranlagt, nicht vergleichen
1591 3975 2765 4072 rief die Kaiserin. „Wie gefällt es Euch in Sankt Peters¬
2758 3992 3357 4067 die siegreiche Göttin der Sc
407 4021 1589 4082 kann und darum im besten Glauben Gedanken, Bestrebungen
1589 4035 1761 4113 burg?“
2771 4042 3348 4133 malen, so soll dein Antlitz
399 4063 1606 4146 und Bekenntnisse für originell erklärt, die in ähnlicher oder
2942 4086 2998 4133 „
2760 4096 2977 4158 leuchten!“
1756 4074 2767 4157 „Maladetto,“ antwortete der Künstler und rieb sich
413 4115 1287 4184 anderer Form längst schon dagewesen sind.
1586 4127 2018 4217 grimmig die Hände.
2844 4124 3355 4207 Und rasch eilie er zur
506 4167 1593 4225 Das alles ist gesagt worden, weil hier von einem deut¬
2763 4185 3354 4241 aber im selben Angenklicke ful
1757 4157 2778 4253 „Ach ich verstebe Ihr findet es hier kalt Nun daran
