3484 4256
1963 174 2433 277 box 20/4
307 183 1841 292 14. Der Schleien der Beatrice
1683 1326 2918 1398 tgrausigen Szene vergessen, und da sie sich weigert, einzu¬
1725 1378 2922 1436 gestehen, wo sie den Schleier zurückgelassen hat, soll sie nun
1730 1414 2925 1485 ivor die Richter gestellt werden. Aus Angst vor dem sicheren
1747 1469 2916 1531 Tode erzählt sie nun, wo der Schleier liegt. Sie führt den
1738 1513 2915 1558 Herzog nach dem Gemache Filippos; dort leuchtet der Schleier
1726 1555 2918 1615 den Eintretenden entgegen. Beatrice hebt ihn auf, sie bittet
665 1572 1738 1657 L. Berliner Theater. Im Deutschen Theater fand gestern
1746 1597 2914 1669 den Herzog, mit ihr in ihr Brautgemach einzutreten. Hier
554 1609 1749 1701 die erste Aufführung des fünfaktigen Schauspiels „Der
1746 1642 2915 1706 aber schon will der Herzog sie als sein Weib umfangen, sie
583 1685 1737 1736 [Schleier der Beatrice“ von Arthur Schnitzler
1743 1687 2914 1751 in den Alkoven hineinziehen, und stößt dort auf die Leiche des
573 1707 1742 1786 statt. Wieder hat nun das Deutsche Theater ein Stück aus
1747 1729 2907 1797 Dichters. Jetzt erst erfährt er von seinem Gefolge, daß er sich
570 1761 2915 1787 dem Stoffgebiete der Renaissance, aber kaum ein solches Zug=in Filippos Hause befindet, und der Bruder Beatricens löst
573 1801 2904 1881 stück wie Maeterlincks „Monna Vanna“. Man wird sich wohl den Knoten, indem er das Mädchen von ihrem verlorenen und
575 1853 2909 1907 noch daran erinnern, daß Schnitzlers Schauspiel von der zwiespältigen Leben befreit. Er ersticht sie mit seinem Dolche.
569 1877 2911 1961 Direktion des Hofburgtheaters in Wien schon zur Aufführung Das Stück, so schön einzelne Stellen ersonnen sind, so viel
580 1938 2916 1995 angenommen war, daß es jedoch nicht über die Bretter der Poesie manchmal von ihm ausgeht, ist doch kein Drama von
580 1989 2914 2051 Hofbühne ging. Vielleicht wird man jetzt, ohne sich zu der überzeugender Kraft. Beatrice selbst schildert der Dichter als
568 2030 2905 2090 Prinzipienfrage hinsichtlich des Vorgehens der Burgtheater=ein Naturkind, das sich seiner Sinnenlust gar nicht bewußt ist
574 2077 2916 2125 leitung irgendwie äußern zu wollen, den Grund ihrer kühlen und durch ahnungslose Einfalt sich und ihre Umgebung in
565 2106 1739 2169 Haltung gegenüber dem neuen Stücke einigermaßen verstehen.
1740 2118 2903 2180 Unheil und Verderben verstrickt. Das Ganze ist leider, man
564 2158 1753 2218 Diesmal also spielt das Renaissancestück des Deutschen Thea¬
1737 2161 2912 2222 kann es nicht anders sagen, mißraten, es ist ein loses Gewebe,
562 2207 2899 2256 ters vor Bologna. Auch diesmal steht vor den Toren der Stadt wie es der Schleier Beatricens selbst ist, und in seiner fahrigen
574 2244 2911 2305 ein mächtiger, tückischer Feind, Cäsar Borgia mit seinen! Art kein in sich abgeschlossenes Kunstwerk. Die Novität fand
573 2287 1742 2341 Scharen. In der Nacht, die dem Sturm Borgias auf die
1744 2289 2898 2344 nur geteilte Aufnahme. Zu einem durchschlagenden Erfolg
571 2324 1734 2384 Stadt vorangeht, will der Herzog das schönste Mädchen der
1743 2335 2906 2381 kam es nicht, wenn auch der Dichter einige Male gerufen
564 2366 1744 2437 Stadt auf sein Schloß bringen. Beatrice war eben auf dem
1742 2374 2922 2437 wurde. Die Darstellung genügte, in einzelne Leistungen auf¬
558 2422 2906 2483 Wege zur Kirche, zur Trauung mit ihrem Verlobten, Vitto=gelöst, recht gut, im ganzen aber übersteigen die Anforderun¬
564 2457 1744 2522 rino, der sich, da sie dem Herzog wirklich folgen will, den
1730 2452 2908 2525 gen des personenreichen Stückes offenbar doch die Kräfte des
557 2490 1740 2555 Dolch in das Herz stößt. Doch nur als Herzogin will das
1743 2501 2137 2552 Deutschen Theaters.
559 2540 1742 2601 Mädchen dem Herzog zu eigen sein. Sie war auch im Innern
568 2589 1745 2641 nicht mehr Vittorinos reine Braut, denn seit einigen Tagen
562 2615 1744 2683 ist sie die Geliebte eines gefeierten Dichters, Filippos, ge¬
570 2669 1767 2737 wesen. Nachdem nun die Trauung mit dem Herzog vollzogen
570 2712 1759 2787 ist, flüchtet sie von dem Nachtfest, das der Herzog in seinem
570 2758 1750 2816 Garten veranstaltet, wieder zu Filippo. Noch einmal will sie
570 2806 1756 2860 in Filippos Armen ruhen, alles Glück der Erde hingeben, um
574 2847 1751 2912 noch einmal ihm anzugehören und dann gemeinsam mit ihm
568 2892 1736 2936 sterben. Filippo trinkt den Giftbecher aus, sie aber ver¬
564 2925 1750 2972 nag nicht zu sterben, ihr graut vor dem Tode. Von Lebenslust
581 2980 1743 3036 ind Todesfurcht gehetzt und gejagt, flüchtet sie von der Leiche
573 3009 1756 3090 es Geliebten zurück zu dem Hochzeitsfest in den blühenden
575 3057 1752 3125 Barten, wo das Fest seinen Fortgang nahm. Den Schleier,
569 3099 1766 3183 sas Hochzeitsgeschenk des Herzogs, hat sie an der Stelle der
