3248 4256
1945 163 2423 270 box 20/2
290 162 1817 265 14. Der Schleier der heatrice
1040 652 1314 736 A W
1696 647 1861 731 EERLLT
1583 698 3261 819 wehen die Lüfte nach jenem Sonnenuntergang in der todt pflicht wäre es freilich gewesen, der
696 713 1495 806 „Der Schleier der Beatrice.“
1603 767 1956 843 geweihten Stadt ..
2638 788 3262 864 die Arbeit eines echten Dichters u
539 762 1626 858 Schauspiel in fünf Akten von Arthur Schnitzler.
1690 819 3262 913 Ehe wir es aber versuchen, zu erzählen, wäs das Auge wältigenden Schönheiten der Em
1086 855 1592 925 Breslau, 2. Dezember.
1586 856 3264 960 des Dichters in jener Nacht gesehen, da sich Bologna auf und der Sprache, daß es eine
649 888 1615 972 Fröstelnd hüllten sich die guten Breslauer Herren und
1610 915 3261 998 den Tod verbereitete, wollen wir vorausschicken, daß es die Fortschritt gegenüber den frühere
541 926 1604 1022 Damen gestern fester in ihre Mäntel, als sie das Lobe¬
1608 963 3255 1050 Breslauer gestern Abends lange nicht nach Gebühr und ge=bedeutet. Die Vorzüge seiner A
546 991 1609 1063 Theater verließen, in dem das letzte Werk des Wiener
1610 1012 3264 1104 mäß den kühnen Absichten des Dichters fröstelte. Der samum= und prächtiger Blüthe gelangt,
538 1035 1607 1106 Dichters Arthur Schnitzler zum erstenmale aus dem Buche
1603 1063 2658 1130 gleiche Gluthauch, der im „Schleier der Beatrice“ von der
2647 1074 3263 1152 jede seiner Schwächen vertreten
532 1088 1608 1156 zum Scheinleben der Bühne erweckt worden war. Das Klima
1600 1103 2652 1181 Bühne ausgehen muß, war im Lobe=Theater ein laues
2653 1124 3263 1193 Dingen oft zu absichtlich, forcirt ur
541 1131 1613 1208 ihrer Vaterstadt berührte sie rauher, unfreundlicher als sonst,
1601 1147 2647 1229 Frühlingswinochen der gemäßigten Zone geblieben, und weder
2642 1162 3266 1244 schwerer wiegt, er verkünstelt jedes
537 1180 2649 1274 der grauwolkige Himmel hing wie eine Last über ihnen und Regie noch Einzerleistungen vermochten Intentionen gerecht
2652 1208 3264 1283 Entwicklung, indem er sie zuerst na
535 1228 1619 1312 die farblose, von den Schatten der nordischen Nacht in eine
1594 1245 2654 1318 zu werden, die ungeheuere Konzent.ationen forderten und fast
2649 1267 3263 1337 wieder zurückwendet und in allen F
544 1278 1609 1354 häßliche, schmutzige Uniform eingehüllte Gegenwart erschien
1590 1287 2669 1377 durchwegs überlebensgroße Intelligenzen voraussetzten. Die
2644 1312 3264 1386 Möglichkeiten beleuchten läßt. Große
539 1333 1602 1403 ihnen reizloser, nüchterner als an einem anderen Abend,
1596 1345 2652 1421 Kühnheit der Konzeption durste weder bewußt, noch durch
2635 1352 3265 1435 nicht so fürchterlich gescheidt, so rast
535 1360 1601 1446 denn sie kamen aus einem Lande, in dem die dunkelste
1595 1389 2651 1463 die Unzulänglichkeit der Mittel geschwächt werden,
2650 1412 3264 1482 ob Schnitzler bei allem Dichterischen,
532 1434 1605 1492 Nacht heller, feuriger erstrahlt als ein „graulicher
1600 1434 3252 1531 wenn nicht die Wirkung des Kunstwerkes überhaupt ängstlich besorgt wäre, nur ja Keine
534 1471 3260 1588 Tag, der uns im Norden umfängt“, aus einer Zeit, in höchst bedenklich in Frage gestellt werden sollte, und übrig zu lassen. So wird er zum
527 1514 2645 1607 der das Leben in farbenprächtigeren, leuchtenden Ge=jede Feigheit, jede Prüderie fälschte das Milieu, das, wie man
2641 1553 2940 1619 über den Stoff.
523 1558 2658 1611 wändern einherstolzirte, aus Situationen, in denen sieht, die treibende Kraft bildet. Ich glaube jetzt auch den
2711 1579 3264 1665 Ueber Bologna Lämmert der
530 1603 2648 1698 die Stunde Menschenleben bedeutete und der relative Werth Direktor des Wiener Burgtheaters zu verstehen und finde es
2636 1640 3263 1732 große Dichter Filippo Loschi im Ge
534 1656 1604 1728 alser Dinge wie durch ungeheure Spiegel zur Unkenntlichkeit
1592 1674 2648 1743 mehr als begreiflich, wenn er es in seiner Position als viel
2640 1696 3251 1755 schöne Beatrice, des verrückten
520 1713 2648 1802 verzerrt erschien. Nach Bologna hatte sie der Dichter geführt, getadelter Direktor einer Ho ihne nicht wagte, das Stück
2626 1726 3264 1818 Töchterlein, erwartet. Vor drei Tag
527 1750 1610 1804 an ben Anfang des sechzehnten Jahrhunderts, in eine Nacht,
1587 1771 2647 1843 so herauszubringen, wie es einzig gebracht werden durfte,
2630 1781 3260 1851 hat er sie zum erstenmale gesehen
526 1796 1598 1866 der kein Tag mehr zu folgen schien. Was in den Mauern der
1589 1818 3265 1902 und deshalb lieber ganz darauf verzichtete. Nur scheint er Seele so vollständig Besitz ergriffen,
521 1844 1590 1917 Stadt athmete, war dem Tode geweiht, der vor den Thoren
1585 1866 2641 1931 mir dabei nicht ganz aufrichtig gewesen zu sein und zur
2642 1882 3252 1953 schaften, vorher übernommene Pflich
520 1882 1593 1966 lauerte in der Gestalt des furchtbaren Cesare Borgia und
1589 1908 3264 2003 Erkenntniß über das Wesen des Stückes viel länger gebrauchtversinken. Was ihn bewegte, ehe er
521 1935 1583 2004 seiner Söldner. Alles Fieber des Lebens in wenige Stunden
1584 1970 3262 2047 zu haben, als sich der Direktor eines so hervorragenden Kunst= und Bedeutung verloren, starrt ih
513 1974 2642 2077 gepreßt, alle Leidenschaften von der quälenden Sorge, dem linstituts gestatten darf. Er mußte nach der ersten Lektüre
2632 2021 3265 2097 davor gestellt wird, gleich etwas Fr
527 2042 1596 2107 Ekel, der Reue des Morgen befreit, jede That losgelöst von
1589 2050 2649 2120 wissen, daß Schnitzler's „Der Schleier der Beatrice“
2637 2070 3257 2146 Aber auch die Gegenwart lebt
526 2077 2640 2175 ihren Folgen. Und das Schwert, dem das Vernichtungswerk auf der von ihm geleiteten Bühne nicht in der Gestalt
2637 2104 3264 2196 und den Beziehungen der Ding
521 2120 2642 2224 anvertraut ist, ruht in der Hand der lasterhaftesten aller hätte erscheinen dürfen, die dem Werke eigen und von ihm
2641 2161 3264 2245 der Gegenstand seiner Liebe ist;
521 2175 1593 2248 Päpste. Was in Bologna ünrig bleibt nach dieser Nacht, fällt
1587 2200 3255 2283 untrennbar ist. Er mußte also auch rasch entschlossen weiter. Ihn erfüllt der groß
525 2226 3262 2352 seinen Söldnern n So schwül, so nervenaufpeitschend auf die Ehrenpflicht seiner Aufführung verzichten. Eine Ehren= Genies, das seinen Antbeil an
2621 2330 3248 2396 bleibt standhast. Nun reicht er
2620 2384 3257 2453 trunk, und da sie ihn genossen
2630 2427 3264 2497 ihr die Angst, daß schon der
2628 2476 3255 2542 rinne. Nun schüttelt sie Todessurch
2622 2518 3263 2586 sterben wohl, aber nicht so ums L#
2620 2564 3263 2649 ist es häßlich und verdorben. „Nie gl
2615 2622 3258 2693 bist und feig — jetzt hass' ich Dich
2616 2670 3256 2740 Wahrheit. Die letzte Prüfung w
2617 2709 3264 2786 bestanden. „Nun kehr' zurück,
2618 2760 3262 2830 suchen! Du willst das Leben. Gehl
2610 2814 3264 2879 nimmt Dich gierig auf als sein Besitz.“
2603 2854 3260 2931 sie bei ihm zu lassen. Er leert den Gift
2599 2899 3257 2971 einen Tropfen läßt er ihr. Sie a
2605 2944 3252 3022 Grausen, das ihr der Leichnam ein
2604 2998 3265 3071 „Leben!“ hinaus, zurück ins Schloß.
2684 3036 3247 3116 Dort hat das Fest indes mit
2589 3071 3260 3171 einer letzten Lebensnacht seinen Fortg
2594 3139 3266 3220 entdeckt der Herzog das Fehlen seiner
2596 3187 3264 3264 erscheint gerade wieder, da er ihre
2590 3246 3264 3307 verdächtigt, um ihre Flucht zu wissen
2597 3281 3264 3358 haben. „Mein ganzes Leben ist zusa
2582 3334 3263 3402 Eine: „Wo ist Beatrice?“ Nun ist sie
2583 3387 3264 3454 aus der Kirche, wie es ihr Filippe
2587 3420 3254 3492 Betrug wird rasch entoeckt, denn die §
2587 3465 3244 3552 bemerkt der Herzog, daß Beatrice d
2579 3520 3263 3596 nicht mehr besitzt, den er ih
2583 3560 3264 3640 geschenkt; sie hat ihn bei Filippo ver
2581 3614 3234 3689 ihre Schuld sich zeige, Alles
2575 3653 3235 3737 ausgelöscht bis auf die Erinnerung,
2580 3713 3243 3785 führt, wo sie den Schleier verlor.
2566 3748 3254 3822 Das geht über ihre Kräfte. Da er ab
2578 3809 3258 3879 sie halten läßt und sie zum Tode gefüh
2574 3854 3258 3924 sie dem Herzog die Hand hin — sie wi
2572 3893 3262 3972 sie führt ihn zu der Stelle, wo ihr S
2560 3954 3263 4023 in das Gemach, in dem die Leiche F
