3484 4384
2009 239 2358 345 box 20,
340 237 1842 329 14. Der Schleien der Reatrige
1169 1303 2407 1406 kritisches Wort den Werdegang keiner dramatischen oder
1187 1390 2408 1449 schauspielerischen Begabung zu bestimmen oder auch
1189 1430 2401 1499 nur zu hemmen vermochte, hat sich seit jenem Trink¬
1182 1486 2414 1559 gelage, da seine Johannistriebe so sorgsam begossen
1191 1532 2418 1598 wurden, zu fühlen begonnen. Das Gerücht, dass von
1181 1583 2413 1653 seinem siebzigsten Geburtstage an in der „Neuen
1185 1626 2413 1698 Freien Presse“ kein reines Deutsch mehr zu finden
1189 1681 2414 1755 sein werde, wollte er kräftig dementieren, er griff
1179 1726 2418 1795 nach längerer Ruhepause wieder zur Feder und hat
1182 1786 2416 1827 sie neulich in kriegerischer Stimmung gebraucht, um
1178 1833 2414 1895 seinen Namen unter einen Protest zu setzen, den
1185 1877 2413 1947 mehrere Recensenten gegen eine Entschließung
1188 1925 1892 2001 Schlenthers losgelassen hatten.
1293 1986 2396 2060 Eine Entschließung Schlenthers Seine Höflich¬
1186 2035 2402 2114 keit hatte ihn lange genug von ihr zurückgehalten.
1187 2089 2397 2159 Das ist die tragische Schuld des Mannes, der, wenn er
1175 2150 2414 2215 gegen den guten Geist des Burgtheaters nichts weiter
1182 2194 2406 2245 verbrochen hätte, als dass er Herrn Schnitzler am
1182 2246 2405 2288 13. Februar seine Unentschlossenheit bezüglich der
1187 2290 2399 2360 Annahme eines Stückes, am 17. Juni seine Zweifel an
1181 2351 2400 2400 dessen Erfolg und am 2. September seinen Willen zur
1169 2394 2403 2457 Ablehnung kundgab, seit langem der erste würdige
1175 2445 2411 2510 Leiter des Burgtheaters wäre. In diesem Falle liegt
1179 2495 2407 2557 gegen Herrn Schlenther nichts anderes vor, als dass er
1184 2549 2409 2603 einem harthörigen Autor, der aus seinen verschiedenen
1174 2591 2398 2645 Briefen längst Klarheit über die Situation gewinnen musste,
1185 2643 2400 2691 mit der ihm eigenen Höflichkeit begegnetist, und dass er zur
1179 2681 2413 2729 Ablehnung eines Werkes von Arthur Schnitzler, dem
1179 2734 2398 2781 das Burgtheater ein Repertoirestück verdankt, aus Dank¬
1174 2777 2402 2847 barkeit mehrere Monate gebraucht hat. Wenn Herr
1182 2839 2411 2906 Schlenther — er sprach nicht, wie lphigenie, vergebens
1173 2884 2409 2952 viel, um zu versagen, Herr Schaitzler hat von allem
1171 2927 2407 2986 nie das Nein gehört — sich vorweg das Erstauf¬
1171 2980 2397 3035 führungsrecht sichern wollte, so-kann nur die ver¬
1174 3030 2400 3090 stellte Blödigkeit seiner kniffigen Gegner daraus den
1177 3077 2407 3143 Vorwurf des-Wortbruchese gegen ihn ableiten wollen;
1185 3135 2408 3186 die theaterkundigen Herren wissen nur zu gut, dass
1170 3174 2412 3243 die principielle Wahrung des Erstaufführungsrechtes
