3248 4256
323 149 1875 263 14. Der Schleien der Reatrige
881 1042 1296 1110 Telefon 12801.
429 1142 1777 1214 Alex. Weigl’s Unternehmen für Zeitungs-Ausschnitte
1434 1200 1636 1269 Ausschnttt
511 1231 634 1353 10
755 1240 1776 1352 „OBSERVER“ Nr. 29
363 1337 1822 1430 I. österr. behördl. conc. Bureau für Zeitungsberichte u. Personalnachrichten
543 1415 1641 1520 Wien, IX Türkenstrasse 17.
769 1502 1551 1587 Filiale in Budapest: „Figyelö“ —
369 1565 1820 1656 Vertretungen in Berlin, Chicago, Genf, London, Newyork, Paris, Rom, Stockholm.
1369 1651 1753 1782 Wien 4
361 1696 911 1799 Ausschnitt aus:
1770 1696 1939 1824 #
364 1791 777 1936 vom 2077
533 2107 1480 2200 Wenn am Ursulatag die Mücken stechen,
524 2171 1630 2289 Ist Schlenther auf „Scnleier“ nicht gut zu sprechen.
828 2580 1397 2681 Bezugs-Bedingungen:
405 2665 1567 2732 Für 50 Zeitungsausschnitte (Artikel oder Notizen). Kr. 15.—
1594 2667 1799 2742 inclusive
1432 2695 1607 2774 28 —
1610 2725 1769 2775 Porto.
1427 2746 1540 2795 50.—
500 2759 610 2803 200
1591 2759 1785 2814 Zahlbar
1407 2779 1556 2834 110.—
494 2794 604 2840 500
1413 2803 1807 2882 200.—] im Voraus.
435 2833 608 2902 „ 1000
510 2883 1841 2945 Im Gegensatze zu anderen Bureaux für Zeitungsausschnitte ist das
384 2917 1838 2980 Abonnement durch keine bestimmte Zeitdauer begrenzt; — auch stcht es den
387 2960 1683 3022 Abonnenten frei die aufgegebenen Themen zu ergänzen oder zu ändern.
508 3011 1837 3101 Der „OBSERVER“ veranstaltet täglich einen Auszug enthaltend die
396 3112 1831 3141 Inhaltsangabe aller wichtigen Mittheilungen der Wiener Morgen¬
390 3112 1840 3172 blütter (Tagesjournale ausser „Neue Freie Presse“ und Wiener Zeitung“)
399 3154 1828 3213 wodurch eine Uebersicht über das gesammte politische und wirthschaftliche Leben
404 3198 1841 3278 des In- und Auslandes in drastischer Kürze geboten wird. Diese Mittheilungen
403 3253 1194 3310 werden in Wien um 9 Uhr Früh verschickt.
693 3301 1546 3403 Prospecte gratis und franco.
1986 152 2433 264 box 20//1
2570 995 2828 1097 —
2172 1096 3208 1188 Wiener: Seh'n S', Herr Zapletal, jetzt ist's nicht mehr not
1998 1174 3204 1245 weil das neue Heimatsgesetz in ein paar Monaten schon in Kraft tritt
2168 1205 3210 1282 Czeche: Dalkete Ansicht, wienerische, mi Böhm war'ne
1995 1247 2347 1318 berechtigt, rozumi!
2002 1333 3247 1431 Der Schmockprotest gegen den Burgtheater-Direktor mit Rönigen¬
2241 1414 3006 1484 Strahlen durchleuchtet vom „Higaro“.
2120 1466 3255 1568 Eigentlich geht's uns gar nichts an, was der Direktor des
2004 1551 3255 1613 Burgtheaters thut und es ist eine dreiste Anmaßung von uns
2004 1605 3245 1661 da was drein reden zu wollen. Aber das verleiht uns einer
2011 1650 3250 1707 gewissen Nimbus, erhöht bei Unwissenden unsere arrogirte Be¬
2000 1690 3255 1751 deutung und besonders Inferiore glauben vielleicht sogar, daß
1999 1740 3184 1824 wir wirklich was mitzureden haben in Burgtheater=Sachen.
2113 1814 3254 1879 Vor Allem sind wir gar nicht g'fragt word'n. Aber wei
2009 1862 3255 1921 kümmerte sich denn um uns, wenn wir immer warten wollten
2004 1909 3257 1978 bis wir g'fragt werd'n. Aufdringen muß man sich den Leuten
2003 1975 2862 2045 so macht man sich bekannt und Renommé.
2124 2004 3255 2080 Außerdem müssen wir uns ja um ihn annehmen, der
2008 2078 3248 2140 Schnitzler, denn vor allen Anderen gehört er zu jener Sort
2008 2127 3255 2186 der gleichberechtigten Staatsbürger, die laut ihrem besonderen
2011 2186 3254 2247 liebermaß an Vordringlichkeit und der Unterstützung der kohn
2010 2228 3255 2301 nationalen Klique, an allen Theatern das Recht haben, das
2017 2284 3097 2354 große Wort zu führen und die Tantièmen einzustecken.
2130 2331 3255 2397 Es ist daher eine Frechheit von so einem daher gelaufenen
2013 2387 3250 2452 Burgtheater=Director einen von „unsern Leuten“ dieses Recht ver
2004 2438 3256 2494 kümmern, oder mindestens schmälern zu wollen. Diesem Herri
2006 2492 3246 2562 muß der Nipf g'nommen, er darf nicht in dem Glauben gelasse
2004 2534 3251 2605 werden, daß er auch nur einen Schritt anders tanzen darf, al
2010 2582 2277 2653 wir pfeifen.
2125 2625 3255 2703 Das sollte noch aufkommen: Einen von uns vier Woche
2014 2681 3255 2756 auf eine abschlägige Entscheidung warten lassen, anstatt jede
2013 2737 3246 2812 Werk eines zur Klique Gehörigen sofort mit Begeisterung un
2022 2800 2651 2873 tiefen Bücklingen anzunehmen.
2132 2819 3254 2898 Gegen solche Frechheiten gibt's nur den korporative
2019 2897 3256 2961 Protest; schon deshalb, weil das, was heute dem Schnitzle
2024 2953 3249 3020 passirt ist, morgen Jedem von uns passiren kann, wenn di
2023 2996 3245 3053 Direktoren plötzlich beginnen sollten, Stücke nach dem Wert
2020 3043 3255 3119 ihres Inhaltes und nicht nach der Nase ihres Verfassers zu be
2008 3102 2230 3170 urtheilen.
2144 3138 3255 3221 Kurzum, das dürfen wir uns nicht gefallen lassen, dahe
2021 3205 3245 3285 „heraus mit einem Protest“, das macht uns Reklame und der
2025 3258 2470 3335 Schnitzler ebenfalls.
2141 3295 3255 3378 Besonders betonen müssen wir in dem Protest: daß wi
2022 3370 3255 3428 weit entfernt davon sind, dem Burgtheater=Direktor das Rech
2028 3424 3255 3483 Stücke anzunehmen oder abzulehnen. schmälern zu wollen. Da
2021 3470 3254 3533 macht sich gut und kostet nichts. Meinen thun wir natürlich da
2019 3515 3256 3598 Recht, Stücke von Angehörigen der Klique anzunehmen und jen
2009 3564 2776 3648 von bei uns Mißliebigen abzulehnen.
