3484 4224
1338 200 1423 267 B
290 210 408 295 14
459 198 1779 318 ber Schleie deratrice
327 543 436 669 8
430 616 492 683 1
354 714 537 821 7 2
502 796 626 891 —
731 898 1628 992 S Dielaar
728 1150 1656 1267 Wollliur
708 1267 1672 1363 Im deutschen Roman und im Drama hatte die
641 1339 1664 1393 Darstellung von Zeitfragen, Konflikten und Problemen
651 1398 1667 1468 des sozialen Lebens unserer Tage den Glanzpunkt
355 1405 530 1515 *
654 1437 1657 1508 erreicht, als Gerhart Hauptmanns „Weber“ ihren
643 1490 1662 1543 bedeut sam=dröhnenden Gang über die Bretter machten.
354 1499 420 1555 3
400 1534 1646 1620 0 Mit diesem Werke hatte Hauptmann, und mit ihm
635 1585 1659 1641 die ganze naturalistische Richtung, die der Zenfur
374 1631 422 1688 U
643 1634 1669 1697 nicht „paßte", den Gipfel der Entwickelung erreicht.
360 1665 1660 1761 und wenn auch einige Jahre später erst der technisch voll¬
360 1731 1660 1803 2/ endete „Fuhrmann Henschel“ folgte, wenn eine ganze Schar
363 1787 1645 1909 jüngerer Tramatiker Deutschlands und Deutsch=Oesterreichs
545 1839 1650 1898 sich erst jetzt aller brennenden Lebensfragen bemächtigte,
539 1892 1654 1946 so war doch schon ein Umschwung auf dem Wege. Die
350 1905 1658 1999 Erörterung und Darstellung trüber Zeuxrobleme, das
356 1982 1638 2062 Arme Leuts=Drama, wie man die Literatun nannte, die
1943 174 2380 276 box 20/6
2614 1908 2694 1978 20
2197 2652 2936 2714 Die Dichter der neuen Romantik:
1880 2714 3165 2763 Gerhart Hauptmann, der mit seinem Märchenspiel „Die versunkene
1878 2750 3172 2823 Glocke“ die neu=romantische Strömung in der deutschen Dramatik
2382 2800 2694 2862 angebahnt hat.
2100 2853 2947 2920 Nach einer Radierung von Hermann Struck=Berlin.
1885 2906 3170 2981 sich mit Vorliebe auf der Schattenseite des Lebens bewegte, hatte in
1873 2962 3174 3027 wenigen Jahren eine Uebersättigung hervorgerufen und immer stärker
1880 3014 3157 3083 fühlbar wurde das Bedürfnis nach Farbigkeit, nach Schwung und
1895 3067 3125 3144 Glanz, die auf der Bühne ganz und gar vom nüchternen Alltag
1886 3114 3121 3174 grau verdrängt worden waren. Eine solche Reaktion war unausbleibli
1872 3158 3136 3226 bei der literarischen Jugend sowohl als beim Publikum. Es wieder
1881 3201 3101 3268 bolte sich nun dieselbe Entwickelung, die auch die Malerei nahm,
1880 3269 2465 3338 der sich ebenfalls die Jugend
1886 3312 2473 3380 vom Lebensnatürlichen und
1890 3365 2461 3438 gegenständlich Treuen zum
1886 3406 2464 3486 Farbigen und Phantastischen
1895 3470 2449 3532 wandte. Die mystische Symbolit
1911 3512 2454 3582 es Belgiers Macterlinck und
2022 3562 2454 3627 silosophie des „Herren¬
2073 3607 2455 3685 stums, die Nietzsche
1950 3620 1994 3683 us
2031 3655 2467 3729 gt hatte, wirkten auf die
1978 3701 2464 3777 en Dichter ein, die mit
2119 3746 2471 3826 Fahnen ins Reich
2029 3758 2112 3819 den
1990 3800 2467 3878 Phantasie, der schönen
1912 3849 2472 3927 Träume von vergangenen Zeiten
1913 3901 2472 3980 inzogen. Den Auftakt zu der
1909 3947 2463 4028 ieuen Romantik gab — wie
1927 4002 2469 4068 tsam — das Oberhaupt der
2167 4049 2473 4118 naturalistischen
1889 4059 2066 4121 deutschen
1912 4097 2472 4159 Schule: Gerhärt Häuptmann.
1904 4151 2480 4215 Der Meister der Wirklichkeits¬
3180 3746 3248 3828 14
3202 3820 3247 3885 2
3204 4059 3285 4161 *
3258 2653 3339 2745 8
