3436 4256
306 141 1793 256 14. Der Schleien der Reatrice
916 1058 1335 1129 Telefon 12801.
439 1150 1793 1233 Alex. Weigl’s Unternehmen für Zeitungs-Ausschnitte
1458 1241 1635 1289 Ausschnitt
765 1227 1722 1391 „OBSERVER“ Nr. 7
359 1332 1829 1458 L. österr. behördl. cone. Burean für Zeitungsberichte u. Personalnachrichten
560 1433 1664 1537 Wien, IX, Türkenstrasse 17.
767 1512 1445 1599 Filiale in Budapest: „Figyelö“ —
367 1562 1810 1684 Vertretungen in Berlin, Chicago, Genf, London, Newyork, Paris, Rom, Stockholm.
936 1677 1646 1807 bemsches ait
361 1688 930 1779 Ausschnitt aus:
362 1837 1030 1953 vom 75 y 6 19 00
568 2126 1688 2285 Chrater, Kunst und Ziteratur.
718 2232 1683 2345 Director Schlenther veröffentlicht in einigen
547 2265 1678 2393 Blättern eine „Gegenerklärung“ als Antwort auf die Angriffe,
555 2304 1701 2436 die von sechs Wiener Theaterreferenten gegen ihn wegen Ab¬
547 2343 1676 2445 lehnung des Schnitzter'schen Stückes „Der Schleier der
553 2390 1666 2491 Beatrice“ gerichterwue Das Wesentlichste dessen, was
552 2416 1668 2529 Dr. Schlenther sagt, ist wohl die bestimmte Behauptung, daß
553 2464 1662 2581 die erwähnte Bühnenarbeit von ihm niemals ange¬
551 2508 1678 2618 nommen wurde und daß die definitive Entscheidung im
543 2548 1674 2646 ablehnenden Sinne erst erfolgte, als Schnitzler eine unerfüllbare
541 2579 1657 2691 Bedingung stellte. Director Schleuther citirt den an den Autor
542 2613 1656 2735 gerichteten, vom 17. Juni datirten Brief, der bereits wie eine
482 2655 544 2708 50
369 2638 476 2725 Für
541 2659 1752 2781 Ablehnung klingt und erklärt, daß der Aufschub des end¬ ive
461 2703 1728 2816 10( giltigen Urtheils lediglich infolge des leiber vergeblichen Be¬ 0.
464 2741 1734 2854 200 mühens erfolgte, durch wiederholtes Studium des Stückes zu= dur
449 2793 1749 2907 504 reichende Gründe für seine Annahme zu finden. Das heißt raus.
398 2816 526 2880 „ 100
523 2824 1630 2928 mit anderen Worten, Herr Dr. Schlenther fürchtete sich,
518 2857 1776 2970 eine Entscheidung zu fällen, die Herrn Schnitzler und t das
449 2879 1371 3000 In seine Freunde unangenehm berühren mußte....
341 2910 822 2979 Abonnemene aufe. A
1612 2962 1779 3025 es den
332 2945 1627 3057 Abonnenten frei die aufgegebenen Themen zu ergänzen oder zu ändern.
448 3047 1779 3150 Der „OBSERVER“ veranstaltet täglich einen Auszug enthaltend die
332 3087 1775 3181 Inhaltsangabe aller wichtigen Mittheilungen der Wiener Morgen¬
329 3128 1765 3228 blätter (Tagesjournale ausser „Neue Freie Presse“ und Wiener Zeitung“)
330 3164 1761 3262 wodurch eine Uebersicht über das gesammte politische und wirthschaftliche Leben
328 3182 1779 3310 des In- und Auslandes in drastischer Kürze geboten wird. Diese Mittheilungen
328 3234 1135 3320 werden in Wien um 9 Uhr Früh verschickt.
630 3337 1461 3427 Prospecte gratis und franco.
2460 172 2861 253 Telefon 12801.
2003 254 3303 380 Alex. Weigl’s Unternehmen für Zeitungs-Ausschnitte
2995 362 3182 421 Ausschnitt
2018 342 3307 501 103 „OBSERVER“ Nr. 64
1914 466 3347 597 I. österr. behördl. conc. Bureau für Zeitungsberichte u. Personalnachrichten
2097 530 3199 655 Wien. IX Türkenstrasse 17.
2281 627 2979 729 — Filiale in Budapest: „Figyelät —
1912 677 3341 808 Vertretungen in Berlin. Chicago, Genf, London, Newyork, Paris, Rom, Stockholm.
1889 793 2445 899 Ausschnitt aus:
2491 834 3125 968 vArbeiter Aeitung
1892 914 2532 1057 vora 13/9 70 0
2357 1337 2710 1427 Thrater.
2064 1405 3113 1484 Eine Erklärung des Burgtheaterdirektors. Auf die
1959 1449 3110 1496 gestern mitgetheilte Erklärung“ der Burgtheaterreferenten ant¬
1962 1495 3113 1555 wortet Herr Dr. Schlenther mit einer Gegenerklärung, die
1951 1533 3114 1585 natürlich nicht kürzer ausgefallen ist. Herr Schlenther erklärt,
1952 1576 3118 1636 er habe das betreffende Werk formell nie angenommen und
1954 1619 3101 1666 es erst abgelehnt, als ihn der Verfasser vor eine unerfüllbare Be¬
1947 1648 3105 1711 dingung stellte. Er beruft sich dabei auf den in der Erklärung ver¬
1956 1679 3101 1749 öffentlichten Privatbrief, aus dem hervorgehe, wie weit er noch
1955 1724 3020 1769 von dem Entschluß zur Annahme des Stückes entfernt war.
1896 1743 1958 1813 Ft
1964 1756 3033 1821 spreche darin von einer „ersten flüchtigen Durcharbeitung";
1962 1782 3102 1847 außert Bedenken gegen seine eigenen Kürzungsversuche; die Be¬
1963 1835 3270 1902 setzungsfrage erregt bei ihm ebenso starke Zweifel wie beim Autor; helusive
1968 1883 3091 1932 ich spreche von der „Riesenaufgabe“, worunter er die ungewöhnlich
3097 1884 3235 1939 Porto
1953 1928 3097 1976 mühsame, kostspielige und zeitraubende Vorbereitung zur Aufführung
3102 1925 3248 1977 Lahlbar
1951 1952 3091 2001 gerade dieses Stückes meint. Diese Bedenken hätten sich gesteigert,
3104 1964 3265 2031 Voraus.
1961 1989 3094 2048 als der Direktor das Stück zum zweiten= und zum drittenmale
1850 2016 3091 2087 Abon vornahm. Er schrieb darüber dem Verfasser am 17. Juni unter
3111 2028 3301 2095 ist das
1848 2053 2140 2121 Abon anderem:
3079 2082 3292 2151 hit es den
2106 2092 3126 2185 Ich habe mich dieser Tage noch einmal sehr genau mit?
1981 2141 3101 2200 dem Stück, seiner Personenfülle und seinen szenischen Schwierig¬
1841 2170 1992 2236 Inhal
1988 2181 3281 2266 keiten, seinen feinen, voetischen Reizen und seinen herben Zu= iltend die
1830 2223 1978 2272 blät
1985 2225 3283 2295 muthungen an die Folgsamke des Zunhauers beschäftigt, und orgen¬
1838 2261 1989 2315 wodur
1995 2275 3283 2346 mir das Bühnenbild, das im Burgtheater geboten werden Zeirung")
1827 2299 1943 2348 des
1977 2305 3265 2382 könnte, möglichst klar vor Augen gestellt. Und ich bin Ihnen nun de Leben
1838 2340 1979 2404 Weinel
1985 2343 3274 2418 das ehrliche Geständniß schuldig, daß meine Hoffnungen auf einen heilungen
1982 2369 3087 2428 Bühnenerfolg mit jedem neuen Studium immer mehr sinken. Nur
1987 2412 3085 2473 weil mir diese Ueberzeugung sehr gegen das Herz geht, habe ich
1981 2453 3101 2513 nicht das Herz gehabt, sie Ihnen früher offen auszusprechen;
1979 2490 3099 2530 nur darum habe ich von Zeit zu Zeit mich immer wieder Ihrer
1989 2523 3094 2572 ernsten und sozusagen feierlichen Arbeit genähert, stets mit dem
1981 2567 3092 2628 besten Willen, auch nicht in meinen Zweifeln, sondern in
1983 2606 3085 2669 meinen Hoffnungen zu stärken. Leider aber ist das genaue
1989 2642 3089 2705 Gegentheil der Fall. Das Stück und seine dramatische Wirkung
1981 2690 3082 2738 rückt mir ferner und ich möchte fast prophezeien, daß Sie nach
1971 2707 3087 2770 Jahren, wenn Sie von jüngeren Werken wieder darauf zurück¬
1976 2763 3076 2813 kommen, dieselbe Erfahrung machen werden... Im „Schleier“
1978 2799 3081 2841 zersplittert und zerstreut sich das Interesse an dem Dualismus
1968 2828 3104 2905 der beiden Kontrastfiguren Dichter und Fürst, weil diese beiden
1970 2857 3079 2917 zu wenig kebendig werden. Sie sind Begriffe, aus dem
1982 2908 3084 2963 theoretischen Kontrast geboren. Damit aber ist dem Drama
1984 2944 3076 2999 das Rückgrat gebrochen und das, wovon ein Bühnenerfolg
1972 2978 3077 3041 leben könnte liegt im Reiz der Details. Sie wissen, daß dies
1970 3034 3093 3088 auf dem Theater eher schädigend als förderlich ist. Die
1972 3055 3077 3113 Details waren es, die mich anfangs beim Lesen fesselten. Je
1973 3096 3080 3152 öfter ich aber diesen Schleier lüftete, desto mehr mußte ich an
1969 3118 3086 3205 den Hauptpunkt gelangen. Und hier wuchsen denn die Zweifel
1979 3166 2818 3224 und Bedenken bis zu einer festen Ueberzeugung.
2056 3204 3080 3262 Hieraus gehe, erklärt Herr Dr. Schlenther, wie aus
1942 3255 3071 3306 allen anderen Briefen, die zwischen ihm und dem Verfasser ge¬
1928 3285 3089 3353 wechselt worden sind, hervor, daß die Annahme des Stückes
1936 3329 3085 3402 nichterfolgt war und der Aufschub sich lediglich aus dem
1939 3359 3083 3427 leider vergeblichen Bemühen erklärt, durch wiederholtes
1949 3408 3087 3457 Studium des Stückes zureichende Gründe für seine
2260 3447 2326 3523 —
1918 3506 3056 3570 Annahme zu finden. Da nun der Verfasser eine
1920 3532 3061 3591 bindende Zusicherung eines Termins in dieser
1920 3567 3056 3644 Saison verlangte, mußte der Direktor Nein sagen. Die Bedingung
1925 3613 3061 3669 der ersten Aufführung erklärt Herr Dr. Schleuther damit, daß
1929 3649 3066 3706 hierauf der Verfasser einen bestimmten Aufführungstermin
1927 3683 3071 3761 verlangte, was von Schleuther jedoch nicht zugestanden wurde.
1931 3721 3069 3778 Dennoch blieb die Unterhandlung, „wie beiden Theilen!
1929 3769 3019 3835 jederzeit bewußt sein mußte“ in der Schwebe.
2037 3786 3082 3861 Herr Schnitzler scheint also eine Enttäuschung mit
1925 3836 3062 3912 einem Vertragsbruch zu verwechseln. Obwohl die Er¬
1933 3877 3076 3944 klärung des Herren Dr. Schlenther nicht ausreichend ist, daß die
1935 3913 3080 3979 Herren Referenten gut daran gethan hätten, erst beide Theile
1931 3952 3076 4017 zu hören bevor sie protestirten, leuchtet ein. Die „Erklärung“ war
1940 3989 3080 4052 wohl weniger von dem beleidigten Rechtsgefühl geleitet, als von,
1931 4038 2730 4090 sagen wir höflich, der Lust am Demonstriren.
2728 4037 2844 4131 —
2322 4081 2556 4154 See  nee enthene
