3532 4448
2000 186 2424 280 box 20/4
320 187 1833 278 14. Der Schleiender-Bestrice
1647 1447 2822 1510 Antlitz, treibt sie das gesteigerte Lebensgefühl, der Drang zum
2824 1437 3392 1502 gangenen Vittorino noch bluß
659 1449 1644 1545 Theater und Musikod6
1646 1486 2824 1562 Glück und Genuß, der vor keinen Folgen mehr zu erbleichen
2826 1500 3394 1551 Altare mit dem kostbaren Sch
515 1525 1647 1596 #*Arthur Schnitzlers großes fünfaktiges Schauspiel,
1656 1537 2817 1597 braucht, die Wahrheit ihrer Natur schleierlos zu enthüllen. Aber
2824 1540 3385 1603 dem Morgenlande mitgebracht
455 1578 1640 1632 „Der Schleier der Beatrice", in Berlin jetzt erst
1650 1577 2829 1641 weit größer und kühner als in ihrem Spitalseinakter ist dieser
2826 1574 3389 1646 Leben fiebernd, zum zweiten
457 1606 1649 1676 drei Jahre nach seiner Entstehung, im Deusschen= Theater
2826 1628 3390 1692 sam, fordert er, wollen sie bes
1651 1625 2826 1704 fruchtbare Gedanke in diesem Fünfakter konzipiert, dem ersten
455 1670 1641 1721 aufgeführt, vermag an dem Gesamtbilde des Dichters=nichts zu
1643 1664 2821 1732 hohen Versdrama, das Schnitzler zu schaffen unternommen hat.
2827 1676 3391 1748 ihr Lebensdrang, der sich an
466 1703 1655 1775 ändern. Er bleibt auch hier, was er von Anfang an war und
1643 1710 2825 1774 Auf dem blutig düsteren Hintergrund der italienischen Re¬
2816 1710 3380 1777 schrickt vor dem Becher feige
472 1765 1643 1812 als was er sich inzwischen in den „Lebendigen Stunden“, der
2822 1757 3393 1822 allein; bei ihm zurück bleibt
1650 1756 2817 1817 naissancezeit, die heute wieder so modern, läßt er die Hand¬
461 1791 1654 1859 jüngeren Gabe, von neuem gezeigt hat: ein geistreicher, mit den
2823 1803 3380 1870 auf der bebenden Flucht vor
1639 1793 2821 1869 lung sich abspielen. Bologna liegt, dem unentrinnbaren Tode
464 1838 1646 1899 Reizen der Welt und des Lebens reizvoll spielender Virtuose,
2819 1841 2999 1905 vergißt.
1658 1843 2822 1907 geweiht, in den eisernen Umschlingungen des Cesare Borgia,
3017 1840 3323 1911 Zum Herzog
457 1867 1657 1935 ein mit seinen eigenden Gebilden kokettierender zartfingriger
1650 1875 2822 1963 wie Pisa in denen des Prinzivalli. Um so heißer lechzt der
2816 1881 3359 1957 erkannt, soll sie sterben,
476 1920 1640 1984 Kleinkünstler, der seine blitzenden Einfälle, wie der Juwelier
1647 1919 2818 1987 Gaumen nach der letzten köstlichen Neige des Lebens. In
2822 1924 3387 2000 wiederschafft. Und sie wa
462 1965 1643 2030 seine Edelsteine, mit verliebten Händen streichelt und kost, sie
1651 1971 2822 2039 Beatrice Nardi, der dämonisch schönen Tochter eines irren
2812 1975 3391 2042 Leben, aus Furcht vor de
462 2024 1644 2070 unaufhörlich dreht und wendet, auf daß das Licht nur ja auch
1647 2018 2810 2068 Wappenschneiders, krystallisiert sich dieser noch halb von kind¬
2818 2007 3389 2080 Gemahls zum dritten Male
459 2052 1644 2117 nicht einen einzigen Strahl unerweckl darinnen schlummern
1637 2054 2823 2122 lichen Träumen umfangene Lebensdrang zu verhängnisvoller Tragik.
2815 2056 3393 2129 und Leichnam offenbaren dem
461 2094 1650 2149 lasse. Die Bijour, die der Anatol=Dichter bisher vor uns ausge¬
1650 2106 2811 2171 Hysterische Hitze und kühle Berechnung, naive Ahnungslosigkeit
2818 2101 3260 2181 verschleierten Wesens:
460 2136 1649 2199 breitet hat, sie waren eigentlich alle aus ein und demselben Stoffe:
2984 2139 3384 2214 Warst du nicht, Beat
1653 2154 2821 2201 und wissende Feigheit paaren sich in ihr zu einer wundersamen
460 2192 1652 2247 um Lieben und Sterben drehte sich von jeher das Aechslein seiner
2986 2192 3374 2247 Däs mit der Krone
1643 2187 2814 2251 Blüte von schwülem exotischem Duft. Etwas vom Wedekindschen
2987 2228 3389 2286 Mit eines Dichters
466 2220 1636 2285 Dramen und Dramolets, nicht selten um beiden zugleich.
1655 2238 2826 2303 Erdgeist“ steckt in ihr, in die weichlichere Krume der Wiener
2989 2259 3377 2329 Mit eines Jünglings
466 2258 1645 2322 Mit dem Sklaven Mohammed in Heines Romancero
1648 2255 2194 2344 Treibhausdichtung verpflanzt.
2182 2274 2825 2347 Wen sie liebt, der entbrennt zu
2994 2302 3389 2368 Geschenkt war? Ab
467 2316 1667 2364 könnten seine Helden und Heldinnen sprechen: Und mein!
1655 2324 2823 2386 seligster Daseinsfreude, aber er verzehrt sich auch schnell, wie
2995 2341 3383 2402 Und leiden's nicht, i
473 2364 1130 2433 Stamm sind jene Asra, welche
1108 2346 1643 2422 sterben, wenn sie lieben.
1650 2369 2821 2434 ein Licht, an dem eine zu heiße Flamme leckt. Den Dichter
2988 2377 3376 2451 Nicht nur das einz'g
1111 2394 1646 2470 Sentenz bedürfte noch
470 2398 1131 2474 Aber auch diese geschraubte
1645 2409 2824 2489 Filippo Loschi entflammt sie im Nu zu lodernder Lebensglut;
2981 2418 3376 2481 Die ganze Welt.
1103 2433 1646 2513 „sterben“ in der ganzen
474 2435 1128 2512 einer Variante. „Lieben“ und
1653 2457 2817 2513 aber kaum gewonnen, entschleiert sie ihm die ganze unbewußte
2989 2452 3370 2517 Betrug und Frevel
468 2478 1643 2546 Größe ihrer Natur erfaßt, sind zwei Erscheinungen,
1644 2486 2815 2565 Schamlosigkeit ihrer Seele. Im Innersten verändert, wendet er
2900 2478 3388 2566 Von der Hand des Brude
1230 2517 1643 2596 Wiener Dekadent
464 2532 1240 2603 deren machtvolle Erhabenheit ein
1655 2533 2804 2600 sich ab, um, seiner verlassenen Braut fast schon wieder zurückge¬
2810 2537 3357 2608 in einer Person, stirbt sie.
466 2577 1655 2648 von heute so wenig erträgt, wie Semele den Jupiter
1645 2588 2809 2662 wonnen, von neuem ihrem dämonischen Zauber zu verfallen. Aber
2806 2576 3391 2653 gutgläubige Narr aus dem B#
470 2613 1656 2675 im Blitz und Donner des Kroniden. Er muß sie
1641 2626 2808 2689 nur in neuer und doppelter Untreue kommt sie zu ihm. Schon
2810 2637 3385 2709 adlige Herrenmensch schreitet ü
470 2667 1641 2725 „vermenschlichen“, was bei ihm so viel heißt wie verkleinern und
1641 2677 2820 2737 im Brautschleier, um einem braven Verehrer die Hand fürs
2816 2671 3114 2746 wie er hofft:
1637 2706 2812 2781 Leben zu reichen, sieht sie den jungen Herzog von Bologna,
2926 2705 3390 2778 Das Zeichen tönt, und
464 2627 1642 2806 Mretit ur ir Setreschelstaekteret
2924 2745 3373 2813 Wie nie zuvor beflügelt
1647 2758 2811 2834 mit dem ihre Traumphantasie glanzberauscht schon vorher ge¬
469 2796 1654 2850 wie am Dornenpfühl des andern, um Werden und Vergehen
2920 2792 3388 2858 Die frischen Morgenlüfte
1640 2790 2826 2885 buhlt hat, leibhaftig vor sich hintreten, sie zu begehren. Nicht
2925 2830 3382 2898 Und preise dieses Leuchte
474 2836 1433 2905 mit dem bunten Spiel schöner Reden zu begleiten.
1647 2845 2811 2913 als Geliebte, nur als Gattin will sie dem Herzog in den
2926 2872 3379 2942 Als wär er mir allein so
571 2866 1641 2938 Der „Schleier der Beatrice“ erinnert seiner Idee nach
1654 2893 2811 2955 Palast folgen. Bentivoglio willigt ein: wozu unter den
2925 2906 3367 2966 Das Leben ist die
480 2912 1654 2984 stark an die „Letzten Masken“ in dem Einakterzyklus
1658 2935 2807 2988 Schatten des Todes noch nach Geburt und Stand fragen!
2924 2944 3374 3016 Und noch der näch
473 2961 1643 3025 „Lebendige Stunden“. Hier wie dort zieht das Bewußt¬
1646 2969 2020 3034 So wird Beatrice
2051 2978 2806 3039 alles trägt sich in weniger denn zwei
2889 2992 3371 3054 Nur wenn es Schnitzler
470 3021 3379 3103 sein des nahen Todes den Menschan das Visier vom Tagen zu, — indes die Leiche des freiwillig in den Tod ge= zwingendes Gemälde der S
