3484 4352
1958 250 2424 344 box 20/3
307 264 1814 354 14. Der schleien der atrige
1491 1067 2000 1167 Notizen und Besprechungen.
1031 1069 1166 1169 170
1550 1170 1906 1263 Maxim Gorki.
1158 1235 2337 1308 Verlorene Leute. — Der Pilger. — Das Ehepaar Orlow.*)
1132 1311 2436 1373 Im Osten ist ein Stern aufgegangen, dessen Leuchtkraft in diesen
1033 1369 2447 1438 Tagen bewundert wird, in der literarischen Welt von Berlin bis Paris.
1123 1420 1777 1486 Rußland ist ein poetisches Land.
1122 1466 2441 1535 Aber die Despotie, Sibirien, die „administrativen Wege“, die Anarchie,
1037 1525 2444 1581 der Meuchelmord, die Peter=Pauls=Feste, die Knute, das Bauernelend, der
1040 1575 2438 1626 Aberglaube, die Hungersnoth? Und Rußland ist dennoch ein poetisches Land.
1126 1629 2443 1700 Kann denn die Poesie wirklich nur mit der „Freiheit“ gedeihen?
1030 1675 2439 1748 Ist die Poesie nicht am meisten poetisch, wo sie aus der Sehnsucht stammt?
1034 1741 2448 1812 Und wo kann die Sehnsucht größer sein, wo kann sie aus tieferer Quelle
1038 1797 2446 1863 zu stärkerem Strome anschwellen, als dort, wo alle Bedingungen eines
1044 1861 2440 1923 Lebens, das wir Westlichen erst lebenswerth zu nennen pflegen, wenn nicht
1044 1908 2441 1969 fehlen, so doch kaum erst im Keim entwickelt sind? Daß aber auch dort,
1039 1952 2444 2023 auf tiefunterstem Grunde, die Menschen leben, ein Leben mit seinen eigenen
1033 1999 2449 2064 Gesetzen und besonderen Bedingungen, ist das nicht ein Sieg des Lebens
1044 2068 2445 2125 an sich? Und ist solcher Lebenssieg nicht wie ein Schauspiel, das ergreift
1039 2123 2443 2192 und erhebt? Ist solches Leben nicht Poesie? Und wenn Maxim Gorki
1034 2188 2384 2248 solches Leben schildert, ist er dann nicht in Wahrheit ein großer Poet?
1129 2272 2437 2363 Aus tiefunterstem Grunde ist Maxim Gorki emporgetaucht, aus einem
1034 2343 2429 2419 Sumpf, und ist doch kein Irrlicht, sondern ein Stern geworden. Pjeskow
1042 2407 2432 2465 heißt er eigentlich, und weiß nicht, wann er geboren ist, 1868 oder 1869.
1045 2443 2442 2512 Auch seinen Vater kennen zu lernen, wäre er nie in der Lage gewesen.
1030 2516 2438 2578 Die ihn aber geboren hat, starb früh. Der Knabe lernte in der Schusterei,
1040 2560 2428 2622 Malerei, Gärtnerei, Bäckerei, war als Schiffskoch thätig, als Advolaten¬
1038 2616 2437 2683 schreiber, Straßenverkäufer. Der Knabe war also wohl, was man so im
1044 2664 2430 2731 bürgerlichen Leben einen Taugenichts nennt. Der Jüngling, ein Zwanzig¬
1040 2716 2433 2787 jähriger, schoß sich eine Kugel gegen den Kopf, die aber ihren Zweck nicht
1042 2787 2431 2843 erfüllte. Nachdem die ziellose Kugel ihm entgangen war, begab er sich
1037 2832 2443 2890 auf die ziellose Wanderschaft, Jahre lang, durch's große Rußland krenz
1039 2879 2440 2951 und quer, als „armer Reisender“, als einer von den Entgleisten, von den
1047 2939 2431 3008 „verlorenen Leuten“. Dieser A. M. Pjeskow, der sich unter das
1037 2997 2447 3059 schmutzigste, niedrigste Diebs= und Raubgesindel mischt, ist entschieden kein
1028 3068 2436 3117 Mann von Reputation. Wie groß aber muß die Kraft dieser Seele sein,
1039 3108 2442 3176 was muß diese Seele gelitten, wie muß sie gerungen haben, diese
1032 3152 2434 3218 Dichterseele, die nun von tiefer Nacht zur Höhe des Lichts und des
1040 3221 2428 3282 Ruhmes emporgetaucht ist? „Gorki“ nennt sich der Dichter, der „Bittere“
1030 3266 2436 3333 Maxim Gorki als einer, der trotz aller Bitterniß zum Größten gestrebt
1035 3320 2440 3378 hat, ein aus der Finsterniß geborenes Sonnenkind, das mit hellen, warmen
1045 3374 2433 3451 Sonnenaugen die Verlorenen in den Spelunken geschaut hat, nicht um
1139 3441 1772 3525 *) Deutsch — vorzüglich übertragen
1804 3444 2452 3542 von A. Scholz, im Verlag von
1141 3502 1769 3575 Bruno und Paul Cassirer, Berlin.
