<?xml version="1.0" encoding="UTF-8" standalone="yes"?>
<PcGts xmlns="http://schema.primaresearch.org/PAGE/gts/pagecontent/2013-07-15" xmlns:xsi="http://www.w3.org/2001/XMLSchema-instance" xsi:schemaLocation="http://schema.primaresearch.org/PAGE/gts/pagecontent/2013-07-15 http://schema.primaresearch.org/PAGE/gts/pagecontent/2013-07-15/pagecontent.xsd">
    <Metadata>
        <Creator>prov=University of Rostock/Institute of Mathematics/CITlab/Gundram Leifert/gundram.leifert@uni-rostock.de:name=ONB_Newseye_GT_M1+(htr_id=10810)::::v=2.4.2
prov=University of Rostock/Institute of Mathematics/CITlab/Tobias Gruening/tobias.gruening@uni-rostock.de:name=de.uros.citlab.module.baseline2polygon.B2PSeamMultiOriented:v=2.4.2
prov=University of Rostock/Institute of Mathematics/CITlab/Tobias Gruening/tobias.gruening@uni-rostock.de:name=/mnt/transkribus/LA/DEA/URO/LA_news_onb_att.pb:de.uros.citlab.segmentation.CITlab_LA_ML:v=2.4.2
Transkribus</Creator>
        <Created>2019-10-07T11:36:45.529+02:00</Created>
        <LastChange>2019-10-08T09:41:13.206+02:00</LastChange>
        <TranskribusMetadata docId="223979" pageId="9501016" pageNr="124" tsid="16510586" status="IN_PROGRESS" userId="40391" imgUrl="https://files.transkribus.eu/Get?id=ESYHQTTMVCLCDHYEMXJDTOVN&amp;fileType=view" xmlUrl="https://files.transkribus.eu/Get?id=PXUAMZNILDXVJDDBXNFGXYLF" imageId="6191238"/>
    </Metadata>
    <Page imageFilename="223979_0124.jpeg" imageWidth="3248" imageHeight="4256">
        <ReadingOrder>
            <OrderedGroup id="ro_1711449006524" caption="Regions reading order">
                <RegionRefIndexed index="0" regionRef="r1"/>
            </OrderedGroup>
        </ReadingOrder>
        <TextRegion orientation="0.0" id="r1" custom="readingOrder {index:0;}">
            <Coords points="188,222 188,3409 3246,3409 3246,222"/>
            <TextLine id="r1l1" custom="readingOrder {index:0;}">
                <Coords points="1975,264 2119,288 2191,265 2256,288 2347,273 2407,289 2408,205 2373,213 2351,197 2335,213 2256,216 2226,197 2146,216 2119,201 2093,219 2044,196 1975,196"/>
                <Baseline points="1995,259 2021,260 2047,260 2073,261 2100,261 2126,262 2152,263 2178,263 2205,263 2231,263 2257,263 2283,263 2310,263 2336,262 2362,260 2389,258"/>
                <TextEquiv>
                    <Unicode>box 20/1</Unicode>
                </TextEquiv>
            </TextLine>
            <TextLine id="r1l2" custom="readingOrder {index:1;}">
                <Coords points="307,266 1604,309 1835,286 1836,214 308,187"/>
                <Baseline points="328,243 402,249 476,254 551,258 625,261 699,264 774,266 848,268 922,269 997,270 1071,270 1145,270 1220,270 1294,270 1368,270 1443,271 1517,271 1591,272 1666,273 1740,274 1815,276"/>
                <TextEquiv>
                    <Unicode>14. Der Schleien der Beatrice</Unicode>
                </TextEquiv>
            </TextLine>
            <TextLine id="r1l3" custom="readingOrder {index:2;}">
                <Coords points="2119,1222 3098,1224 3261,1215 3261,1166 2119,1180"/>
                <Baseline points="2138,1220 2193,1220 2248,1220 2303,1219 2358,1218 2414,1218 2469,1217 2524,1216 2579,1216 2634,1215 2690,1214 2745,1213 2800,1213 2855,1212 2910,1212 2966,1212 3021,1212 3076,1212 3131,1212 3186,1212 3242,1213"/>
                <TextEquiv>
                    <Unicode>unterschrieben worden. Gibt es aber einen unterschriebenen</Unicode>
                </TextEquiv>
            </TextLine>
            <TextLine id="r1l4" custom="readingOrder {index:3;}">
                <Coords points="945,1247 2121,1220 2120,1175 945,1190"/>
                <Baseline points="963,1233 1019,1233 1076,1233 1133,1233 1190,1232 1247,1232 1304,1231 1361,1231 1418,1230 1475,1229 1532,1229 1588,1228 1645,1227 1702,1226 1759,1225 1816,1224 1873,1223 1930,1222 1987,1221 2044,1220 2101,1220"/>
                <TextEquiv>
                    <Unicode>suchen, welcher Aufwand an Entgegenkommen nöthig war,</Unicode>
                </TextEquiv>
            </TextLine>
            <TextLine id="r1l5" custom="readingOrder {index:4;}">
                <Coords points="2122,1272 2983,1280 3256,1263 3256,1214 2122,1223"/>
                <Baseline points="2142,1265 2196,1264 2251,1263 2306,1263 2361,1262 2415,1262 2470,1262 2525,1262 2580,1262 2634,1262 2689,1263 2744,1263 2799,1263 2853,1263 2908,1262 2963,1262 3018,1261 3072,1260 3127,1259 3182,1257 3237,1255"/>
                <TextEquiv>
                    <Unicode>Revers, dann ist der Director erst recht zu nichts verpflichtet.</Unicode>
                </TextEquiv>
            </TextLine>
            <TextLine id="r1l6" custom="readingOrder {index:5;}">
                <Coords points="957,1286 2110,1284 2109,1227 1999,1221 956,1237"/>
                <Baseline points="974,1278 1029,1278 1085,1278 1141,1278 1197,1278 1253,1278 1309,1277 1365,1276 1421,1276 1477,1275 1533,1274 1588,1273 1644,1272 1700,1271 1756,1269 1812,1269 1868,1267 1924,1266 1980,1264 2036,1263 2092,1262"/>
                <TextEquiv>
                    <Unicode>um die Firma Schönthan &amp; Koppel=Ellfeld für das Burg¬</Unicode>
                </TextEquiv>
            </TextLine>
            <TextLine id="r1l7" custom="readingOrder {index:6;}">
                <Coords points="201,1296 410,1275 429,1291 542,1281 595,1297 597,1164 548,1171 453,1139 403,1169 339,1157 282,1206 202,1201"/>
                <Baseline points="221,1270 246,1271 271,1271 297,1271 322,1272 347,1272 373,1273 398,1273 423,1273 449,1274 474,1274 499,1274 525,1274 550,1274 576,1274"/>
                <TextEquiv>
                    <Unicode>Feuilleton.</Unicode>
                </TextEquiv>
            </TextLine>
            <TextLine id="r1l8" custom="readingOrder {index:7;}">
                <Coords points="2114,1308 3260,1323 3259,1262 3206,1259 2114,1263"/>
                <Baseline points="2135,1306 2190,1307 2245,1307 2300,1307 2356,1307 2411,1307 2466,1307 2521,1306 2577,1306 2632,1306 2687,1305 2742,1305 2798,1304 2853,1304 2908,1303 2963,1302 3019,1302 3074,1301 3129,1301 3184,1300 3240,1300"/>
                <TextEquiv>
                    <Unicode>Er kann sich's noch immer wieder überlegen, immer wieder</Unicode>
                </TextEquiv>
            </TextLine>
            <TextLine id="r1l9" custom="readingOrder {index:8;}">
                <Coords points="947,1325 2115,1325 2114,1261 1212,1293 946,1268"/>
                <Baseline points="967,1322 1023,1324 1079,1325 1136,1326 1192,1326 1249,1326 1305,1325 1362,1324 1418,1323 1475,1321 1531,1320 1587,1318 1644,1317 1700,1315 1757,1313 1813,1312 1870,1310 1926,1309 1983,1309 2039,1308 2096,1308"/>
                <TextEquiv>
                    <Unicode>theater zu gewinnen. Nur die österreichischen Dichter be¬</Unicode>
                </TextEquiv>
            </TextLine>
            <TextLine id="r1l10" custom="readingOrder {index:9;}">
                <Coords points="2118,1371 2175,1378 2213,1355 2418,1375 2452,1355 2471,1370 2554,1373 2554,1323 2497,1324 2458,1302 2360,1319 2303,1308 2117,1318"/>
                <Baseline points="2137,1349 2163,1350 2190,1350 2216,1350 2243,1350 2270,1349 2296,1349 2323,1348 2349,1347 2376,1346 2403,1346 2429,1345 2456,1345 2482,1345 2509,1346 2536,1347"/>
                <TextEquiv>
                    <Unicode>und immer wieder..</Unicode>
                </TextEquiv>
            </TextLine>
            <TextLine id="r1l11" custom="readingOrder {index:10;}">
                <Coords points="955,1378 1770,1389 1933,1368 1933,1323 954,1329"/>
                <Baseline points="973,1362 1020,1363 1067,1364 1114,1364 1161,1365 1208,1365 1255,1365 1302,1365 1349,1364 1396,1364 1443,1363 1490,1363 1537,1362 1584,1361 1631,1360 1678,1359 1725,1359 1772,1357 1819,1357 1866,1355 1913,1354"/>
                <TextEquiv>
                    <Unicode>kommen die ganze Strenge des Gesetzes zu fühlen.</Unicode>
                </TextEquiv>
            </TextLine>
            <TextLine id="r1l12" custom="readingOrder {index:11;}">
                <Coords points="193,1398 352,1403 413,1384 447,1399 488,1375 523,1402 545,1386 656,1404 701,1381 724,1396 746,1392 746,1312 378,1320 363,1335 192,1318"/>
                <Baseline points="210,1375 235,1377 261,1378 287,1379 313,1380 339,1380 365,1380 391,1380 417,1379 443,1379 469,1379 494,1378 520,1377 546,1377 572,1376 598,1376 624,1375 650,1374 676,1374 702,1374 728,1374"/>
                <TextEquiv>
                    <Unicode>chleier der Beatrice.“</Unicode>
                </TextEquiv>
            </TextLine>
            <TextLine id="r1l13" custom="readingOrder {index:12;}">
                <Coords points="196,1445 492,1436 591,1457 651,1426 682,1448 951,1447 950,1375 195,1396"/>
                <Baseline points="217,1439 252,1439 288,1440 324,1440 359,1440 395,1440 431,1440 466,1439 502,1438 538,1438 574,1437 609,1436 645,1435 681,1434 716,1433 752,1433 788,1431 823,1431 859,1430 895,1429 931,1429"/>
                <TextEquiv>
                    <Unicode>ist sehr nobel und hat allen Vortheil</Unicode>
                </TextEquiv>
            </TextLine>
            <TextLine id="r1l14" custom="readingOrder {index:13;}">
                <Coords points="2196,1452 3266,1450 3265,1408 3136,1386 2359,1387 2196,1422"/>
                <Baseline points="2217,1449 2268,1449 2319,1450 2371,1450 2422,1450 2474,1450 2525,1450 2576,1450 2628,1450 2679,1449 2731,1449 2782,1448 2833,1448 2885,1448 2936,1447 2988,1447 3039,1446 3090,1446 3142,1445 3193,1445 3245,1445"/>
                <TextEquiv>
                    <Unicode>Der Sachverhalt ist hinlänglich bekannt. Herrn Doctor</Unicode>
                </TextEquiv>
            </TextLine>
            <TextLine id="r1l15" custom="readingOrder {index:14;}">
                <Coords points="1036,1473 1991,1480 2116,1471 2116,1399 1035,1420"/>
                <Baseline points="1053,1467 1105,1469 1157,1471 1209,1472 1262,1473 1314,1473 1366,1473 1418,1473 1471,1472 1523,1471 1575,1470 1627,1469 1680,1468 1732,1466 1784,1465 1836,1463 1889,1462 1941,1461 1993,1461 2045,1460 2098,1460"/>
                <TextEquiv>
                    <Unicode>Dem Director des Burgtheaters gewährt der famose</Unicode>
                </TextEquiv>
            </TextLine>
            <TextLine id="r1l16" custom="readingOrder {index:15;}">
                <Coords points="188,1491 476,1475 495,1494 582,1466 635,1488 897,1484 954,1475 953,1414 187,1453"/>
                <Baseline points="207,1483 243,1484 279,1484 316,1483 352,1483 389,1483 425,1483 461,1482 498,1482 534,1481 571,1480 607,1480 643,1479 680,1478 716,1477 753,1477 789,1476 825,1475 862,1474 898,1473 935,1473"/>
                <TextEquiv>
                    <Unicode>hem Stück die Ehre hier angenommen</Unicode>
                </TextEquiv>
            </TextLine>
            <TextLine id="r1l17" custom="readingOrder {index:16;}">
                <Coords points="2118,1506 3263,1498 3263,1449 2117,1453"/>
                <Baseline points="2137,1494 2192,1494 2247,1495 2303,1495 2358,1495 2414,1496 2469,1496 2524,1496 2580,1496 2635,1496 2691,1496 2746,1496 2801,1495 2857,1495 2912,1495 2968,1494 3023,1493 3078,1492 3134,1492 3189,1491 3245,1489"/>
                <TextEquiv>
                    <Unicode>Schlenther wird der Vorwurf gemacht, er habe ein Stück</Unicode>
                </TextEquiv>
            </TextLine>
            <TextLine id="r1l18" custom="readingOrder {index:17;}">
                <Coords points="957,1523 2125,1515 2125,1455 956,1466"/>
                <Baseline points="975,1515 1031,1517 1088,1518 1144,1519 1201,1519 1257,1520 1314,1520 1370,1519 1427,1519 1483,1518 1540,1517 1596,1516 1653,1515 1709,1513 1766,1512 1822,1511 1879,1509 1935,1508 1992,1506 2048,1505 2105,1503"/>
                <TextEquiv>
                    <Unicode>Revers noch einige ganz besondere Vortheile. Er kann</Unicode>
                </TextEquiv>
            </TextLine>
            <TextLine id="r1l19" custom="readingOrder {index:18;}">
                <Coords points="194,1540 930,1529 952,1525 951,1457 193,1487"/>
                <Baseline points="213,1529 249,1528 285,1528 321,1528 357,1527 393,1526 429,1526 465,1525 501,1525 537,1524 574,1523 610,1523 646,1522 682,1521 718,1520 754,1520 790,1518 826,1517 862,1517 898,1515 935,1514"/>
                <TextEquiv>
                    <Unicode>ß der glückliche Verfasser einen Revers</Unicode>
                </TextEquiv>
            </TextLine>
            <TextLine id="r1l20" custom="readingOrder {index:19;}">
                <Coords points="2122,1560 3226,1542 3256,1489 2122,1496"/>
                <Baseline points="2143,1542 2197,1541 2252,1540 2306,1540 2361,1539 2416,1539 2470,1539 2525,1539 2580,1539 2634,1539 2689,1539 2744,1539 2798,1539 2853,1539 2908,1539 2962,1538 3017,1537 3072,1536 3126,1534 3181,1532 3236,1530"/>
                <TextEquiv>
                    <Unicode>zuerst angenommen und dann abgelehnt. Herr Dr. Schlenther</Unicode>
                </TextEquiv>
            </TextLine>
            <TextLine id="r1l21" custom="readingOrder {index:20;}">
                <Coords points="956,1571 2037,1571 2120,1554 2119,1486 955,1507"/>
                <Baseline points="975,1560 1031,1561 1087,1562 1143,1563 1200,1564 1256,1564 1312,1564 1369,1564 1425,1563 1481,1562 1538,1561 1594,1560 1650,1559 1706,1558 1763,1557 1819,1555 1875,1553 1932,1551 1988,1549 2044,1547 2101,1545"/>
                <TextEquiv>
                    <Unicode>immerzu Stücke annehmen. Da gibt es Stücke, nach welchen</Unicode>
                </TextEquiv>
            </TextLine>
            <TextLine id="r1l22" custom="readingOrder {index:21;}">
                <Coords points="180,1568 271,1589 954,1580 953,1524 179,1515"/>
                <Baseline points="199,1570 235,1570 272,1569 309,1569 346,1569 383,1569 419,1568 456,1568 493,1567 530,1567 567,1567 603,1566 640,1566 677,1565 714,1564 751,1564 787,1563 824,1562 861,1562 898,1561 935,1560"/>
                <TextEquiv>
                    <Unicode>kurgtheater unterschreibt gar nichts. Mit</Unicode>
                </TextEquiv>
            </TextLine>
            <TextLine id="r1l23" custom="readingOrder {index:22;}">
                <Coords points="2122,1602 3263,1585 3263,1536 2121,1530"/>
                <Baseline points="2142,1583 2197,1583 2252,1583 2307,1583 2362,1583 2417,1583 2472,1582 2528,1582 2583,1582 2638,1581 2693,1581 2748,1581 2803,1580 2858,1579 2914,1579 2969,1578 3024,1577 3079,1577 3134,1576 3189,1575 3245,1574"/>
                <TextEquiv>
                    <Unicode>entgegnet darauf, er habe das Werk „nie angenommen und</Unicode>
                </TextEquiv>
            </TextLine>
            <TextLine id="r1l24" custom="readingOrder {index:23;}">
                <Coords points="955,1610 2074,1603 2115,1595 2115,1545 954,1565"/>
                <Baseline points="973,1607 1029,1607 1085,1607 1141,1607 1197,1607 1254,1607 1310,1607 1366,1607 1422,1607 1478,1606 1535,1606 1591,1605 1647,1604 1703,1603 1759,1602 1816,1601 1872,1599 1928,1597 1984,1595 2040,1592 2097,1589"/>
                <TextEquiv>
                    <Unicode>plötzlich in der Oeffentlichkeit gefragt wird: „Warum ist</Unicode>
                </TextEquiv>
            </TextLine>
            <TextLine id="r1l25" custom="readingOrder {index:24;}">
                <Coords points="189,1624 227,1639 287,1615 371,1644 541,1604 727,1631 769,1600 932,1613 958,1605 958,1567 188,1579"/>
                <Baseline points="206,1617 242,1616 279,1615 316,1615 353,1614 389,1614 426,1614 463,1613 500,1613 536,1613 573,1612 610,1612 647,1612 683,1611 720,1610 757,1610 794,1609 830,1607 867,1606 904,1604 941,1602"/>
                <TextEquiv>
                    <Unicode>ngt die Hofbühne das Recht, das be¬</Unicode>
                </TextEquiv>
            </TextLine>
            <TextLine id="r1l26" custom="readingOrder {index:25;}">
                <Coords points="2126,1649 3263,1635 3263,1586 2125,1592"/>
                <Baseline points="2146,1628 2203,1626 2261,1625 2319,1624 2377,1622 2435,1622 2493,1621 2550,1621 2608,1620 2666,1620 2724,1619 2782,1619 2840,1619 2897,1619 2955,1619 3013,1620 3071,1620 3129,1620 3187,1620 3245,1620"/>
                <TextEquiv>
                    <Unicode>erst abgelehnt“ — er setzt das Wort unter Gänsefüßchen</Unicode>
                </TextEquiv>
            </TextLine>
            <TextLine id="r1l27" custom="readingOrder {index:26;}">
                <Coords points="958,1656 2123,1635 2121,1567 1872,1610 958,1610"/>
                <Baseline points="978,1651 1034,1650 1090,1649 1146,1648 1203,1647 1259,1647 1315,1647 1372,1646 1428,1646 1484,1646 1541,1645 1597,1645 1653,1644 1709,1643 1766,1642 1822,1640 1878,1638 1935,1636 1991,1632 2047,1629 2104,1625"/>
                <TextEquiv>
                    <Unicode>dieses begabte, jenes bedeutende Werk nicht im Burgtheater?“</Unicode>
                </TextEquiv>
            </TextLine>
            <TextLine id="r1l28" custom="readingOrder {index:27;}">
                <Coords points="196,1666 959,1654 958,1605 757,1593 484,1631 196,1632"/>
                <Baseline points="217,1661 253,1660 289,1659 325,1659 361,1658 398,1658 434,1657 470,1657 506,1656 542,1656 579,1655 615,1655 651,1654 687,1654 723,1653 760,1652 796,1652 832,1651 868,1650 904,1650 941,1649"/>
                <TextEquiv>
                    <Unicode>zweier Jahre aufzuführen. Wird das</Unicode>
                </TextEquiv>
            </TextLine>
            <TextLine id="r1l29" custom="readingOrder {index:28;}">
                <Coords points="2176,1679 3265,1671 3264,1630 3219,1623 2176,1638"/>
                <Baseline points="2197,1675 2249,1673 2301,1672 2354,1670 2406,1669 2459,1668 2511,1668 2563,1667 2616,1667 2668,1667 2721,1666 2773,1666 2825,1666 2878,1666 2930,1665 2983,1665 3035,1664 3087,1663 3140,1662 3192,1661 3245,1659"/>
                <TextEquiv>
                    <Unicode> „als ihn Arthur Schnitzler vor eine unerfüllbare Be¬</Unicode>
                </TextEquiv>
            </TextLine>
            <TextLine id="r1l30" custom="readingOrder {index:29;}">
                <Coords points="951,1698 2040,1692 2119,1675 2119,1645 951,1656"/>
                <Baseline points="970,1696 1026,1694 1083,1692 1139,1691 1196,1691 1253,1690 1309,1690 1366,1690 1422,1689 1479,1689 1536,1689 1592,1689 1649,1689 1705,1688 1762,1687 1819,1686 1875,1684 1932,1683 1988,1680 2045,1677 2102,1674"/>
                <TextEquiv>
                    <Unicode>Der Director kann geschwind erwidern: „O, bitte, das aus¬</Unicode>
                </TextEquiv>
            </TextLine>
            <TextLine id="r1l31" custom="readingOrder {index:30;}">
                <Coords points="190,1719 968,1701 967,1641 944,1637 641,1672 190,1666"/>
                <Baseline points="209,1703 245,1703 282,1703 319,1703 356,1703 393,1702 430,1702 467,1701 504,1701 541,1700 578,1699 614,1699 651,1698 688,1697 725,1697 762,1696 799,1696 836,1696 873,1695 910,1695 947,1695"/>
                <TextEquiv>
                    <Unicode>er Zeit nicht gespielt, dann darf der</Unicode>
                </TextEquiv>
            </TextLine>
            <TextLine id="r1l32" custom="readingOrder {index:31;}">
                <Coords points="2124,1733 2416,1696 2473,1730 3205,1720 3254,1715 3254,1658 2124,1672"/>
                <Baseline points="2142,1715 2196,1714 2251,1713 2306,1712 2360,1711 2415,1711 2470,1710 2524,1710 2579,1709 2634,1709 2689,1708 2743,1708 2798,1707 2853,1707 2907,1707 2962,1706 3017,1706 3071,1705 3126,1705 3181,1705 3236,1704"/>
                <TextEquiv>
                    <Unicode>dingung stellte“. Wie lautet doch die bekannte Verantwortung?</Unicode>
                </TextEquiv>
            </TextLine>
            <TextLine id="r1l33" custom="readingOrder {index:32;}">
                <Coords points="952,1744 1707,1750 2116,1708 2115,1674 951,1698"/>
                <Baseline points="969,1745 1025,1741 1081,1739 1138,1736 1194,1735 1251,1734 1307,1733 1364,1732 1420,1732 1477,1731 1533,1731 1589,1731 1646,1731 1702,1730 1759,1730 1815,1728 1872,1727 1928,1725 1985,1723 2041,1719 2098,1715"/>
                <TextEquiv>
                    <Unicode>gezeichnete Werk ist bereits seit längerer Zeit angenommen!“</Unicode>
                </TextEquiv>
            </TextLine>
            <TextLine id="r1l34" custom="readingOrder {index:33;}">
                <Coords points="210,1756 809,1749 835,1730 896,1752 960,1739 960,1697 209,1711"/>
                <Baseline points="227,1747 262,1747 298,1747 333,1747 369,1747 405,1746 440,1745 476,1745 512,1744 547,1743 583,1742 619,1741 654,1740 690,1740 726,1739 761,1738 797,1738 833,1737 868,1737 904,1737 940,1738"/>
                <TextEquiv>
                    <Unicode>dazu hat, noch länger warten. Be¬</Unicode>
                </TextEquiv>
            </TextLine>
            <TextLine id="r1l35" custom="readingOrder {index:34;}">
                <Coords points="2129,1771 3084,1742 3172,1768 3266,1759 3266,1710 2470,1697 2128,1730"/>
                <Baseline points="2147,1758 2204,1757 2262,1757 2320,1756 2378,1756 2436,1756 2494,1755 2551,1755 2609,1755 2667,1754 2725,1754 2783,1753 2841,1753 2898,1753 2956,1752 3014,1752 3072,1751 3130,1751 3188,1750 3246,1749"/>
                <TextEquiv>
                    <Unicode>„Erstens hab' ich mir den Krug nicht ausgeborgt; zweiten</Unicode>
                </TextEquiv>
            </TextLine>
            <TextLine id="r1l36" custom="readingOrder {index:35;}">
                <Coords points="952,1784 2018,1787 2116,1770 2116,1709 1706,1750 952,1746"/>
                <Baseline points="972,1785 1028,1783 1084,1782 1141,1781 1197,1781 1253,1780 1310,1780 1366,1779 1422,1779 1479,1778 1535,1778 1591,1777 1648,1776 1704,1776 1760,1775 1817,1774 1873,1772 1929,1771 1986,1768 2042,1766 2099,1763"/>
                <TextEquiv>
                    <Unicode>Da gibt es Stücke, die im Ausland ganz unvermutheter</Unicode>
                </TextEquiv>
            </TextLine>
            <TextLine id="r1l37" custom="readingOrder {index:36;}">
                <Coords points="178,1807 341,1786 360,1805 960,1793 959,1740 834,1730 622,1756 178,1754"/>
                <Baseline points="197,1790 234,1790 271,1789 308,1789 345,1789 383,1788 420,1787 457,1786 494,1786 531,1785 569,1784 606,1783 643,1783 680,1782 717,1782 755,1782 792,1781 829,1782 866,1782 903,1783 941,1784"/>
                <TextEquiv>
                    <Unicode>darüber gibt es nicht. Er darf aber auch</Unicode>
                </TextEquiv>
            </TextLine>
            <TextLine id="r1l38" custom="readingOrder {index:37;}">
                <Coords points="2120,1815 3265,1807 3265,1754 3102,1736 2753,1769 2120,1754"/>
                <Baseline points="2139,1802 2194,1802 2249,1801 2304,1800 2360,1800 2415,1799 2470,1799 2526,1798 2581,1798 2636,1797 2692,1797 2747,1797 2802,1796 2857,1796 2913,1796 2968,1796 3023,1795 3079,1795 3134,1795 3189,1796 3245,1796"/>
                <TextEquiv>
                    <Unicode>war er schon zerbrochen, wie ich ihn gekriegt habe, und</Unicode>
                </TextEquiv>
            </TextLine>
            <TextLine id="r1l39" custom="readingOrder {index:38;}">
                <Coords points="955,1834 2108,1833 2123,1772 955,1788"/>
                <Baseline points="974,1827 1030,1826 1086,1825 1143,1824 1199,1823 1256,1822 1312,1821 1369,1821 1425,1820 1482,1819 1538,1819 1594,1818 1651,1817 1707,1817 1764,1816 1820,1815 1877,1814 1933,1813 1990,1812 2046,1811 2103,1809"/>
                <TextEquiv>
                    <Unicode>Weise einen großen Erfelg erringen. Allgemeines Erstaunen:</Unicode>
                </TextEquiv>
            </TextLine>
            <TextLine id="r1l40" custom="readingOrder {index:39;}">
                <Coords points="187,1861 274,1837 835,1832 858,1851 956,1835 956,1793 186,1785"/>
                <Baseline points="207,1835 243,1834 280,1833 316,1832 353,1831 389,1831 426,1830 462,1829 499,1829 535,1828 572,1828 608,1828 645,1828 681,1828 718,1828 754,1827 791,1828 827,1828 864,1828 900,1828 937,1828"/>
                <TextEquiv>
                    <Unicode>dem Archiv zurückverlangen, darf das Buch</Unicode>
                </TextEquiv>
            </TextLine>
            <TextLine id="r1l41" custom="readingOrder {index:40;}">
                <Coords points="2126,1854 2893,1859 2987,1832 2987,1783 2669,1816 2126,1793"/>
                <Baseline points="2147,1844 2188,1843 2229,1843 2270,1843 2311,1843 2352,1843 2393,1843 2434,1843 2475,1843 2516,1843 2557,1843 2598,1843 2639,1843 2680,1843 2721,1842 2762,1841 2803,1841 2844,1839 2885,1838 2926,1836 2967,1834"/>
                <TextEquiv>
                    <Unicode>drittens hab' ich ihn ganz zurückgegeben“?</Unicode>
                </TextEquiv>
            </TextLine>
            <TextLine id="r1l42" custom="readingOrder {index:41;}">
                <Coords points="963,1877 2078,1868 2131,1821 963,1832"/>
                <Baseline points="982,1869 1038,1868 1094,1867 1151,1867 1207,1866 1264,1865 1320,1865 1377,1864 1433,1864 1490,1863 1546,1863 1602,1862 1659,1862 1715,1861 1772,1860 1828,1860 1885,1859 1941,1857 1998,1856 2054,1855 2111,1853"/>
                <TextEquiv>
                    <Unicode>Warum bleibt Wien zurück? Der Director gibt bekannt, das</Unicode>
                </TextEquiv>
            </TextLine>
            <TextLine id="r1l43" custom="readingOrder {index:42;}">
                <Coords points="187,1882 965,1878 964,1822 187,1856"/>
                <Baseline points="207,1881 243,1880 280,1879 317,1877 354,1876 391,1875 428,1874 465,1874 502,1873 539,1872 576,1872 612,1872 649,1871 686,1871 723,1871 760,1870 797,1870 834,1870 871,1870 908,1869 945,1869"/>
                <TextEquiv>
                    <Unicode>und in die frische Luft bringen; er</Unicode>
                </TextEquiv>
            </TextLine>
            <TextLine id="r1l44" custom="readingOrder {index:43;}">
                <Coords points="2127,1899 3110,1903 3265,1884 3265,1823 2127,1850"/>
                <Baseline points="2145,1887 2200,1887 2255,1887 2310,1886 2365,1886 2420,1886 2475,1885 2530,1885 2585,1885 2640,1884 2695,1884 2750,1884 2805,1884 2860,1884 2915,1883 2970,1883 3025,1883 3080,1883 3135,1883 3190,1884 3245,1884"/>
                <TextEquiv>
                    <Unicode>Director Schlenther hat das Stück erst abgelehnt, als der</Unicode>
                </TextEquiv>
            </TextLine>
            <TextLine id="r1l45" custom="readingOrder {index:44;}">
                <Coords points="960,1919 2121,1916 2120,1855 2082,1852 960,1873"/>
                <Baseline points="979,1911 1035,1910 1091,1910 1147,1910 1203,1909 1260,1909 1316,1908 1372,1908 1428,1907 1484,1907 1541,1906 1597,1906 1653,1905 1709,1904 1765,1903 1822,1902 1878,1901 1934,1900 1990,1899 2046,1898 2103,1896"/>
                <TextEquiv>
                    <Unicode>Stück sei bereits vor Jahren zur Aufführung erworben,</Unicode>
                </TextEquiv>
            </TextLine>
            <TextLine id="r1l46" custom="readingOrder {index:45;}">
                <Coords points="181,1944 765,1914 871,1936 958,1924 958,1878 180,1887"/>
                <Baseline points="198,1925 235,1923 272,1921 309,1920 346,1919 383,1919 420,1919 458,1918 495,1918 532,1919 569,1919 606,1919 643,1919 680,1919 718,1919 755,1919 792,1918 829,1918 866,1917 903,1915 941,1913"/>
                <TextEquiv>
                    <Unicode>ahre als verloren ansehen und sich zum</Unicode>
                </TextEquiv>
            </TextLine>
            <TextLine id="r1l47" custom="readingOrder {index:46;}">
                <Coords points="2132,1940 3262,1935 3262,1886 3194,1879 2132,1880"/>
                <Baseline points="2150,1934 2204,1933 2259,1932 2314,1931 2369,1931 2423,1930 2478,1930 2533,1929 2588,1929 2642,1929 2697,1928 2752,1928 2807,1928 2861,1928 2916,1928 2971,1928 3026,1928 3080,1928 3135,1928 3190,1929 3245,1929"/>
                <TextEquiv>
                    <Unicode>Verfasser die „unerfüllbare Bedingung“ stellte, endlich</Unicode>
                </TextEquiv>
            </TextLine>
            <TextLine id="r1l48" custom="readingOrder {index:47;}">
                <Coords points="949,1959 2129,1954 2101,1882 949,1910"/>
                <Baseline points="969,1958 1026,1957 1083,1957 1140,1956 1197,1955 1254,1954 1311,1954 1368,1953 1425,1953 1482,1952 1540,1951 1597,1951 1654,1950 1711,1949 1768,1948 1825,1947 1882,1946 1939,1945 1996,1944 2053,1942 2111,1940"/>
                <TextEquiv>
                    <Unicode>und ertheilt Auftrag, das Manuscript aus dem Archiv</Unicode>
                </TextEquiv>
            </TextLine>
            <TextLine id="r1l49" custom="readingOrder {index:48;}">
                <Coords points="191,1970 874,1978 968,1955 968,1902 619,1935 191,1929"/>
                <Baseline points="209,1966 247,1966 286,1966 325,1966 364,1965 403,1965 442,1965 481,1964 520,1964 559,1963 597,1963 636,1962 675,1962 714,1961 753,1961 792,1960 831,1960 870,1960 909,1960 948,1960"/>
                <TextEquiv>
                    <Unicode>anderen Worten, das Burgtheater sagt</Unicode>
                </TextEquiv>
            </TextLine>
            <TextLine id="r1l50" custom="readingOrder {index:49;}">
                <Coords points="2122,1980 3253,1976 3252,1934 3184,1927 2122,1931"/>
                <Baseline points="2141,1978 2195,1977 2250,1976 2305,1976 2359,1975 2414,1974 2469,1974 2523,1973 2578,1973 2633,1973 2688,1973 2742,1972 2797,1972 2852,1972 2906,1972 2961,1971 3016,1971 3070,1971 3125,1970 3180,1969 3235,1969"/>
                <TextEquiv>
                    <Unicode>Klarheit über das Schicksal seines Werkes zu erhalten. Ohn</Unicode>
                </TextEquiv>
            </TextLine>
            <TextLine id="r1l51" custom="readingOrder {index:50;}">
                <Coords points="963,2003 2124,2008 2123,1955 1971,1939 963,1965"/>
                <Baseline points="981,2006 1037,2004 1093,2002 1149,2001 1205,1999 1261,1998 1317,1997 1373,1996 1429,1996 1485,1995 1542,1995 1598,1994 1654,1994 1710,1993 1766,1993 1822,1992 1878,1991 1934,1990 1990,1988 2046,1986 2103,1984"/>
                <TextEquiv>
                    <Unicode>zu exhumiren. Da gibt es Stücke von jungen Talenten,</Unicode>
                </TextEquiv>
            </TextLine>
            <TextLine id="r1l52" custom="readingOrder {index:51;}">
                <Coords points="184,2016 954,2019 953,1973 919,1962 183,1960"/>
                <Baseline points="203,2009 239,2009 276,2009 312,2009 349,2009 386,2009 422,2009 459,2008 495,2008 532,2008 569,2008 605,2007 642,2007 678,2007 715,2006 752,2006 788,2006 825,2006 861,2005 898,2005 935,2005"/>
                <TextEquiv>
                    <Unicode>Chriftsteller: Wenn Du willst, daß ich</Unicode>
                </TextEquiv>
            </TextLine>
            <TextLine id="r1l53" custom="readingOrder {index:52;}">
                <Coords points="2120,2036 3167,2027 3265,2014 3265,1973 2119,1979"/>
                <Baseline points="2137,2021 2192,2021 2247,2021 2303,2021 2358,2021 2414,2020 2469,2020 2525,2019 2580,2018 2636,2018 2691,2017 2746,2017 2802,2016 2857,2015 2913,2015 2968,2014 3024,2014 3079,2013 3135,2013 3190,2013 3246,2013"/>
                <TextEquiv>
                    <Unicode>diese Bedingung wäre das Stück bis heute nicht „abgelehnt“</Unicode>
                </TextEquiv>
            </TextLine>
            <TextLine id="r1l54" custom="readingOrder {index:53;}">
                <Coords points="961,2052 2125,2039 2124,1997 1847,1977 1328,2014 960,1995"/>
                <Baseline points="979,2045 1035,2044 1091,2043 1147,2042 1204,2041 1260,2041 1316,2040 1373,2040 1429,2040 1485,2040 1542,2039 1598,2039 1654,2039 1710,2038 1767,2037 1823,2036 1879,2035 1936,2034 1992,2032 2048,2030 2105,2028"/>
                <TextEquiv>
                    <Unicode>die man annimmt, um nicht ein Odium auf sich zu laden.</Unicode>
                </TextEquiv>
            </TextLine>
            <TextLine id="r1l55" custom="readingOrder {index:54;}">
                <Coords points="186,2066 956,2056 956,2010 884,2003 455,2022 410,1992 360,2023 186,1997"/>
                <Baseline points="206,2054 242,2054 279,2053 315,2053 352,2053 389,2052 425,2052 462,2052 498,2051 535,2051 572,2051 608,2050 645,2050 681,2050 718,2050 755,2049 791,2049 828,2049 864,2049 901,2049 938,2049"/>
                <TextEquiv>
                    <Unicode>nußt Du Dir Alles gefallen lassen. Ich</Unicode>
                </TextEquiv>
            </TextLine>
            <TextLine id="r1l56" custom="readingOrder {index:55;}">
                <Coords points="2121,2077 3267,2072 3266,2015 3061,1997 3008,2028 2121,2028"/>
                <Baseline points="2142,2069 2197,2068 2252,2066 2307,2065 2362,2064 2418,2063 2473,2062 2528,2062 2583,2061 2638,2061 2694,2060 2749,2060 2804,2059 2859,2059 2914,2059 2970,2059 3025,2059 3080,2059 3135,2059 3190,2060 3246,2060"/>
                <TextEquiv>
                    <Unicode>worden. Ohne diesen Wunsch nach Klarheit wüßte der Ver</Unicode>
                </TextEquiv>
            </TextLine>
            <TextLine id="r1l57" custom="readingOrder {index:56;}">
                <Coords points="962,2097 2130,2087 2129,2038 961,2052"/>
                <Baseline points="979,2087 1035,2086 1092,2086 1148,2086 1205,2086 1261,2085 1318,2085 1374,2085 1431,2084 1487,2084 1544,2083 1600,2082 1657,2082 1713,2081 1770,2080 1826,2079 1883,2078 1939,2076 1996,2075 2052,2074 2109,2073"/>
                <TextEquiv>
                    <Unicode>Wird aus diesen Talenten, ohne Hilfe des Burgtheaters,</Unicode>
                </TextEquiv>
            </TextLine>
            <TextLine id="r1l58" custom="readingOrder {index:57;}">
                <Coords points="175,2100 297,2118 850,2083 930,2102 960,2094 960,2037 767,2065 175,2054"/>
                <Baseline points="194,2098 231,2097 268,2096 306,2095 343,2095 381,2094 418,2094 455,2094 493,2094 530,2094 568,2094 605,2094 642,2094 680,2094 717,2094 755,2093 792,2093 829,2092 867,2091 904,2090 942,2088"/>
                <TextEquiv>
                    <Unicode>en, Du gar keine. Denn ich bin das</Unicode>
                </TextEquiv>
            </TextLine>
            <TextLine id="r1l59" custom="readingOrder {index:58;}">
                <Coords points="2134,2121 3196,2116 3264,2108 3264,2066 2134,2072"/>
                <Baseline points="2153,2113 2207,2112 2262,2110 2316,2110 2371,2109 2426,2108 2480,2107 2535,2107 2590,2106 2644,2106 2699,2105 2754,2105 2808,2104 2863,2104 2918,2103 2972,2103 3027,2102 3082,2101 3136,2100 3191,2099 3246,2097"/>
                <TextEquiv>
                    <Unicode>fasser bis heute noch nicht, woran er eigentlich ist. Her</Unicode>
                </TextEquiv>
            </TextLine>
            <TextLine id="r1l60" custom="readingOrder {index:59;}">
                <Coords points="959,2152 2104,2133 2134,2075 958,2096"/>
                <Baseline points="977,2132 1036,2132 1096,2132 1156,2132 1216,2132 1276,2131 1336,2131 1396,2130 1456,2129 1516,2128 1576,2127 1636,2126 1696,2125 1756,2124 1816,2122 1876,2121 1936,2121 1996,2120 2056,2119 2116,2119"/>
                <TextEquiv>
                    <Unicode>etwas, dann hat das Burgtheater doch das Verdienst der</Unicode>
                </TextEquiv>
            </TextLine>
            <TextLine id="r1l61" custom="readingOrder {index:60;}">
                <Coords points="178,2160 671,2132 853,2153 963,2140 963,2080 773,2104 178,2103"/>
                <Baseline points="197,2143 234,2142 271,2141 308,2141 346,2140 383,2140 420,2140 458,2139 495,2139 532,2139 570,2139 607,2139 644,2139 681,2138 719,2138 756,2138 793,2137 831,2136 868,2135 905,2133 943,2131"/>
                <TextEquiv>
                    <Unicode>eater, und Du bist nur ein sündiger</Unicode>
                </TextEquiv>
            </TextLine>
            <TextLine id="r1l62" custom="readingOrder {index:61;}">
                <Coords points="2129,2165 3017,2171 3267,2152 3266,2099 2128,2116"/>
                <Baseline points="2146,2156 2201,2155 2256,2155 2311,2154 2366,2153 2421,2152 2476,2152 2531,2151 2586,2150 2641,2150 2696,2149 2751,2148 2806,2147 2861,2147 2916,2146 2971,2145 3026,2144 3081,2143 3136,2142 3191,2140 3246,2139"/>
                <TextEquiv>
                    <Unicode>Director Schlenther spricht trotzdem von „künstlerischen</Unicode>
                </TextEquiv>
            </TextLine>
            <TextLine id="r1l63" custom="readingOrder {index:62;}">
                <Coords points="972,2182 2133,2173 2132,2119 2087,2116 972,2144"/>
                <Baseline points="990,2179 1046,2177 1102,2176 1158,2175 1214,2174 1270,2173 1326,2172 1382,2171 1438,2170 1494,2170 1551,2169 1607,2168 1663,2168 1719,2167 1775,2166 1831,2165 1887,2165 1943,2164 1999,2163 2055,2162 2112,2160"/>
                <TextEquiv>
                    <Unicode>ersten Aufmunterung, wenn auch nicht das der ersten Auf¬</Unicode>
                </TextEquiv>
            </TextLine>
            <TextLine id="r1l64" custom="readingOrder {index:63;}">
                <Coords points="188,2188 279,2207 506,2183 901,2194 969,2186 969,2140 187,2142"/>
                <Baseline points="205,2181 242,2182 279,2182 316,2182 353,2182 390,2182 427,2182 465,2182 502,2182 539,2182 576,2182 613,2182 650,2182 687,2182 725,2182 762,2181 799,2181 836,2181 873,2180 910,2180 948,2179"/>
                <TextEquiv>
                    <Unicode>Dich nicht, aber Du brauchst mich. Ich</Unicode>
                </TextEquiv>
            </TextLine>
            <TextLine id="r1l65" custom="readingOrder {index:64;}">
                <Coords points="3013,2193 3039,2193 3054,2208 3077,2204 3100,2220 3123,2208 3164,2220 3187,2205 3210,2220 3221,2212 3255,2216 3256,2156 3187,2148 3168,2159 3130,2144 3115,2155 3051,2147 3013,2159"/>
                <Baseline points="3033,2190 3058,2190 3084,2191 3109,2191 3135,2192 3160,2193 3186,2192 3211,2191 3237,2188"/>
                <TextEquiv>
                    <Unicode>Es scheiner</Unicode>
                </TextEquiv>
            </TextLine>
            <TextLine id="r1l66" custom="readingOrder {index:65;}">
                <Coords points="2133,2207 3016,2204 3039,2158 2132,2157"/>
                <Baseline points="2151,2199 2194,2198 2237,2198 2281,2198 2324,2198 2368,2197 2411,2197 2454,2197 2498,2197 2541,2197 2585,2197 2628,2197 2671,2196 2715,2196 2758,2195 2802,2195 2845,2194 2888,2194 2932,2193 2975,2192 3019,2190"/>
                <TextEquiv>
                    <Unicode>Gründen, die ihn zu der Ablehnung zwangen.</Unicode>
                </TextEquiv>
            </TextLine>
            <TextLine id="r1l67" custom="readingOrder {index:66;}">
                <Coords points="971,2229 2120,2225 2135,2175 970,2183"/>
                <Baseline points="989,2225 1045,2224 1101,2222 1158,2221 1214,2220 1270,2219 1327,2217 1383,2216 1439,2215 1496,2214 1552,2213 1608,2212 1665,2211 1721,2211 1777,2210 1834,2209 1890,2208 1946,2208 2003,2207 2059,2206 2116,2206"/>
                <TextEquiv>
                    <Unicode>führung. Wird nichts aus diesen Talenten, dann wächst eben</Unicode>
                </TextEquiv>
            </TextLine>
            <TextLine id="r1l68" custom="readingOrder {index:67;}">
                <Coords points="176,2254 380,2227 968,2236 967,2179 945,2176 175,2189"/>
                <Baseline points="193,2229 230,2231 268,2231 306,2232 344,2231 382,2231 420,2230 457,2230 495,2228 533,2228 571,2226 609,2225 647,2224 685,2223 722,2222 760,2221 798,2221 836,2221 874,2221 912,2222 950,2223"/>
                <TextEquiv>
                    <Unicode>ade, Du mir keine. Das Burgtheater</Unicode>
                </TextEquiv>
            </TextLine>
            <TextLine id="r1l69" custom="readingOrder {index:68;}">
                <Coords points="2122,2251 3025,2261 3024,2197 2236,2213 2122,2191"/>
                <Baseline points="2142,2242 2185,2242 2228,2241 2271,2241 2314,2241 2358,2241 2401,2241 2444,2241 2487,2241 2530,2241 2574,2241 2617,2241 2660,2240 2703,2240 2746,2240 2790,2239 2833,2239 2876,2238 2919,2237 2962,2236 3006,2235"/>
                <TextEquiv>
                    <Unicode>aber doch eher künstliche Gründe zu sein.</Unicode>
                </TextEquiv>
            </TextLine>
            <TextLine id="r1l70" custom="readingOrder {index:69;}">
                <Coords points="963,2264 2089,2264 2123,2260 2122,2207 962,2230"/>
                <Baseline points="982,2271 1038,2268 1094,2266 1150,2264 1206,2263 1262,2261 1318,2260 1375,2259 1431,2257 1487,2256 1543,2256 1599,2255 1655,2254 1711,2254 1768,2253 1824,2253 1880,2252 1936,2252 1992,2251 2048,2251 2105,2250"/>
                <TextEquiv>
                    <Unicode>Gras über die Geschichte. Bei dieser Sachlage ist die Person</Unicode>
                </TextEquiv>
            </TextLine>
            <TextLine id="r1l71" custom="readingOrder {index:70;}">
                <Coords points="190,2293 892,2292 971,2273 971,2223 190,2240"/>
                <Baseline points="208,2276 245,2276 282,2275 319,2275 357,2275 394,2275 431,2275 469,2275 506,2275 543,2275 581,2275 618,2275 655,2275 692,2274 730,2274 767,2273 804,2273 842,2272 879,2271 916,2270 954,2269"/>
                <TextEquiv>
                    <Unicode>obel. Aber es ist eine Noblesse, die zu</Unicode>
                </TextEquiv>
            </TextLine>
            <TextLine id="r1l72" custom="readingOrder {index:71;}">
                <Coords points="971,2317 2131,2298 2130,2256 1971,2251 970,2268"/>
                <Baseline points="988,2314 1044,2311 1100,2310 1156,2308 1212,2307 1269,2305 1325,2304 1381,2303 1437,2303 1493,2302 1550,2301 1606,2301 1662,2300 1718,2299 1774,2299 1831,2298 1887,2297 1943,2296 1999,2295 2055,2293 2112,2292"/>
                <TextEquiv>
                    <Unicode>des Directors die einzige Gewähr dafür, daß den Schrift¬</Unicode>
                </TextEquiv>
            </TextLine>
            <TextLine id="r1l73" custom="readingOrder {index:72;}">
                <Coords points="972,2360 2042,2359 2129,2346 2128,2290 971,2314"/>
                <Baseline points="992,2360 1047,2357 1103,2354 1159,2352 1215,2351 1271,2349 1327,2348 1383,2347 1439,2347 1495,2346 1551,2346 1606,2346 1662,2345 1718,2345 1774,2345 1830,2344 1886,2343 1942,2342 1998,2340 2054,2339 2110,2336"/>
                <TextEquiv>
                    <Unicode>stellern nicht allzu übel mitgespielt werde. Seine Entschei¬</Unicode>
                </TextEquiv>
            </TextLine>
            <TextLine id="r1l74" custom="readingOrder {index:73;}">
                <Coords points="2203,2365 3204,2368 3264,2363 3264,2295 2202,2316"/>
                <Baseline points="2223,2360 2274,2362 2325,2364 2376,2365 2427,2366 2478,2366 2529,2366 2581,2365 2632,2365 2683,2364 2734,2363 2785,2362 2836,2361 2887,2360 2939,2359 2990,2358 3041,2357 3092,2357 3143,2357 3194,2357 3246,2358"/>
                <TextEquiv>
                    <Unicode>Für sein Zögern, Hinhalten, Verstecken und Irreführen</Unicode>
                </TextEquiv>
            </TextLine>
            <TextLine id="r1l75" custom="readingOrder {index:74;}">
                <Coords points="958,2394 2016,2405 2130,2380 2129,2335 957,2360"/>
                <Baseline points="978,2400 1034,2399 1091,2398 1148,2396 1204,2395 1261,2395 1318,2394 1374,2393 1431,2392 1488,2391 1545,2391 1601,2390 1658,2389 1715,2388 1771,2387 1828,2386 1885,2386 1941,2385 1998,2384 2055,2383 2112,2382"/>
                <TextEquiv>
                    <Unicode>dung, gegen die es ja eine Appellation nicht gibt, bietet die</Unicode>
                </TextEquiv>
            </TextLine>
            <TextLine id="r1l76" custom="readingOrder {index:75;}">
                <Coords points="2126,2419 3253,2407 3226,2358 2126,2370"/>
                <Baseline points="2145,2409 2199,2409 2253,2409 2308,2409 2362,2409 2417,2409 2471,2408 2526,2408 2580,2408 2635,2408 2689,2407 2743,2407 2798,2406 2852,2406 2907,2405 2961,2405 3016,2404 3070,2403 3125,2403 3179,2402 3234,2401"/>
                <TextEquiv>
                    <Unicode>gibt der Director des Burgtheaters selbst überwältigend</Unicode>
                </TextEquiv>
            </TextLine>
            <TextLine id="r1l77" custom="readingOrder {index:76;}">
                <Coords points="171,2453 554,2425 971,2435 971,2379 171,2381"/>
                <Baseline points="190,2427 228,2428 266,2428 304,2428 342,2429 381,2429 419,2429 457,2429 495,2430 533,2430 572,2430 610,2430 648,2430 686,2430 724,2429 763,2429 801,2428 839,2427 877,2426 915,2424 954,2423"/>
                <TextEquiv>
                    <Unicode>usnahmsweise alle Schriftsteller diesmal</Unicode>
                </TextEquiv>
            </TextLine>
            <TextLine id="r1l78" custom="readingOrder {index:77;}">
                <Coords points="967,2447 2105,2441 2130,2380 966,2401"/>
                <Baseline points="986,2444 1042,2443 1098,2442 1154,2441 1211,2440 1267,2439 1323,2438 1380,2438 1436,2437 1492,2436 1549,2435 1605,2434 1661,2434 1717,2433 1774,2432 1830,2431 1886,2430 1943,2429 1999,2428 2055,2427 2112,2426"/>
                <TextEquiv>
                    <Unicode>einzige Garantie, sein guter Wille die einzige Huffnung, sein</Unicode>
                </TextEquiv>
            </TextLine>
            <TextLine id="r1l79" custom="readingOrder {index:78;}">
                <Coords points="2134,2452 3207,2465 3264,2412 2133,2407"/>
                <Baseline points="2153,2450 2207,2451 2262,2452 2316,2453 2371,2453 2426,2453 2480,2453 2535,2453 2590,2453 2644,2453 2699,2452 2754,2452 2808,2451 2863,2451 2918,2450 2972,2450 3027,2450 3082,2450 3136,2450 3191,2451 3246,2451"/>
                <TextEquiv>
                    <Unicode>Erklärungen: „Nur weil mir diese Ueberzeugung sehr gegel</Unicode>
                </TextEquiv>
            </TextLine>
            <TextLine id="r1l80" custom="readingOrder {index:79;}">
                <Coords points="186,2487 937,2477 967,2435 185,2441"/>
                <Baseline points="203,2473 240,2473 277,2473 314,2474 351,2474 389,2474 426,2475 463,2475 500,2475 537,2476 575,2476 612,2476 649,2476 686,2475 723,2475 761,2473 798,2473 835,2471 872,2468 909,2466 947,2462"/>
                <TextEquiv>
                    <Unicode>aß ein seccher Zustand unwürdig und</Unicode>
                </TextEquiv>
            </TextLine>
            <TextLine id="r1l81" custom="readingOrder {index:80;}">
                <Coords points="956,2492 2136,2478 2135,2429 2021,2411 1858,2444 956,2435"/>
                <Baseline points="977,2485 1034,2485 1091,2485 1148,2485 1205,2484 1262,2483 1319,2483 1376,2482 1433,2481 1490,2480 1547,2479 1604,2478 1661,2477 1718,2476 1775,2475 1832,2474 1889,2473 1946,2472 2003,2471 2060,2470 2117,2469"/>
                <TextEquiv>
                    <Unicode>Versprechen den einzigen Trost, sein Urtheil den einzigen</Unicode>
                </TextEquiv>
            </TextLine>
            <TextLine id="r1l82" custom="readingOrder {index:81;}">
                <Coords points="2131,2501 3254,2496 3253,2447 2131,2452"/>
                <Baseline points="2149,2495 2203,2496 2257,2497 2311,2497 2365,2498 2420,2498 2474,2498 2528,2499 2582,2499 2636,2498 2691,2498 2745,2498 2799,2497 2853,2497 2907,2496 2962,2495 3016,2495 3070,2494 3124,2493 3178,2492 3233,2491"/>
                <TextEquiv>
                    <Unicode>das Herz geht, habe ich nicht das Herz gehabt, si</Unicode>
                </TextEquiv>
            </TextLine>
            <TextLine id="r1l83" custom="readingOrder {index:82;}">
                <Coords points="186,2520 975,2528 974,2475 948,2472 186,2475"/>
                <Baseline points="206,2518 243,2518 280,2519 318,2519 355,2519 393,2520 430,2520 468,2521 505,2521 543,2521 580,2521 617,2521 655,2521 692,2520 730,2519 767,2518 805,2517 842,2515 880,2513 917,2510 955,2508"/>
                <TextEquiv>
                    <Unicode>sich al eine Ausbeutung schlimmster</Unicode>
                </TextEquiv>
            </TextLine>
            <TextLine id="r1l84" custom="readingOrder {index:83;}">
                <Coords points="972,2535 2080,2531 2136,2473 972,2486"/>
                <Baseline points="993,2529 1049,2528 1105,2528 1161,2527 1218,2526 1274,2525 1330,2525 1386,2523 1443,2522 1499,2521 1555,2520 1611,2519 1668,2518 1724,2517 1780,2517 1836,2516 1893,2516 1949,2515 2005,2515 2061,2516 2118,2516"/>
                <TextEquiv>
                    <Unicode>Anhaltspunkt für die gottverlassenen Autoren des Burg¬</Unicode>
                </TextEquiv>
            </TextLine>
            <TextLine id="r1l85" custom="readingOrder {index:84;}">
                <Coords points="2130,2554 2600,2523 3215,2548 3260,2540 3260,2494 2129,2501"/>
                <Baseline points="2149,2543 2203,2542 2258,2541 2312,2540 2367,2539 2421,2538 2476,2537 2530,2536 2585,2536 2639,2535 2694,2535 2749,2534 2803,2534 2858,2533 2912,2533 2967,2533 3021,2533 3076,2533 3130,2532 3185,2532 3240,2532"/>
                <TextEquiv>
                    <Unicode>Ihnen früher offen auszusprechen.“ Schnitzle</Unicode>
                </TextEquiv>
            </TextLine>
            <TextLine id="r1l86" custom="readingOrder {index:85;}">
                <Coords points="183,2573 866,2554 946,2573 972,2569 972,2508 183,2520"/>
                <Baseline points="202,2564 239,2564 277,2564 314,2564 352,2564 390,2563 427,2563 465,2563 503,2563 540,2562 578,2562 616,2562 653,2561 691,2561 729,2560 766,2560 804,2559 842,2558 879,2557 917,2557 955,2555"/>
                <TextEquiv>
                    <Unicode>Es gib vohl in der ganzen Welt kein</Unicode>
                </TextEquiv>
            </TextLine>
            <TextLine id="r1l87" custom="readingOrder {index:86;}">
                <Coords points="968,2587 2125,2574 2124,2513 967,2542"/>
                <Baseline points="987,2575 1042,2573 1098,2572 1154,2570 1210,2569 1266,2567 1322,2566 1378,2565 1434,2564 1490,2563 1546,2562 1601,2562 1657,2561 1713,2560 1769,2560 1825,2559 1881,2559 1937,2559 1993,2558 2049,2558 2105,2557"/>
                <TextEquiv>
                    <Unicode>theaters. Soll man da nicht dem Verlangen Ausdruck geben,</Unicode>
                </TextEquiv>
            </TextLine>
            <TextLine id="r1l88" custom="readingOrder {index:87;}">
                <Coords points="2129,2597 3259,2587 3259,2534 2128,2533"/>
                <Baseline points="2147,2581 2201,2581 2256,2582 2310,2582 2365,2582 2420,2581 2474,2581 2529,2580 2583,2580 2638,2579 2693,2578 2747,2578 2802,2577 2856,2576 2911,2575 2966,2575 3020,2574 3075,2574 3129,2574 3184,2574 3239,2574"/>
                <TextEquiv>
                    <Unicode>mußte warten, bis der Director mit seinen Seelenqualen zu</Unicode>
                </TextEquiv>
            </TextLine>
            <TextLine id="r1l89" custom="readingOrder {index:88;}">
                <Coords points="176,2611 949,2611 972,2607 971,2546 175,2573"/>
                <Baseline points="194,2606 231,2606 269,2606 307,2606 345,2606 383,2606 421,2605 459,2605 497,2605 535,2604 573,2604 610,2603 648,2603 686,2602 724,2602 762,2601 800,2601 838,2600 876,2600 914,2599 952,2599"/>
                <TextEquiv>
                    <Unicode>Erhältniß, in welchem der Stärkere seine</Unicode>
                </TextEquiv>
            </TextLine>
            <TextLine id="r1l90" custom="readingOrder {index:89;}">
                <Coords points="977,2632 2104,2614 2128,2534 976,2587"/>
                <Baseline points="997,2623 1052,2621 1108,2619 1164,2617 1219,2615 1275,2614 1331,2612 1386,2611 1442,2610 1498,2609 1554,2608 1609,2607 1665,2606 1721,2606 1776,2605 1832,2604 1888,2603 1943,2602 1999,2601 2055,2600 2111,2599"/>
                <TextEquiv>
                    <Unicode>„daß sein in Ausübung des Amtes hinausgegebenes Wort</Unicode>
                </TextEquiv>
            </TextLine>
            <TextLine id="r1l91" custom="readingOrder {index:90;}">
                <Coords points="2142,2633 3200,2633 3264,2621 3264,2579 2142,2591"/>
                <Baseline points="2159,2625 2213,2626 2267,2626 2321,2626 2376,2626 2430,2625 2484,2625 2539,2625 2593,2624 2647,2624 2702,2623 2756,2623 2810,2622 2864,2622 2919,2621 2973,2621 3027,2621 3082,2620 3136,2620 3190,2620 3245,2620"/>
                <TextEquiv>
                    <Unicode>Ende war. Schade, daß Schnitzler von diesen innere</Unicode>
                </TextEquiv>
            </TextLine>
            <TextLine id="r1l92" custom="readingOrder {index:91;}">
                <Coords points="171,2665 967,2645 966,2600 864,2593 637,2622 606,2600 170,2615"/>
                <Baseline points="190,2653 229,2651 269,2650 309,2649 349,2649 389,2648 429,2648 469,2648 509,2648 549,2647 589,2647 629,2647 669,2647 709,2647 749,2646 789,2646 829,2645 869,2644 909,2643 949,2641"/>
                <TextEquiv>
                    <Unicode>hwächeren so unverhüllt und ohne Scheu</Unicode>
                </TextEquiv>
            </TextLine>
            <TextLine id="r1l93" custom="readingOrder {index:92;}">
                <Coords points="970,2666 2138,2650 2107,2609 1996,2599 969,2620"/>
                <Baseline points="987,2664 1043,2663 1100,2661 1156,2660 1213,2659 1270,2658 1326,2657 1383,2655 1439,2655 1496,2654 1553,2653 1609,2652 1666,2651 1722,2650 1779,2649 1836,2649 1892,2648 1949,2647 2005,2646 2062,2646 2119,2645"/>
                <TextEquiv>
                    <Unicode>einer gewissen Verläßlichkeit nicht entbehre . . .“? Es ist ein</Unicode>
                </TextEquiv>
            </TextLine>
            <TextLine id="r1l94" custom="readingOrder {index:93;}">
                <Coords points="2135,2678 3262,2673 3261,2620 3121,2614 2135,2632"/>
                <Baseline points="2155,2675 2209,2673 2263,2671 2318,2670 2372,2669 2427,2669 2481,2668 2536,2668 2590,2668 2645,2668 2699,2667 2753,2667 2808,2667 2862,2667 2917,2667 2971,2667 3026,2666 3080,2666 3135,2665 3189,2664 3244,2662"/>
                <TextEquiv>
                    <Unicode>Kämpfen, die Dr. Schlenther nöthig hat, um sich di</Unicode>
                </TextEquiv>
            </TextLine>
            <TextLine id="r1l95" custom="readingOrder {index:94;}">
                <Coords points="852,2687 875,2689 882,2681 902,2696 943,2693 947,2697 954,2689 977,2688 975,2642 948,2644 941,2652 929,2645 918,2645 850,2653"/>
                <Baseline points="872,2688 900,2682 929,2680 958,2684"/>
                <TextEquiv>
                    <Unicode>die</Unicode>
                </TextEquiv>
            </TextLine>
            <TextLine id="r1l96" custom="readingOrder {index:95;}">
                <Coords points="188,2697 305,2714 498,2688 552,2709 783,2697 855,2669 854,2643 721,2638 187,2652"/>
                <Baseline points="206,2693 237,2693 269,2693 300,2694 332,2694 363,2694 395,2694 426,2694 458,2694 489,2693 521,2693 552,2692 584,2691 615,2691 647,2690 678,2689 710,2687 741,2686 773,2683 804,2682 836,2680"/>
                <TextEquiv>
                    <Unicode>vielgeschmähten „Corsarenbriefe“</Unicode>
                </TextEquiv>
            </TextLine>
            <TextLine id="r1l97" custom="readingOrder {index:96;}">
                <Coords points="971,2733 1164,2714 1213,2732 1247,2709 1312,2730 1342,2711 1494,2727 1562,2699 1634,2706 1633,2649 969,2664"/>
                <Baseline points="989,2711 1020,2709 1051,2707 1082,2705 1113,2704 1145,2704 1176,2703 1207,2702 1238,2702 1269,2702 1301,2702 1332,2702 1363,2702 1394,2701 1425,2701 1457,2701 1488,2700 1519,2699 1550,2697 1581,2696 1613,2694"/>
                <TextEquiv>
                    <Unicode>Ziel, auf's Innigste zu wünschen.</Unicode>
                </TextEquiv>
            </TextLine>
            <TextLine id="r1l98" custom="readingOrder {index:97;}">
                <Coords points="2136,2720 3183,2719 3262,2714 3262,2661 2135,2678"/>
                <Baseline points="2153,2720 2207,2718 2261,2715 2316,2713 2370,2711 2425,2710 2479,2709 2534,2709 2588,2709 2643,2709 2697,2709 2751,2709 2806,2709 2860,2709 2915,2709 2969,2709 3024,2709 3078,2708 3133,2707 3187,2705 3242,2704"/>
                <TextEquiv>
                    <Unicode>schlichte Wahrheit abzuringen, nichts ahnen konnte. Den</Unicode>
                </TextEquiv>
            </TextLine>
            <TextLine id="r1l99" custom="readingOrder {index:98;}">
                <Coords points="185,2751 530,2747 552,2727 943,2741 973,2737 973,2688 832,2670 723,2706 540,2678 427,2706 290,2681 184,2698"/>
                <Baseline points="202,2739 239,2738 277,2738 314,2737 352,2737 390,2736 427,2735 465,2735 503,2735 540,2734 578,2734 616,2733 653,2733 691,2732 729,2732 766,2731 804,2731 842,2730 879,2730 917,2729 955,2728"/>
                <TextEquiv>
                    <Unicode>einst directorialer Willkür ausgeliefert</Unicode>
                </TextEquiv>
            </TextLine>
            <TextLine id="r1l100" custom="readingOrder {index:99;}">
                <Coords points="2135,2764 3193,2769 3253,2757 3253,2716 2134,2707"/>
                <Baseline points="2155,2760 2209,2760 2263,2758 2317,2758 2371,2756 2425,2756 2479,2755 2533,2754 2587,2753 2641,2752 2695,2752 2749,2751 2803,2750 2857,2750 2911,2750 2965,2750 3019,2750 3073,2750 3127,2751 3181,2751 3236,2752"/>
                <TextEquiv>
                    <Unicode>in seinem ersten Brief spricht Dr. Schlenther ganz side</Unicode>
                </TextEquiv>
            </TextLine>
            <TextLine id="r1l101" custom="readingOrder {index:100;}">
                <Coords points="179,2789 278,2780 358,2806 536,2777 987,2783 986,2711 179,2740"/>
                <Baseline points="197,2781 235,2781 273,2781 312,2781 350,2781 389,2781 427,2780 466,2780 504,2780 543,2779 581,2779 619,2778 658,2777 696,2777 735,2776 773,2776 812,2775 850,2774 889,2773 927,2773 966,2772"/>
                <TextEquiv>
                    <Unicode>im Vergleiche zu diesem Vertrage, und</Unicode>
                </TextEquiv>
            </TextLine>
            <TextLine id="r1l102" custom="readingOrder {index:101;}">
                <Coords points="2137,2812 3264,2809 3263,2760 3043,2742 2137,2759"/>
                <Baseline points="2157,2801 2211,2801 2265,2800 2320,2800 2374,2799 2429,2799 2483,2798 2538,2798 2592,2797 2647,2797 2701,2797 2755,2796 2810,2796 2864,2796 2919,2795 2973,2795 3028,2795 3082,2795 3137,2795 3191,2795 3246,2795"/>
                <TextEquiv>
                    <Unicode>vom Erstaufführungsrecht, erklärt, ohne daß ihn Je</Unicode>
                </TextEquiv>
            </TextLine>
            <TextLine id="r1l103" custom="readingOrder {index:102;}">
                <Coords points="1056,2817 2125,2813 2125,2756 1055,2761"/>
                <Baseline points="1073,2814 1124,2815 1176,2815 1228,2815 1280,2815 1331,2815 1383,2814 1435,2814 1487,2813 1538,2812 1590,2811 1642,2811 1694,2810 1745,2809 1797,2808 1849,2807 1901,2807 1952,2806 2004,2806 2056,2806 2108,2806"/>
                <TextEquiv>
                    <Unicode>Der Fall Schnitzler kann als Schulbeispiel dafür gelten,</Unicode>
                </TextEquiv>
            </TextLine>
            <TextLine id="r1l104" custom="readingOrder {index:103;}">
                <Coords points="211,2826 981,2828 980,2760 210,2784"/>
                <Baseline points="231,2826 267,2826 304,2826 340,2826 377,2826 414,2826 450,2825 487,2825 523,2824 560,2824 597,2823 633,2822 670,2821 706,2820 743,2820 780,2819 816,2818 853,2817 889,2816 926,2816 963,2815"/>
                <TextEquiv>
                    <Unicode>einer umfangreichen schriftstellerischen</Unicode>
                </TextEquiv>
            </TextLine>
            <TextLine id="r1l105" custom="readingOrder {index:104;}">
                <Coords points="2129,2852 3066,2863 3263,2845 3263,2796 2129,2803"/>
                <Baseline points="2149,2843 2203,2845 2258,2846 2313,2847 2368,2847 2423,2847 2478,2846 2532,2845 2587,2844 2642,2843 2697,2841 2752,2840 2807,2839 2862,2837 2916,2837 2971,2836 3026,2835 3081,2835 3136,2836 3191,2837 3246,2838"/>
                <TextEquiv>
                    <Unicode>mand gefragt hätte, nur das Burgtheate</Unicode>
                </TextEquiv>
            </TextLine>
            <TextLine id="r1l106" custom="readingOrder {index:105;}">
                <Coords points="966,2874 2141,2840 2140,2802 965,2810"/>
                <Baseline points="984,2860 1043,2860 1103,2861 1163,2861 1223,2861 1283,2860 1343,2860 1403,2859 1463,2859 1523,2858 1583,2857 1643,2856 1703,2855 1763,2854 1823,2853 1883,2852 1943,2851 2003,2849 2063,2848 2123,2847"/>
                <TextEquiv>
                    <Unicode>daß an der Verläßlichkeit des Directors Alles, am Revers</Unicode>
                </TextEquiv>
            </TextLine>
            <TextLine id="r1l107" custom="readingOrder {index:106;}">
                <Coords points="170,2892 348,2863 644,2886 970,2862 969,2802 537,2838 382,2813 169,2823"/>
                <Baseline points="188,2868 226,2868 264,2868 302,2868 341,2868 379,2868 417,2868 455,2867 494,2867 532,2867 570,2866 608,2866 647,2865 685,2865 723,2864 761,2863 800,2862 838,2861 876,2860 914,2859 953,2858"/>
                <TextEquiv>
                    <Unicode>eseitigt. Niemand aber hat jemals ernst¬</Unicode>
                </TextEquiv>
            </TextLine>
            <TextLine id="r1l108" custom="readingOrder {index:107;}">
                <Coords points="2136,2895 3179,2895 3262,2886 3262,2845 2136,2846"/>
                <Baseline points="2153,2890 2207,2890 2262,2890 2316,2890 2371,2889 2426,2889 2480,2889 2535,2888 2589,2887 2644,2887 2699,2886 2753,2886 2808,2885 2862,2884 2917,2884 2972,2884 3026,2883 3081,2883 3135,2883 3190,2883 3245,2884"/>
                <TextEquiv>
                    <Unicode>könne ein solches Stück spielen, plaudert von de</Unicode>
                </TextEquiv>
            </TextLine>
            <TextLine id="r1l109" custom="readingOrder {index:108;}">
                <Coords points="967,2919 1118,2891 1206,2920 1376,2891 2131,2908 2130,2847 966,2862"/>
                <Baseline points="987,2903 1043,2905 1099,2905 1155,2906 1212,2906 1268,2906 1324,2905 1380,2905 1437,2904 1493,2903 1549,2902 1605,2901 1662,2900 1718,2899 1774,2897 1830,2896 1887,2895 1943,2895 1999,2894 2055,2894 2112,2894"/>
                <TextEquiv>
                    <Unicode>nichts gelegen ist. Der Revers stellt nur eine leere</Unicode>
                </TextEquiv>
            </TextLine>
            <TextLine id="r1l110" custom="readingOrder {index:109;}">
                <Coords points="176,2922 961,2923 988,2918 987,2846 729,2879 175,2873"/>
                <Baseline points="193,2916 231,2915 270,2914 309,2913 348,2912 387,2912 425,2911 464,2911 503,2911 542,2910 581,2910 619,2910 658,2910 697,2909 736,2909 775,2909 813,2909 852,2908 891,2908 930,2907 969,2907"/>
                <TextEquiv>
                    <Unicode>cht, die Schriftsteller vor der Zwangsjacke</Unicode>
                </TextEquiv>
            </TextLine>
            <TextLine id="r1l111" custom="readingOrder {index:110;}">
                <Coords points="2142,2939 3208,2937 3257,2933 3257,2888 2142,2894"/>
                <Baseline points="2161,2934 2214,2934 2268,2933 2322,2933 2376,2932 2430,2932 2484,2932 2537,2931 2591,2931 2645,2930 2699,2930 2753,2930 2807,2929 2861,2929 2914,2928 2968,2928 3022,2927 3076,2926 3130,2925 3184,2925 3238,2924"/>
                <TextEquiv>
                    <Unicode>Besetzung und von den Zuständen an fremden Bühnen, di</Unicode>
                </TextEquiv>
            </TextLine>
            <TextLine id="r1l112" custom="readingOrder {index:111;}">
                <Coords points="969,2967 1700,2930 2140,2950 2140,2889 968,2918"/>
                <Baseline points="989,2949 1045,2950 1102,2949 1158,2949 1215,2949 1271,2948 1328,2948 1384,2947 1441,2946 1497,2945 1554,2944 1611,2944 1667,2942 1724,2942 1780,2940 1837,2939 1893,2938 1950,2937 2006,2936 2063,2936 2120,2935"/>
                <TextEquiv>
                    <Unicode>Formalität dar, eine Handlung, in der nach dem Burg¬</Unicode>
                </TextEquiv>
            </TextLine>
            <TextLine id="r1l113" custom="readingOrder {index:112;}">
                <Coords points="169,2964 461,2973 654,2944 704,2967 885,2946 916,2965 976,2953 976,2903 168,2930"/>
                <Baseline points="189,2962 227,2961 265,2959 304,2959 342,2958 381,2957 419,2956 458,2956 496,2956 535,2955 573,2955 611,2955 650,2955 688,2954 727,2954 765,2954 804,2954 842,2954 881,2954 919,2953 958,2953"/>
                <TextEquiv>
                    <Unicode>Ehnen im Burgtheater anselegt wird. In</Unicode>
                </TextEquiv>
            </TextLine>
            <TextLine id="r1l114" custom="readingOrder {index:113;}">
                <Coords points="2138,2993 3260,2979 3260,2934 2137,2940"/>
                <Baseline points="2157,2979 2211,2979 2265,2979 2319,2978 2374,2978 2428,2977 2482,2977 2536,2976 2591,2976 2645,2975 2699,2974 2753,2974 2808,2973 2862,2972 2916,2971 2970,2971 3025,2970 3079,2969 3133,2968 3187,2967 3242,2966"/>
                <TextEquiv>
                    <Unicode>so was nicht zustande bringen. Wie hätte der Autor d</Unicode>
                </TextEquiv>
            </TextLine>
            <TextLine id="r1l115" custom="readingOrder {index:114;}">
                <Coords points="979,2996 2128,2999 2131,2934 978,2951"/>
                <Baseline points="999,2991 1054,2991 1110,2990 1166,2990 1222,2989 1277,2989 1333,2988 1389,2988 1445,2987 1500,2987 1556,2986 1612,2986 1668,2985 1723,2984 1779,2984 1835,2983 1891,2982 1946,2981 2002,2980 2058,2979 2114,2977"/>
                <TextEquiv>
                    <Unicode>theater=Ritus die Annahme eines Stückes symbolisch ausge¬</Unicode>
                </TextEquiv>
            </TextLine>
            <TextLine id="r1l116" custom="readingOrder {index:115;}">
                <Coords points="174,3013 985,3003 985,2946 173,2960"/>
                <Baseline points="193,3002 231,3002 270,3002 308,3002 347,3002 386,3002 424,3002 463,3001 501,3001 540,3001 579,3001 617,3000 656,3000 694,2999 733,2999 772,2998 810,2997 849,2995 887,2994 926,2993 965,2991"/>
                <TextEquiv>
                    <Unicode>erdings begibt sich das Burgtheater seiner</Unicode>
                </TextEquiv>
            </TextLine>
            <TextLine id="r1l117" custom="readingOrder {index:116;}">
                <Coords points="2133,3028 3112,3035 3263,3018 3263,2969 2133,2979"/>
                <Baseline points="2153,3024 2207,3024 2262,3023 2316,3022 2371,3022 2426,3021 2480,3020 2535,3020 2590,3019 2644,3018 2699,3017 2754,3017 2808,3016 2863,3016 2918,3015 2972,3014 3027,3014 3082,3013 3136,3013 3191,3012 3246,3012"/>
                <TextEquiv>
                    <Unicode>auch nur im Entferntesten vermuthen könner</Unicode>
                </TextEquiv>
            </TextLine>
            <TextLine id="r1l118" custom="readingOrder {index:117;}">
                <Coords points="978,3049 2131,3031 2130,2974 2085,2967 977,2980"/>
                <Baseline points="998,3034 1053,3033 1109,3032 1164,3031 1220,3031 1276,3030 1331,3030 1387,3030 1443,3030 1498,3030 1554,3030 1610,3029 1665,3029 1721,3029 1777,3028 1832,3028 1888,3027 1944,3026 1999,3024 2055,3022 2111,3020"/>
                <TextEquiv>
                    <Unicode>drückt wird. Der Director spricht, verspricht, schreibt, urtheilt,</Unicode>
                </TextEquiv>
            </TextLine>
            <TextLine id="r1l119" custom="readingOrder {index:118;}">
                <Coords points="170,3062 978,3049 977,2988 169,2998"/>
                <Baseline points="189,3048 227,3048 265,3048 304,3048 342,3048 381,3048 419,3047 457,3047 496,3046 534,3046 573,3045 611,3044 649,3044 688,3043 726,3042 765,3041 803,3040 841,3039 880,3039 918,3037 957,3037"/>
                <TextEquiv>
                    <Unicode>eigt eine großartige Milde. Erfolgreiche</Unicode>
                </TextEquiv>
            </TextLine>
            <TextLine id="r1l120" custom="readingOrder {index:119;}">
                <Coords points="2140,3074 3243,3070 3262,3016 2139,3025"/>
                <Baseline points="2158,3068 2212,3067 2266,3066 2321,3065 2375,3064 2429,3063 2484,3062 2538,3062 2592,3061 2647,3060 2701,3060 2755,3059 2810,3059 2864,3058 2918,3058 2973,3057 3027,3057 3081,3056 3136,3056 3190,3056 3245,3055"/>
                <TextEquiv>
                    <Unicode>daß sein Stück dem Director mißfalle? Er hat auf all</Unicode>
                </TextEquiv>
            </TextLine>
            <TextLine id="r1l121" custom="readingOrder {index:120;}">
                <Coords points="983,3085 2144,3081 2143,3005 983,3043"/>
                <Baseline points="1002,3079 1058,3078 1114,3078 1170,3077 1226,3076 1282,3076 1338,3076 1394,3075 1450,3075 1506,3074 1562,3074 1618,3074 1674,3073 1730,3073 1786,3072 1842,3071 1898,3070 1954,3070 2010,3068 2066,3067 2123,3066"/>
                <TextEquiv>
                    <Unicode>beabsichtigt, plant. Aber wenn er sich nicht durch sein eigenes</Unicode>
                </TextEquiv>
            </TextLine>
            <TextLine id="r1l122" custom="readingOrder {index:121;}">
                <Coords points="183,3100 570,3079 601,3102 976,3097 975,3036 846,3026 183,3039"/>
                <Baseline points="201,3088 238,3089 276,3090 314,3090 352,3091 390,3091 427,3091 465,3090 503,3090 541,3089 579,3089 616,3088 654,3087 692,3086 730,3085 768,3084 805,3083 843,3083 881,3082 919,3081 957,3080"/>
                <TextEquiv>
                    <Unicode>ndes werden nicht so schroff behandelt.</Unicode>
                </TextEquiv>
            </TextLine>
            <TextLine id="r1l123" custom="readingOrder {index:122;}">
                <Coords points="2140,3119 3259,3111 3258,3062 3193,3055 2139,3070"/>
                <Baseline points="2157,3109 2211,3109 2265,3110 2319,3110 2373,3109 2427,3109 2481,3108 2536,3107 2590,3106 2644,3105 2698,3103 2752,3102 2806,3101 2860,3100 2915,3099 2969,3098 3023,3098 3077,3098 3131,3099 3185,3099 3240,3101"/>
                <TextEquiv>
                    <Unicode>weiteren Anfragen einfach keine Antwort gekriegt. Wen</Unicode>
                </TextEquiv>
            </TextLine>
            <TextLine id="r1l124" custom="readingOrder {index:123;}">
                <Coords points="974,3133 2135,3119 2134,3062 974,3083"/>
                <Baseline points="994,3126 1050,3124 1106,3124 1162,3123 1218,3122 1274,3121 1330,3120 1386,3119 1442,3118 1498,3118 1554,3117 1610,3117 1666,3116 1722,3115 1778,3115 1834,3114 1890,3114 1946,3113 2002,3113 2058,3113 2114,3112"/>
                <TextEquiv>
                    <Unicode>Wort für gebunden erachtet, kann er sprechen, versprechen,</Unicode>
                </TextEquiv>
            </TextLine>
            <TextLine id="r1l125" custom="readingOrder {index:124;}">
                <Coords points="183,3131 395,3152 926,3128 987,3151 986,3067 182,3093"/>
                <Baseline points="201,3133 239,3132 277,3132 316,3131 354,3130 393,3130 431,3129 469,3129 508,3129 546,3128 585,3128 623,3128 661,3127 700,3127 738,3127 777,3127 815,3127 853,3126 892,3126 930,3126 969,3126"/>
                <TextEquiv>
                    <Unicode>man sichere Contracte gegeben und ihnen</Unicode>
                </TextEquiv>
            </TextLine>
            <TextLine id="r1l126" custom="readingOrder {index:125;}">
                <Coords points="2140,3164 3167,3167 3254,3150 3254,3101 2139,3114"/>
                <Baseline points="2157,3155 2211,3154 2265,3154 2319,3153 2373,3152 2427,3152 2481,3151 2535,3150 2589,3150 2643,3149 2697,3148 2751,3147 2805,3147 2859,3146 2913,3146 2967,3145 3021,3144 3075,3144 3129,3143 3183,3143 3237,3142"/>
                <TextEquiv>
                    <Unicode>diese Directoren — gutherzig sind sie ja alle — doch nu</Unicode>
                </TextEquiv>
            </TextLine>
            <TextLine id="r1l127" custom="readingOrder {index:126;}">
                <Coords points="979,3180 2147,3155 2146,3117 2093,3114 978,3130"/>
                <Baseline points="997,3168 1053,3167 1110,3166 1166,3165 1223,3164 1279,3163 1336,3162 1392,3160 1449,3159 1505,3158 1562,3157 1619,3156 1675,3155 1732,3155 1788,3154 1845,3154 1901,3153 1958,3153 2014,3153 2071,3154 2128,3154"/>
                <TextEquiv>
                    <Unicode>schreiben, beabsichtigen und planen, so viel er will. Er ist</Unicode>
                </TextEquiv>
            </TextLine>
            <TextLine id="r1l128" custom="readingOrder {index:127;}">
                <Coords points="184,3199 700,3188 798,3164 985,3195 984,3146 931,3131 389,3150 184,3130"/>
                <Baseline points="203,3178 241,3178 279,3178 317,3178 355,3178 393,3177 431,3177 469,3176 507,3175 545,3175 584,3174 622,3173 660,3173 698,3172 736,3171 774,3171 812,3170 850,3170 888,3170 926,3170 965,3170"/>
                <TextEquiv>
                    <Unicode>stattliches „Einreichungshonorar“ bezahlt.</Unicode>
                </TextEquiv>
            </TextLine>
            <TextLine id="r1l129" custom="readingOrder {index:128;}">
                <Coords points="2136,3206 3266,3200 3265,3151 3193,3140 2135,3160"/>
                <Baseline points="2153,3201 2207,3201 2262,3200 2316,3199 2371,3199 2426,3198 2480,3197 2535,3196 2590,3195 2644,3195 2699,3194 2754,3193 2808,3192 2863,3191 2918,3191 2972,3190 3027,3190 3082,3190 3136,3190 3191,3190 3246,3190"/>
                <TextEquiv>
                    <Unicode>begreifen wollten, wie wenig man von ihnen verlangt: Auf</Unicode>
                </TextEquiv>
            </TextLine>
            <TextLine id="r1l130" custom="readingOrder {index:129;}">
                <Coords points="984,3213 2016,3221 2144,3196 2144,3155 983,3172"/>
                <Baseline points="1002,3214 1058,3213 1114,3212 1170,3211 1226,3211 1282,3210 1338,3209 1395,3208 1451,3208 1507,3207 1563,3206 1619,3205 1675,3204 1731,3203 1788,3203 1844,3202 1900,3201 1956,3200 2012,3199 2068,3198 2125,3197"/>
                <TextEquiv>
                    <Unicode>amtlich zu nichts verpflichtet, er darf sich noch immer hinter</Unicode>
                </TextEquiv>
            </TextLine>
            <TextLine id="r1l131" custom="readingOrder {index:130;}">
                <Coords points="185,3233 996,3216 995,3167 184,3180"/>
                <Baseline points="205,3219 243,3219 282,3220 320,3220 359,3221 398,3221 436,3221 475,3221 513,3220 552,3220 591,3219 629,3219 668,3218 706,3218 745,3217 784,3216 822,3215 861,3214 899,3213 938,3212 977,3211"/>
                <TextEquiv>
                    <Unicode>aus Deutschland wurden ähnliche Ver¬</Unicode>
                </TextEquiv>
            </TextLine>
            <TextLine id="r1l132" custom="readingOrder {index:131;}">
                <Coords points="191,3301 3134,3266 3262,3185 190,3229"/>
                <Baseline points="210,3272 361,3269 513,3266 664,3264 816,3262 968,3260 1119,3258 1271,3257 1423,3255 1574,3254 1726,3253 1878,3251 2029,3250 2181,3248 2333,3246 2484,3244 2636,3242 2788,3240 2939,3237 3091,3234 3243,3231"/>
                <TextEquiv>
                    <Unicode>anden, und ich möchte hier nicht unter= den Reye#s-verstecken und sagen: Der Revers ist noch nicht richtigkeit! Kein Director braucht gefühlvoll und weinerlic</Unicode>
                </TextEquiv>
            </TextLine>
            <TextLine id="r1l133" custom="readingOrder {index:132;}">
                <Coords points="892,3403 919,3404 926,3412 945,3416 957,3404 999,3409 1022,3394 1041,3394 1038,3333 1019,3337 1011,3333 1000,3341 977,3336 962,3348 943,3332 927,3343 920,3339 912,3347 893,3347"/>
                <Baseline points="912,3399 939,3396 967,3396 994,3398 1022,3399"/>
                <TextEquiv>
                    <Unicode>#</Unicode>
                </TextEquiv>
            </TextLine>
            <TextEquiv>
                <Unicode>box 20/1
14. Der Schleien der Beatrice
unterschrieben worden. Gibt es aber einen unterschriebenen
suchen, welcher Aufwand an Entgegenkommen nöthig war,
Revers, dann ist der Director erst recht zu nichts verpflichtet.
um die Firma Schönthan &amp; Koppel=Ellfeld für das Burg¬
Feuilleton.
Er kann sich's noch immer wieder überlegen, immer wieder
theater zu gewinnen. Nur die österreichischen Dichter be¬
und immer wieder..
kommen die ganze Strenge des Gesetzes zu fühlen.
chleier der Beatrice.“
ist sehr nobel und hat allen Vortheil
Der Sachverhalt ist hinlänglich bekannt. Herrn Doctor
Dem Director des Burgtheaters gewährt der famose
hem Stück die Ehre hier angenommen
Schlenther wird der Vorwurf gemacht, er habe ein Stück
Revers noch einige ganz besondere Vortheile. Er kann
ß der glückliche Verfasser einen Revers
zuerst angenommen und dann abgelehnt. Herr Dr. Schlenther
immerzu Stücke annehmen. Da gibt es Stücke, nach welchen
kurgtheater unterschreibt gar nichts. Mit
entgegnet darauf, er habe das Werk „nie angenommen und
plötzlich in der Oeffentlichkeit gefragt wird: „Warum ist
ngt die Hofbühne das Recht, das be¬
erst abgelehnt“ — er setzt das Wort unter Gänsefüßchen
dieses begabte, jenes bedeutende Werk nicht im Burgtheater?“
zweier Jahre aufzuführen. Wird das
 „als ihn Arthur Schnitzler vor eine unerfüllbare Be¬
Der Director kann geschwind erwidern: „O, bitte, das aus¬
er Zeit nicht gespielt, dann darf der
dingung stellte“. Wie lautet doch die bekannte Verantwortung?
gezeichnete Werk ist bereits seit längerer Zeit angenommen!“
dazu hat, noch länger warten. Be¬
„Erstens hab' ich mir den Krug nicht ausgeborgt; zweiten
Da gibt es Stücke, die im Ausland ganz unvermutheter
darüber gibt es nicht. Er darf aber auch
war er schon zerbrochen, wie ich ihn gekriegt habe, und
Weise einen großen Erfelg erringen. Allgemeines Erstaunen:
dem Archiv zurückverlangen, darf das Buch
drittens hab' ich ihn ganz zurückgegeben“?
Warum bleibt Wien zurück? Der Director gibt bekannt, das
und in die frische Luft bringen; er
Director Schlenther hat das Stück erst abgelehnt, als der
Stück sei bereits vor Jahren zur Aufführung erworben,
ahre als verloren ansehen und sich zum
Verfasser die „unerfüllbare Bedingung“ stellte, endlich
und ertheilt Auftrag, das Manuscript aus dem Archiv
anderen Worten, das Burgtheater sagt
Klarheit über das Schicksal seines Werkes zu erhalten. Ohn
zu exhumiren. Da gibt es Stücke von jungen Talenten,
Chriftsteller: Wenn Du willst, daß ich
diese Bedingung wäre das Stück bis heute nicht „abgelehnt“
die man annimmt, um nicht ein Odium auf sich zu laden.
nußt Du Dir Alles gefallen lassen. Ich
worden. Ohne diesen Wunsch nach Klarheit wüßte der Ver
Wird aus diesen Talenten, ohne Hilfe des Burgtheaters,
en, Du gar keine. Denn ich bin das
fasser bis heute noch nicht, woran er eigentlich ist. Her
etwas, dann hat das Burgtheater doch das Verdienst der
eater, und Du bist nur ein sündiger
Director Schlenther spricht trotzdem von „künstlerischen
ersten Aufmunterung, wenn auch nicht das der ersten Auf¬
Dich nicht, aber Du brauchst mich. Ich
Es scheiner
Gründen, die ihn zu der Ablehnung zwangen.
führung. Wird nichts aus diesen Talenten, dann wächst eben
ade, Du mir keine. Das Burgtheater
aber doch eher künstliche Gründe zu sein.
Gras über die Geschichte. Bei dieser Sachlage ist die Person
obel. Aber es ist eine Noblesse, die zu
des Directors die einzige Gewähr dafür, daß den Schrift¬
stellern nicht allzu übel mitgespielt werde. Seine Entschei¬
Für sein Zögern, Hinhalten, Verstecken und Irreführen
dung, gegen die es ja eine Appellation nicht gibt, bietet die
gibt der Director des Burgtheaters selbst überwältigend
usnahmsweise alle Schriftsteller diesmal
einzige Garantie, sein guter Wille die einzige Huffnung, sein
Erklärungen: „Nur weil mir diese Ueberzeugung sehr gegel
aß ein seccher Zustand unwürdig und
Versprechen den einzigen Trost, sein Urtheil den einzigen
das Herz geht, habe ich nicht das Herz gehabt, si
sich al eine Ausbeutung schlimmster
Anhaltspunkt für die gottverlassenen Autoren des Burg¬
Ihnen früher offen auszusprechen.“ Schnitzle
Es gib vohl in der ganzen Welt kein
theaters. Soll man da nicht dem Verlangen Ausdruck geben,
mußte warten, bis der Director mit seinen Seelenqualen zu
Erhältniß, in welchem der Stärkere seine
„daß sein in Ausübung des Amtes hinausgegebenes Wort
Ende war. Schade, daß Schnitzler von diesen innere
hwächeren so unverhüllt und ohne Scheu
einer gewissen Verläßlichkeit nicht entbehre . . .“? Es ist ein
Kämpfen, die Dr. Schlenther nöthig hat, um sich di
die
vielgeschmähten „Corsarenbriefe“
Ziel, auf's Innigste zu wünschen.
schlichte Wahrheit abzuringen, nichts ahnen konnte. Den
einst directorialer Willkür ausgeliefert
in seinem ersten Brief spricht Dr. Schlenther ganz side
im Vergleiche zu diesem Vertrage, und
vom Erstaufführungsrecht, erklärt, ohne daß ihn Je
Der Fall Schnitzler kann als Schulbeispiel dafür gelten,
einer umfangreichen schriftstellerischen
mand gefragt hätte, nur das Burgtheate
daß an der Verläßlichkeit des Directors Alles, am Revers
eseitigt. Niemand aber hat jemals ernst¬
könne ein solches Stück spielen, plaudert von de
nichts gelegen ist. Der Revers stellt nur eine leere
cht, die Schriftsteller vor der Zwangsjacke
Besetzung und von den Zuständen an fremden Bühnen, di
Formalität dar, eine Handlung, in der nach dem Burg¬
Ehnen im Burgtheater anselegt wird. In
so was nicht zustande bringen. Wie hätte der Autor d
theater=Ritus die Annahme eines Stückes symbolisch ausge¬
erdings begibt sich das Burgtheater seiner
auch nur im Entferntesten vermuthen könner
drückt wird. Der Director spricht, verspricht, schreibt, urtheilt,
eigt eine großartige Milde. Erfolgreiche
daß sein Stück dem Director mißfalle? Er hat auf all
beabsichtigt, plant. Aber wenn er sich nicht durch sein eigenes
ndes werden nicht so schroff behandelt.
weiteren Anfragen einfach keine Antwort gekriegt. Wen
Wort für gebunden erachtet, kann er sprechen, versprechen,
man sichere Contracte gegeben und ihnen
diese Directoren — gutherzig sind sie ja alle — doch nu
schreiben, beabsichtigen und planen, so viel er will. Er ist
stattliches „Einreichungshonorar“ bezahlt.
begreifen wollten, wie wenig man von ihnen verlangt: Auf
amtlich zu nichts verpflichtet, er darf sich noch immer hinter
aus Deutschland wurden ähnliche Ver¬
anden, und ich möchte hier nicht unter= den Reye#s-verstecken und sagen: Der Revers ist noch nicht richtigkeit! Kein Director braucht gefühlvoll und weinerlic
#</Unicode>
            </TextEquiv>
        </TextRegion>
    </Page>
</PcGts>
