3484 4256
1969 173 2414 265 box 20/4
291 181 1795 267 14. Der Schleier der Beatrice
1600 418 2066 512 Telephon 12801.
1213 510 2438 596 Alex. Weigl's Unternehmen für Zeitungs-Ausschnitte
2217 579 2443 646 Ausschnitt
1187 602 2122 725 MA10G, OBSERYER“
2273 646 2519 734 Nr. 51
1094 724 2543 795 I. österr. behördl. conc. Bureau für Zeitungsberichte u. Personalnachrichten
1323 787 2336 854 Wien, IX/1, Tünkenstrasse 17.
1517 848 2151 926 Filiale in Budapest: „Figyelö“ -
1103 910 2542 966 Vertretungen in Berlin, Chicago, Genf, London, Newyork, Paris, Rom, Stockholm.
1099 1046 1621 1132 Ausschnitt aus:
1708 1048 2484 1181 Reicbe-Enzoiger, Bertn
1097 1191 1610 1286 vom: 70
1515 1431 2011 1512 Theater und Musik.
1531 1489 1988 1579 Deutsches Theater.
1207 1538 2382 1622 Es scheint, als wenn Italien und das Zeitalter der Renaissance
1135 1575 2384 1660 die neueste Mo'perichtung der heutigen Dramatiker geworden sei; schon
1144 1625 2382 1707 manche haber, sich mit mehr oder minder Erfolg auf diesem Gebiete
1140 1665 2378 1739 versucht, ##n bedeutsamsten wohl zuletzt Maeterlinck in seiner „Monna
1147 1699 1332 1747 Vanna“.
1347 1713 2378 1772 Aeußerlich und auf den ersten Blick hat Arthur
1148 1736 2381 1833 Schnitzlers Schauspiel „ Der Schleier der Beatrice", das
1134 1821 2352 1896 am Sonnabend hier seine Erstaufführung erlebte, mit
1129 1886 2357 1935 dem Werk des belgisch=französischen Dichters viel Aehn¬
1137 1927 2350 1975 lichkeit. Hier wie dort eine von Feinden eingeschlossene
1124 1953 2359 2020 1 Stadt — diesmal Bole zua — am Vorabend des zu erwartenden
1131 1975 2504 2057 Angriffs einer feindlichen. Uebermacht, hier wie dort eine Schar von #lusive
1133 2036 2476 2100 Menschen, deren Tun in einer Zeit, die „aus den Fugen“ ist, außer= orto.
1136 2076 2505 2136 gewöhnliche und überraschende Wendungen nimmt. Während aber; hlbar
1141 2110 2512 2170 Maeierlinck auf diesen Voraussetzungen klar und einfach das Voraus.
1141 2158 2544 2227 psychologische Problem entwickelt und löst, das den dichterischen ist das
1132 2194 1780 2251 Kern seines Dramas bildet,
1789 2191 2567 2279 hat Schnitzler nicht die #i es den
1126 2228 2412 2308 Kraft das Motiv, das ihm vorschwebte, festzuhalten, er wollte ru.
1136 2268 2360 2330 ein farbenprächtiges, breit angelegtes Zeitgemälde als Hintergrund für
1129 2317 2319 2362 die Handlung geben und erreichte statt dessen nur eine ziel- und regel
1140 2332 2553 2396 lose Buntheit, einen verwirrenden und verworrenen Ueberfluß an iltend die
1133 2388 2531 2449 Scenen, Gestalten, Worten und Handlungen, die nicht dem Schatz orgen¬
1137 2419 2540 2484 einer reichen Phantasie entnommen sind. Der Vorgang selbst spielt Zeitung“)
1134 2458 2540 2522 sich zwischen drei Menschen ab, ungefähr vierzig Personen aber ent¬ Chaftliche
1123 2494 2540 2556 hält das Stück, dessen Handlung sich träge durch fünf über= dese Mit¬
1642 2550 2346 2604 Beatrice, eine schöne Bürgers¬
1282 2544 1641 2604 Akte hinschleppt.
1133 2553 1279 2603 lange
1138 2587 2351 2640 tochter aus der Stadt, ein kaum dem Kindesalter ent¬
1136 2642 2349 2690 wachsenes Mädchen, hat es dem Dichter Filippo Loschi angetan. Er
1141 2668 2351 2715 will mit ihr bei Nacht aus der belagerten Stadt entflieben, und alles
1140 2704 2366 2758 ist dazu bereitet. Da erzählt ihm Beatrice, der Herzog Bentivoglio sei
1137 2740 2355 2800 ihr begegnet und habe sie mit Wohlgefallen angeschaut, dann sei sie
1140 2783 2351 2827 heimgegangen und habe sich als Herzogsbraut geträumt. Ueber diese,
1142 2819 2350 2874 wenn auch nur im Traum begangene Untreue empört, verstößt sie Filippo.
1129 2858 2355 2906 Von ihrem Bruder läßt sich Beatrice überreden, einen schlichten Bürgers¬
1126 2901 2345 2953 sohn, der sie schon lange liebte, zu ehelichen; die Trauung soll sogleich
1140 2937 2358 2991 vollzogen werden, auf dem Weg zur Kirche begegnet ihr aber abermals
1138 2980 2344 3034 der Herzog. Er spricht sie an und fordert sie in übermütiger Laune
1127 3023 2349 3073 auf, in dieser letzten Nacht vor dem Entscheidungskampf ihm anzu¬
1124 3057 2350 3114 gehören. Ihren schlichten Bräutigam sogleich vergessend, willigt
1126 3088 2358 3144 Beatrice ein, aber nur, wenn sie dem Herzog als rechtmäßige Gattin
1136 3123 2358 3180 folgen dürfe. Kurz entschlossen, geht Bentivoglio auf diese Be¬
1134 3161 2345 3233 dingung ein. Binnen zwei Stunden soll das Hochzeitsfest gefeiert
1131 3210 2344 3258 werden, zu dem der Herzog durch Herolde die ganze Bürgerschaft der
1127 3259 2350 3310 Stadt laden läßt. Während des Festes aber eilt Beatrice in einem
1130 3288 2346 3339 Augenblick, wo sie nicht beobachtet ist, zurück in das Haus
1137 3328 2348 3370 Filippos, um nun, da ihr Herzogstraum in Erfüllung ging, mit
1135 3363 2350 3427 dem Dichter zu sterben. Es fehlt ihr aber der Mut, es Filippo
1133 3405 2354 3454 gleichzutun, der vor ihren Augen den Giftbecher leert und leblos
1134 3448 2353 3497 niedersinkt. Die Lebenslust erwacht in ihr aufs neue, sie flieht
1136 3483 2345 3543 unter Zurücklassung ihres Schleiers, des Brautgeschenks des Herzogs,
1130 3528 2356 3591 aus dem Hause des Grauens zurück ins Schloß, wo das Fest seinen
1138 3562 2342 3614 Fortgang genommen hat und wo man sie bereits vermißt. Hier an¬
1125 3616 2353 3661 gelangt, wird sie vom Gatten zur Rede gestellt; über den Verbleib
1129 3647 2344 3698 des Schleiers befragt, vermag sie keine genugende Aufklärung zu geben,
1130 3693 2349 3736 und der Aufforderung, ihn herbeizuschaffen, will sie nicht nachkommen.
1131 3729 2351 3768 Erst da sie mit Entehrung und Tod bedroht wird, ist sie bereit,
1129 3753 2342 3804 den Herzog an den Ort zu führen, wo sie den Schleier verlor. Hier
1117 3799 2352 3845 erfolgt dann des Rätsels Lösung, und sie ist für den Zuschauer eine
1123 3835 2334 3886 arge Enttäuschung; sie liegt in den Worten des nunmehr zur Er¬
1125 3871 2340 3920 kenntnis kommenden Herzogs: „So nannten wir Dein Tun
2168 3911 2336 3963 Darum
1593 3911 2139 3965 und Du warst ein Kind!“
1130 3915 1528 3974 Betrug und Frevel
1120 3964 2337 4003 also all der Aufwand unter Vortäuschung psychologischer Tiefen,
1128 3997 2341 4039 diese Fülle von Worten und sprunghaft einander folgenden
1133 4027 2341 4086 Scenen, deren logischen Zusammenhang man vergeblich zu erfassen sich
1120 4069 2348 4111 abmühte, um schließlich zu erfahren, daß man, wie die handelnden
2225 4109 2341 4155 Die
1123 4112 2169 4157 Personen des Stückes, nur nach Laune genasführt wurde!
1119 4148 2336 4195 Aufführung dieses stil- und regellosen Werkes gehörte nicht zu den
