3484 4352
249 304 456 393 14.
1921 277 2376 376 box 20/3
1129 290 1203 365 G
446 301 1772 410 Der Schleier der Beatrige
1310 1165 3341 1243 Nachdrug ihre Wiedergabe dem Berichtenden fast unmöglich bekannten Dame einen Ausflug nach Wier rotz¬
661 1205 2407 1287 Der neue Schnitzler, vrdeen wird, Aber es sind Thatsachen der Seelle. Der
2403 1228 3348 1281 dem von diesen Ausflügen der Frau Rupius selt¬
2410 1275 3355 1331 sanie Gerüchte durch die klatschsüchtige Stadt
1469 1269 2410 1322 Romancier der alten Zeit, die hierin unserem Em¬
1068 1276 1461 1360 Wien, 15. Juni.
1440 1321 3348 1373 pfinden nach gewiß nicht die gute war, brauchte fliegen. Das großstädtische Leben weckt die in ihr
554 1340 1485 1418 * Wollte man die Stimmen zählen und nicht
1462 1359 3356 1429 anonyme Briefe, lange Reden, Duelle Wunden.keimenden Wünsche und Hofftungen, die sie längst
1466 1387 2418 1462 Hier sehen wir den Kampf einer Frau um die Liebe
510 1387 1473 1450 wägen, so wäre Arthur Schnitzlers „Oeupre“ ohne
2403 1396 3348 1452 verdorrk glaubte. Auchlockt der Freundin gefähr¬
1121 1434 1474 1505 der Novellenbände
1480 1442 2418 1513 eines Mannes, der sich ganz ohne Nebenbuhlerin¬
523 1446 1090 1504 Bedeutung. Noch hat keinen#
2402 1449 3354 1520 liches Beispiel. Sie schreibt, ohne an alle mög¬
1161 1485 1478 1545 erklommen; in
1482 1486 2406 1550 nen, Verrath und Selbstmord ereignet. Ein Dichter,
525 1492 1096 1548 die steile Höhe der dritten A#
2408 1490 3347 1551 lichen Folgen denken zu wollen, dem Jugendfreunde
1224 1532 1475 1592 dreißigsten
1479 1525 2414 1588 der zugleich Arzt ist, beschreibt uns die Krankheits¬
2404 1533 3356 1612 einen Gratulationsbrief; Emil Lindbach antwortet
519 1533 1122 1594 Frankreich beginnt man ja e#
515 1580 1470 1647 Tausend von einem Autor zu rede ber in Sachen
1476 1581 2410 1635 geschichte einer Seele. Die örtlichen Voraussetz¬
2406 1581 3351 1635 freundschaftlich und sofort. Sie kommt nach Wien,
523 1628 1475 1670 der Kultur entscheidet keine mmenmehr¬
1469 1627 2407 1680 ungen der Krankheit, ihr Ausbruch, die Krisis und
2404 1624 3353 1676 in dem Museum treffen sie sich, sie verbringen den
1474 1663 2409 1723 die Heilung werden uns mit einer genauen Ge¬
526 1665 1479 1716 heit, vox populi ist auch hier nicht vox dei. Es
2404 1663 3363 1732 Abend zusammen und der sieggewohnte Künstler
520 1706 1469 1777 gibt eine kleine und feine Gemeinde, die heute weiß,
1481 1709 2408 1766 wissenhaftigkeit geschildert, die in ihrer Ausführ¬
2406 1703 3355 1764 führt die arme Frau, in der alle verpaßten Be¬
525 1754 1474 1812 daß dieser stille und weltfremde Dichter nicht nur
1467 1757 2412 1827 lichkeit manchmal beinahe mehr wissenschaftlich wie
2411 1757 3353 1821 gierden, alle ungewährte Liebe ihres Lebens plötz¬
514 1799 1484 1859 ein Versprecher, sondern auch ein Erfüller ist, daß
2410 1812 3355 1862 lich ausbrechen, mit sich. Ihre bisherige Tugend
526 1841 1471 1903 ihm eine Schärfe und Sicherheit der Beobachtung
1502 1822 2415 1890 Frau Bertha Garlan lebt mit ihrem kleinen
2406 1845 3352 1906 scheint der von ihrer Liebe ganz Berauschten träge
516 1886 1472 1943 eigen ist, die jetzt in deutschen Landen von keinem
1482 1885 2399 1948 Buben in einer niederösterreichischen Provinzstadt.
2412 1893 3350 1966 und feige; versunken ist ihre Wohlanständigkeit;
516 1935 1475 1999 Anderen erreicht wird, daß er unter den verschiede¬
1470 1929 2415 1985 Sie ist wenig über dreißig Jahre alt und Wittwe.
2404 1935 3345 1999 seine Gattin, oder, geht es nicht anders, seine Ge¬
1177 1975 1473 2031 pboven ent¬
525 1977 903 2034 den Talenten, die¬
2405 1976 3347 2036 liebte will sie sein. Aber der genußsüchtige Lebens¬
1469 1962 2411 2038 Ihr Mann war ein stiller, bescheidener und guter
783 2018 1474 2069 d#s einzige ist, das seinen Platz in der
516 2022 641 2085 spre
1479 2006 3348 2081 Mensch, der sie heiratete da mit dem Tode ihrer lüstling denkt nicht daran, sich mit solcher Bürde zu
521 2056 1469 2131 Literaturgeschichte nicht nur vorgemerkt hat son¬
1463 2063 3353 2139 Eltern die Noth an sie heranzutreten drohte. Erbeladen; sie war ihm Genußobjekt, eine vorüber¬
524 2113 1473 2162 dern auch bereits besetzt hält. Für diesen Kreis,
1478 2105 2419 2179 war nicht jung, schien ihr auch nie jung und Liebe
2404 2112 3345 2171 gehende, angenehme Zerstreuung, weiter nichts.
516 2152 1475 2209 der sich langsam und sicher erweitert, sind neue
1466 2154 2411 2210 für ihn war nie in ihr aufgeblüht. Sie hatte sich
2407 2134 3348 2205 Sie muß das erkennen im selben Augenblick, da
516 2180 1471 2257 Werke Schnitzlers das, was Künstlerwerke jedem
1482 2190 2413 2243 Leuchtenderes erhofft; als Klaviervirtuosin — viel¬
2411 2198 3346 2266 Frau Rupius an dem Versuche stirbt, der Welt die
1480 2236 2348 2288 leicht auch als Gattin eines großen Künstlers
519 2243 1478 2294 Erzogenen zu sein haben: Erlebnisse, nach denen
2390 2235 3339 2302 Folgen ihres verbotenen Glückes zu verdecken, und
516 2285 1471 2342 man sich bereichert fühlt. Der fleißige Dichter hat
1469 2290 3356 2357 durch die Welt zu ziehen. Die Gelegenheit schien auch in ihr die furchtbare Angst vor solcher Strafe,
522 2329 1470 2379 seinen Getreuen in den letzten Monaten zweimal
1476 2329 3338 2396 da; ein junger Geiger, Emil Lindbach, liebte sie und  solchem Kinderfluche, erwacht ist. „Plötzlich flim¬
523 2371 1476 2427 so starke Freude bereitet. Dem italienischen Re¬
1472 2371 2410 2424 sie ihn. Nur einen einzigen Kuß hatte sie dem Be¬
2403 2375 3345 2436 mert es ihr vor den Augen, eine wohlbekannte,
529 2414 1477 2474 naissancedrama „Der Schleier der Beatrice" folgte
1481 2418 2409 2485 gehrlichen gewährt; zu fest lebte in ihr die bürger¬
2399 2414 3348 2471 plötzliche Schwäche kam über sie, ein Schwindel,
1469 2458 2404 2515 liche Sittenstrenge. Aber die Noth hatte alle ihre
512 2453 1467 2524 eine größere Novelle, die Schnitzler als Roman
2407 2466 3349 2518 der sich gleich verlor. Zuerst bebte sie leise, dann
1467 2486 2423 2574 Hoffnungen zerstört und heute scheint ihr der
523 2509 1475 2576 falsch meldet, die Seelenphotographie der Frau
2401 2513 3357 2566 aber athmete sie tief und wie erlöst auf, denn mit
526 2550 1016 2627 Bertha Garlan.
1464 2545 2409 2602 Jugendgeliebte, der als berühmter Virtuose alle
2402 2547 3358 2601 dem Hereinbrechen dieset Ermattung fühlte sie ja
561 2569 1471 2642 Es geht scheinbar sehr wenig vor auf diesen 256
1471 2576 2412 2644 Länder durchfliegt, in einer anderen Welt zu weilen.
2406 2596 3352 2663 auch, daß in diesem Augenblick nicht nur ihre Be¬
522 2625 1474 2688 Seiten. Die „Handlung“ hätte sich mühelos in eine
1473 2637 3356 2688 Die fristet von ihrem Wittwengute und Klavier=fürchtungen von frühers sondern der ganze Wahn:
515 2685 1470 2731 kurze Skizze fassen lassen. Weng man unter einem
1477 2682 3357 2743 stunden bei verwandten und befreundeten Familien dieser wirren Tage, dielletzten Schauer einer ver¬
518 2722 1481 2779 „guten Erzähler" Den versteht, der äußere Gescheh¬
1465 2720 2410 2787 sich und ihrem Söhnchen das bescheidene Leben.
2397 2728 3353 2785 langenden Weiblichkeit, Alles, was sie für Liebe ge¬
525 2765 1470 2842 nisse geschickt zu gruppiren weiß und ein Menschen¬
1470 2769 3343 2821 Aber eine leise Unzufriedenheit zernagt ihre Ruhe. halten, in nichts zu verströmen begannen. Und an
525 2814 1470 2867 schickjal wie eine Schachpartie betrachtet, die durch
1479 2813 3355 2873 „Seit Beginn dieses Frühlings fühlte sie sichdiesem Todtenbette kniend wußte sie, daß sie nicht
524 2859 1466 2915 verblüffende und geistreiche Züge immer zu einem
1475 2837 2416 2911 weniger behaglich als bisher sie schlief nicht mehr so
2395 2846 3336 2935 von Denen war, die, mit leichtem Sinne beschenkt,
520 2887 1472 2969 anderen und stets überraschenden Ende gebracht
1471 2888 2402 2958 ruhig und traumlos als früher, sie hatte zuweilen
2399 2905 3351 2970 die Freuden des Lebens ohne Zagen trinken lönnen.
1474 2932 2406 3005 eine Empfindung der Langeweile, die sie nie ge¬
512 2949 1465 3002 werden kann, dann ist Schnitzler kein Erzähler.
2559 2938 3349 3021 — Und während sie die blasse Stirn der
522 2990 1463 3043 Aber dieses Buch bietet Besseres als das mathemat¬
1467 2972 2408 3050 kannt, und das Sonderbarste war eine plötzliche
2395 2980 3357 3054 Todten betrachtete, mußte sie an den Unbekannten
1469 3031 2400 3088 Ermattung, die sie manchmal bei helllichtem Tage
510 3030 1476 3090 ische Spiel mit Figuren, gerlide weil Entwicklung
2402 3039 3372 3096 denken, für den sie hatte sterben müssen, und der #
1465 3074 2403 3137 überkam, in der sie das Kreisen des Blutes in ihrem
510 3066 1476 3133 und Ausgang den Eindruck Vener strengen Noth¬
2399 3080 3365 3159 straflos und wohl auch reuelos draußen in der
525 3128 2411 3188 wendigkeit machen, den man in Leben immer suchen ganzen Körper zu verspüren meinte, und die sie an
2403 3120 3351 3184 großen Stadt herumgehen und weiterleben durfte,
514 3164 2418 3220 muß, wenn es überhaupt einen Sinn haben soll. eine ganz frühe Epoche ihrer Mädchenzeit er¬
2401 3156 3339 3219 wie ein Anderer auch .. nein, wie tausend und
512 3209 3350 3262 Ja, äußerlich ereignet sich in dem Roman fast nichts. innerte.“ So macht sie, nach neuen und lebhaften tausend Andere, die neulich ihr Kleid gestreift und
530 3243 3386 3319 Und dennoch ist er so voll von Geschehnissen, daß Eindrücken lüsterner, als sie es selbst weiß, mit einer sie begehrlich angestarrt hatten. Und sie ahnte das
