<?xml version="1.0" encoding="UTF-8" standalone="yes"?>
<PcGts xmlns="http://schema.primaresearch.org/PAGE/gts/pagecontent/2013-07-15" xmlns:xsi="http://www.w3.org/2001/XMLSchema-instance" xsi:schemaLocation="http://schema.primaresearch.org/PAGE/gts/pagecontent/2013-07-15 http://schema.primaresearch.org/PAGE/gts/pagecontent/2013-07-15/pagecontent.xsd">
    <Metadata>
        <Creator>prov=University of Rostock/Institute of Mathematics/CITlab/Gundram Leifert/gundram.leifert@uni-rostock.de:name=ONB_Newseye_GT_M1+(htr_id=10810)::::v=2.4.2
prov=University of Rostock/Institute of Mathematics/CITlab/Tobias Gruening/tobias.gruening@uni-rostock.de:name=de.uros.citlab.module.baseline2polygon.B2PSeamMultiOriented:v=2.4.2
prov=University of Rostock/Institute of Mathematics/CITlab/Tobias Gruening/tobias.gruening@uni-rostock.de:name=/mnt/transkribus/LA/DEA/URO/LA_news_onb_att.pb:de.uros.citlab.segmentation.CITlab_LA_ML:v=2.4.2
Transkribus</Creator>
        <Created>2019-10-07T11:37:03.465+02:00</Created>
        <LastChange>2019-10-08T10:31:59.388+02:00</LastChange>
        <TranskribusMetadata docId="223979" pageId="9501256" pageNr="192" tsid="16520819" status="IN_PROGRESS" userId="40391" imgUrl="https://files.transkribus.eu/Get?id=UQGYNCDGUHTBOVODELLVCREU&amp;fileType=view" xmlUrl="https://files.transkribus.eu/Get?id=GBIKFDRRTLOKOGCUHOJFMELY" imageId="6191478"/>
    </Metadata>
    <Page imageFilename="223979_0192.jpeg" imageWidth="3484" imageHeight="4192">
        <ReadingOrder>
            <OrderedGroup id="ro_1711449046038" caption="Regions reading order">
                <RegionRefIndexed index="0" regionRef="r1"/>
            </OrderedGroup>
        </ReadingOrder>
        <TextRegion orientation="0.0" id="r1" custom="readingOrder {index:0;}">
            <Coords points="350,157 350,3626 2672,3626 2672,157"/>
            <TextLine id="r1l1" custom="readingOrder {index:0;}">
                <Coords points="1213,194 1226,194 1230,189 1234,193 1249,197 1266,196 1263,124 1246,125 1239,121 1209,124"/>
                <Baseline points="1224,186 1254,185"/>
                <TextEquiv>
                    <Unicode>d</Unicode>
                </TextEquiv>
            </TextLine>
            <TextLine id="r1l2" custom="readingOrder {index:1;}">
                <Coords points="1421,195 1436,194 1441,198 1453,199 1489,193 1486,126 1465,124 1448,127 1441,123 1439,126 1430,118 1418,118"/>
                <Baseline points="1432,187 1478,185"/>
                <TextEquiv>
                    <Unicode>B</Unicode>
                </TextEquiv>
            </TextLine>
            <TextLine id="r1l3" custom="readingOrder {index:2;}">
                <Coords points="1999,195 2096,225 2128,204 2228,206 2268,224 2326,204 2359,226 2461,232 2463,133 2340,143 2260,128 2199,170 2159,145 2117,159 2000,131"/>
                <Baseline points="2010,191 2036,193 2062,194 2088,194 2114,196 2140,196 2166,198 2192,199 2218,199 2244,200 2270,201 2296,201 2322,201 2348,201 2374,201 2400,201 2426,200 2452,200"/>
                <TextEquiv>
                    <Unicode>box 20/2</Unicode>
                </TextEquiv>
            </TextLine>
            <TextLine id="r1l4" custom="readingOrder {index:3;}">
                <Coords points="340,179 687,243 1721,248 1862,218 1863,163 1706,127 1463,194 1311,145 1236,189 1056,118 340,134"/>
                <Baseline points="350,177 425,185 500,191 575,196 650,200 725,203 800,205 875,206 950,207 1025,207 1100,207 1175,207 1250,206 1325,206 1400,206 1475,206 1550,206 1625,207 1700,208 1775,210 1851,213"/>
                <TextEquiv>
                    <Unicode>14. Der Schleienatrige</Unicode>
                </TextEquiv>
            </TextLine>
            <TextLine id="r1l5" custom="readingOrder {index:4;}">
                <Coords points="1782,1003 1846,983 1897,1000 1945,968 1979,998 2117,1006 2270,972 2478,982 2478,895 2423,933 2359,938 2230,908 2162,934 1998,905 1782,907"/>
                <Baseline points="1793,970 1826,970 1860,970 1894,970 1927,970 1961,970 1995,970 2028,970 2062,970 2096,970 2130,969 2163,969 2197,969 2231,969 2264,969 2298,969 2332,969 2365,969 2399,969 2433,969 2467,969"/>
                <TextEquiv>
                    <Unicode>R</Unicode>
                </TextEquiv>
            </TextLine>
            <TextLine id="r1l6" custom="readingOrder {index:5;}">
                <Coords points="1366,993 1408,1013 1463,1005 1496,980 1548,994 1578,979 1654,1015 1693,996 1752,1001 1780,993 1781,908 1753,923 1715,903 1677,917 1658,906 1558,920 1499,910 1445,946 1418,935 1403,949 1367,934"/>
                <Baseline points="1377,979 1403,980 1429,980 1455,981 1481,982 1507,982 1533,983 1559,984 1586,984 1612,985 1638,985 1664,985 1690,985 1716,985 1742,984 1769,984"/>
                <TextEquiv>
                    <Unicode>WN</Unicode>
                </TextEquiv>
            </TextLine>
            <TextLine id="r1l7" custom="readingOrder {index:6;}">
                <Coords points="973,1094 2614,1114 2675,1040 974,1005"/>
                <Baseline points="984,1066 1072,1069 1160,1071 1249,1073 1337,1075 1425,1076 1514,1078 1602,1079 1690,1080 1779,1081 1867,1083 1956,1084 2044,1085 2132,1086 2221,1087 2309,1089 2397,1090 2486,1092 2574,1094 2663,1096"/>
                <TextEquiv>
                    <Unicode>durchkreuzt werden. Während dieser Eifersuchtskomödie, die sich auf dem Hintergrunde</Unicode>
                </TextEquiv>
            </TextLine>
            <TextLine id="r1l8" custom="readingOrder {index:7;}">
                <Coords points="975,1130 2527,1169 2679,1108 976,1081"/>
                <Baseline points="986,1118 1070,1121 1154,1123 1238,1125 1322,1127 1406,1129 1490,1131 1574,1133 1658,1134 1742,1136 1827,1137 1911,1139 1995,1140 2079,1141 2163,1142 2247,1143 2331,1144 2415,1145 2499,1146 2583,1147 2668,1148"/>
                <TextEquiv>
                    <Unicode>breit ausgesponnener, aber unterhaltender Episoden aus dem Schiffsleben abspielt und</Unicode>
                </TextEquiv>
            </TextLine>
            <TextLine id="r1l9" custom="readingOrder {index:8;}">
                <Coords points="981,1205 2671,1224 2672,1148 982,1135"/>
                <Baseline points="993,1174 1076,1177 1159,1179 1243,1182 1326,1184 1410,1185 1493,1187 1576,1188 1660,1189 1743,1190 1827,1191 1910,1192 1993,1193 2077,1194 2160,1195 2244,1197 2327,1198 2410,1200 2494,1201 2577,1204 2661,1206"/>
                <TextEquiv>
                    <Unicode>selbstverständlich heiter endet, findet ein junges Liebespaar, Erna und Lieutenant</Unicode>
                </TextEquiv>
            </TextLine>
            <TextLine id="r1l10" custom="readingOrder {index:9;}">
                <Coords points="972,1239 2594,1276 2684,1220 972,1205"/>
                <Baseline points="983,1230 1067,1232 1151,1233 1236,1235 1320,1236 1405,1237 1489,1239 1574,1240 1658,1241 1743,1243 1827,1244 1911,1246 1996,1247 2080,1248 2165,1249 2249,1251 2334,1252 2418,1254 2503,1255 2587,1257 2672,1258"/>
                <TextEquiv>
                    <Unicode>von Donnersmarck, Gelegenheit zur Erklärung und Verlobung. Gespielt wurde mit</Unicode>
                </TextEquiv>
            </TextLine>
            <TextLine id="r1l11" custom="readingOrder {index:10;}">
                <Coords points="978,1296 2673,1335 2674,1260 979,1256"/>
                <Baseline points="989,1287 1072,1288 1156,1289 1240,1290 1323,1291 1407,1292 1491,1293 1574,1294 1658,1295 1742,1296 1826,1297 1909,1299 1993,1300 2077,1301 2160,1302 2244,1304 2328,1305 2411,1306 2495,1307 2579,1309 2663,1310"/>
                <TextEquiv>
                    <Unicode>einer Flottheit, welche angesichts der Schwierigkeiten derartiger Ertravorstellungen</Unicode>
                </TextEquiv>
            </TextLine>
            <TextLine id="r1l12" custom="readingOrder {index:11;}">
                <Coords points="969,1346 2600,1379 2675,1337 970,1293"/>
                <Baseline points="979,1340 1063,1341 1147,1342 1231,1344 1315,1345 1400,1346 1484,1347 1568,1349 1652,1350 1736,1351 1821,1352 1905,1353 1989,1355 2073,1355 2157,1356 2242,1357 2326,1358 2410,1358 2494,1359 2578,1359 2663,1360"/>
                <TextEquiv>
                    <Unicode>überraschen mußte. Frl. Käthe Faber feierte als vulkanische Mexikanerin wahre</Unicode>
                </TextEquiv>
            </TextLine>
            <TextLine id="r1l13" custom="readingOrder {index:12;}">
                <Coords points="974,1403 2637,1431 2680,1372 975,1346"/>
                <Baseline points="984,1391 1068,1394 1152,1396 1236,1397 1320,1399 1405,1400 1489,1402 1573,1403 1657,1404 1741,1405 1826,1406 1910,1407 1994,1408 2078,1409 2162,1410 2247,1411 2331,1412 2415,1413 2499,1415 2583,1417 2668,1419"/>
                <TextEquiv>
                    <Unicode>Triumphe, aber auch Frl. Adele Hartwig (Franziska) und Frl. Stefanie Kröß</Unicode>
                </TextEquiv>
            </TextLine>
            <TextLine id="r1l14" custom="readingOrder {index:13;}">
                <Coords points="981,1449 2645,1487 2670,1419 981,1398"/>
                <Baseline points="992,1444 1075,1447 1158,1449 1242,1451 1325,1453 1408,1454 1492,1455 1575,1456 1658,1457 1742,1457 1825,1458 1908,1458 1992,1459 2075,1460 2158,1461 2242,1462 2325,1464 2408,1466 2492,1468 2575,1470 2659,1474"/>
                <TextEquiv>
                    <Unicode>(Erna) ernteten wohlverdienten Beifall. Unter den männlichen Darstellern ragten</Unicode>
                </TextEquiv>
            </TextLine>
            <TextLine id="r1l15" custom="readingOrder {index:14;}">
                <Coords points="975,1502 2253,1541 2679,1503 976,1449"/>
                <Baseline points="985,1500 1069,1501 1153,1502 1237,1503 1321,1504 1405,1505 1489,1507 1574,1508 1658,1509 1742,1511 1826,1512 1910,1513 1994,1514 2078,1516 2163,1517 2247,1518 2331,1520 2415,1521 2499,1523 2583,1524 2668,1526"/>
                <TextEquiv>
                    <Unicode>Herr Seldeneck als prächtiger Marinekapitän und Herr Mar Adalbert als Kadett</Unicode>
                </TextEquiv>
            </TextLine>
            <TextLine id="r1l16" custom="readingOrder {index:15;}">
                <Coords points="960,1582 2681,1588 2681,1526 961,1529"/>
                <Baseline points="972,1554 1056,1556 1141,1557 1226,1558 1311,1559 1396,1561 1481,1562 1566,1563 1651,1565 1736,1566 1821,1567 1905,1568 1990,1570 2075,1571 2160,1572 2245,1573 2330,1574 2415,1576 2500,1577 2585,1578 2670,1579"/>
                <TextEquiv>
                    <Unicode>hervor. Im Namen der Verfasser hatte Herr Lawerrenz mehrmals Gelegenheit, sich</Unicode>
                </TextEquiv>
            </TextLine>
            <TextLine id="r1l17" custom="readingOrder {index:16;}">
                <Coords points="968,1606 1025,1630 1074,1614 1195,1633 1478,1621 1532,1650 1643,1624 1644,1592 1549,1571 1434,1593 1273,1558 969,1580"/>
                <Baseline points="978,1607 1010,1607 1043,1607 1076,1608 1109,1608 1141,1609 1174,1609 1207,1610 1240,1611 1272,1612 1305,1612 1338,1613 1371,1614 1403,1615 1436,1615 1469,1616 1502,1616 1534,1616 1567,1616 1600,1616 1633,1616"/>
                <TextEquiv>
                    <Unicode>vor dem Publikum zu verneigen.</Unicode>
                </TextEquiv>
            </TextLine>
            <TextLine id="r1l18" custom="readingOrder {index:17;}">
                <Coords points="1082,1667 2655,1710 2675,1668 2559,1613 1082,1627"/>
                <Baseline points="1092,1663 1170,1664 1249,1665 1327,1666 1406,1667 1485,1668 1563,1669 1642,1670 1720,1672 1799,1673 1878,1674 1956,1675 2035,1676 2113,1677 2192,1678 2271,1679 2349,1680 2428,1681 2506,1682 2585,1683 2664,1684"/>
                <TextEquiv>
                    <Unicode>Frankfurt a. M. Die Offizierstragödie „Rosenmontag“ von Otto Erich</Unicode>
                </TextEquiv>
            </TextLine>
            <TextLine id="r1l19" custom="readingOrder {index:18;}">
                <Coords points="968,1732 2667,1762 2667,1702 2521,1688 969,1672"/>
                <Baseline points="978,1716 1061,1717 1145,1718 1229,1719 1313,1720 1397,1721 1481,1722 1565,1723 1649,1724 1733,1725 1817,1726 1900,1728 1984,1729 2068,1730 2152,1731 2236,1732 2320,1734 2404,1735 2488,1737 2572,1738 2656,1740"/>
                <TextEquiv>
                    <Unicode>Hartleben erzielte bei der ersten Aufführung im Schauspielhause durchschlagenden Erfolg.</Unicode>
                </TextEquiv>
            </TextLine>
            <TextLine id="r1l20" custom="readingOrder {index:19;}">
                <Coords points="1088,1782 2485,1813 2664,1798 2665,1740 1089,1733"/>
                <Baseline points="1098,1770 1175,1771 1253,1773 1331,1775 1409,1777 1486,1778 1564,1780 1642,1781 1720,1782 1797,1783 1875,1784 1953,1784 2031,1785 2108,1786 2186,1786 2264,1787 2342,1787 2419,1787 2497,1788 2575,1788 2653,1788"/>
                <TextEquiv>
                    <Unicode>Magdeburg. Hier hat nun auch, wie in Darmstadt und Mainz zuvor</Unicode>
                </TextEquiv>
            </TextLine>
            <TextLine id="r1l21" custom="readingOrder {index:20;}">
                <Coords points="961,1840 2679,1877 2649,1790 963,1768"/>
                <Baseline points="972,1823 1056,1824 1141,1825 1226,1826 1311,1827 1396,1828 1480,1830 1565,1831 1650,1832 1735,1834 1820,1836 1904,1837 1989,1838 2074,1840 2159,1841 2244,1843 2328,1844 2413,1846 2498,1847 2583,1849 2668,1850"/>
                <TextEquiv>
                    <Unicode>K. von Kaskel Oper „Die Bettlerin vom Pont des Arts“ einen großen Erfolg</Unicode>
                </TextEquiv>
            </TextLine>
            <TextLine id="r1l22" custom="readingOrder {index:21;}">
                <Coords points="967,1890 994,1886 1001,1892 1009,1884 1041,1893 1054,1889 1098,1911 1181,1897 1182,1834 1157,1825 1131,1835 1112,1828 1101,1839 1059,1832 1021,1846 968,1834"/>
                <Baseline points="978,1875 1005,1876 1032,1876 1060,1877 1087,1877 1115,1877 1142,1878 1170,1879"/>
                <TextEquiv>
                    <Unicode>errungen.</Unicode>
                </TextEquiv>
            </TextLine>
            <TextLine id="r1l23" custom="readingOrder {index:22;}">
                <Coords points="1745,1977 1769,1976 1779,1987 1804,1987 1813,1979 1828,1979 1843,1971 1854,1980 1873,1974 1875,1883 1856,1882 1805,1896 1747,1888"/>
                <Baseline points="1756,1955 1782,1956 1809,1956 1836,1957 1863,1958"/>
                <TextEquiv>
                    <Unicode>*</Unicode>
                </TextEquiv>
            </TextLine>
            <TextLine id="r1l24" custom="readingOrder {index:23;}">
                <Coords points="1425,2082 1523,2106 2164,2101 2192,2095 2193,2025 1426,2010"/>
                <Baseline points="1436,2080 1473,2079 1510,2078 1547,2078 1585,2078 1622,2078 1659,2079 1697,2079 1734,2080 1771,2081 1809,2081 1846,2082 1883,2083 1920,2084 1958,2084 1995,2085 2032,2085 2070,2085 2107,2085 2144,2085 2182,2085"/>
                <TextEquiv>
                    <Unicode>Breslauer Theaterbrief.</Unicode>
                </TextEquiv>
            </TextLine>
            <TextLine id="r1l25" custom="readingOrder {index:24;}">
                <Coords points="1131,2150 2657,2185 2658,2125 1131,2087"/>
                <Baseline points="1142,2147 1217,2149 1292,2150 1367,2151 1443,2152 1518,2153 1593,2154 1669,2155 1744,2155 1819,2156 1895,2156 1970,2157 2045,2157 2120,2158 2196,2158 2271,2159 2346,2159 2422,2160 2497,2160 2572,2161 2648,2162"/>
                <TextEquiv>
                    <Unicode>Von zwei grundverschiedenen Premièren, von denen die eine keinen litterarischen</Unicode>
                </TextEquiv>
            </TextLine>
            <TextLine id="r1l26" custom="readingOrder {index:25;}">
                <Coords points="1141,2217 2579,2239 2666,2231 2667,2180 1142,2164"/>
                <Baseline points="1152,2202 1227,2203 1302,2205 1377,2206 1452,2207 1528,2208 1603,2210 1678,2211 1753,2211 1828,2212 1904,2213 1979,2214 2054,2214 2129,2215 2204,2215 2280,2216 2355,2216 2430,2216 2505,2216 2580,2215 2656,2215"/>
                <TextEquiv>
                    <Unicode>4 Wert und starken Beifall hatte, während die andere unsere moderne ohnehin</Unicode>
                </TextEquiv>
            </TextLine>
            <TextLine id="r1l27" custom="readingOrder {index:26;}">
                <Coords points="960,2264 2668,2278 2613,2229 2320,2213 961,2210"/>
                <Baseline points="971,2258 1055,2258 1139,2259 1223,2259 1308,2260 1392,2260 1476,2261 1560,2261 1645,2262 1729,2262 1813,2263 1897,2264 1982,2265 2066,2265 2150,2266 2234,2267 2319,2268 2403,2269 2487,2270 2571,2271 2656,2273"/>
                <TextEquiv>
                    <Unicode>a Genie und Geist so arme Theaterlitteratur bereicherte und geringere</Unicode>
                </TextEquiv>
            </TextLine>
            <TextLine id="r1l28" custom="readingOrder {index:27;}">
                <Coords points="956,2327 1001,2312 1071,2333 1130,2315 1277,2332 1370,2314 1371,2295 1259,2259 1205,2280 1006,2266 957,2278"/>
                <Baseline points="966,2303 992,2304 1018,2306 1044,2306 1071,2307 1097,2308 1123,2308 1149,2309 1176,2309 1202,2309 1228,2310 1254,2310 1281,2310 1307,2310 1333,2310 1360,2310"/>
                <TextEquiv>
                    <Unicode>Teilnahme erzielte.</Unicode>
                </TextEquiv>
            </TextLine>
            <TextLine id="r1l29" custom="readingOrder {index:28;}">
                <Coords points="1066,2364 2591,2401 2665,2380 2666,2312 1067,2323"/>
                <Baseline points="1077,2362 1155,2362 1234,2363 1313,2364 1392,2365 1471,2366 1550,2367 1628,2368 1707,2369 1786,2370 1865,2371 1944,2372 2023,2373 2102,2374 2180,2375 2259,2376 2338,2377 2417,2377 2496,2378 2575,2378 2654,2378"/>
                <TextEquiv>
                    <Unicode>Die „strengen Herren,“ Schwank von Blumenthal u. Kadelburg ging, wie schon</Unicode>
                </TextEquiv>
            </TextLine>
            <TextLine id="r1l30" custom="readingOrder {index:29;}">
                <Coords points="957,2417 2663,2441 2521,2376 958,2383"/>
                <Baseline points="968,2413 1052,2414 1136,2415 1220,2416 1304,2417 1389,2418 1473,2419 1557,2420 1641,2421 1725,2422 1810,2423 1894,2424 1978,2425 2062,2426 2146,2426 2231,2427 2315,2428 2399,2429 2483,2429 2567,2430 2652,2431"/>
                <TextEquiv>
                    <Unicode>gemeldet, im Lobetheater mit großem Lacherfolg über die Bühne. Die sattsam bekannte</Unicode>
                </TextEquiv>
            </TextLine>
            <TextLine id="r1l31" custom="readingOrder {index:30;}">
                <Coords points="720,2516 745,2511 798,2466 852,2468 891,2452 849,2308 824,2319 798,2345 776,2351 758,2383 710,2428 695,2430"/>
                <Baseline points="720,2482 746,2474 772,2466 799,2456 825,2448 851,2442 878,2440"/>
                <TextEquiv>
                    <Unicode>7</Unicode>
                </TextEquiv>
            </TextLine>
            <TextLine id="r1l32" custom="readingOrder {index:31;}">
                <Coords points="958,2469 2498,2506 2663,2487 2664,2442 959,2437"/>
                <Baseline points="969,2466 1053,2467 1137,2467 1221,2469 1305,2470 1389,2471 1473,2473 1558,2474 1642,2476 1726,2477 1810,2479 1894,2480 1978,2481 2062,2483 2147,2483 2231,2484 2315,2484 2399,2484 2483,2483 2567,2482 2652,2481"/>
                <TextEquiv>
                    <Unicode>Ler Heinze bot den Verfassern Stoff für ihr neuestes Werk, das sie mit all den alten</Unicode>
                </TextEquiv>
            </TextLine>
            <TextLine id="r1l33" custom="readingOrder {index:32;}">
                <Coords points="958,2530 2533,2559 2654,2546 2655,2497 958,2477"/>
                <Baseline points="969,2523 1052,2524 1136,2524 1220,2525 1303,2526 1387,2527 1471,2528 1554,2529 1638,2530 1722,2531 1806,2532 1889,2533 1973,2534 2057,2534 2140,2535 2224,2536 2308,2536 2391,2536 2475,2537 2559,2537 2643,2536"/>
                <TextEquiv>
                    <Unicode>und wieder aufgefrischten Mätzchen und einer kleinen Zugabe von neuen Kalauern aus¬</Unicode>
                </TextEquiv>
            </TextLine>
            <TextLine id="r1l34" custom="readingOrder {index:33;}">
                <Coords points="965,2590 2653,2621 2653,2536 965,2532"/>
                <Baseline points="975,2577 1058,2578 1141,2579 1225,2580 1308,2580 1392,2581 1475,2582 1558,2582 1642,2583 1725,2584 1809,2584 1892,2585 1975,2585 2059,2586 2142,2586 2226,2587 2309,2587 2392,2588 2476,2589 2559,2589 2643,2590"/>
                <TextEquiv>
                    <Unicode>statteten. In der Mitte der Handlung steht der ehemalige Weinhändler jetzt Reichstags¬</Unicode>
                </TextEquiv>
            </TextLine>
            <TextLine id="r1l35" custom="readingOrder {index:34;}">
                <Coords points="733,2630 746,2630 763,2639 797,2609 802,2613 814,2610 810,2544 795,2545 783,2553 761,2550 743,2566 729,2567"/>
                <Baseline points="742,2619 773,2618 804,2615"/>
                <TextEquiv>
                    <Unicode>7</Unicode>
                </TextEquiv>
            </TextLine>
            <TextLine id="r1l36" custom="readingOrder {index:35;}">
                <Coords points="956,2621 2663,2655 2313,2590 956,2591"/>
                <Baseline points="967,2632 1051,2632 1135,2632 1219,2632 1304,2633 1388,2633 1472,2634 1557,2635 1641,2635 1725,2636 1810,2637 1894,2638 1978,2639 2062,2640 2147,2640 2231,2641 2315,2642 2400,2643 2484,2644 2568,2645 2653,2646"/>
                <TextEquiv>
                    <Unicode>abgeordneter, Herr Gabriel Wernicke, im Grunde ein sehr harmloser Mensch, der aber</Unicode>
                </TextEquiv>
            </TextLine>
            <TextLine id="r1l37" custom="readingOrder {index:36;}">
                <Coords points="962,2696 2650,2717 2650,2653 2536,2648 962,2662"/>
                <Baseline points="973,2687 1056,2687 1139,2687 1222,2687 1306,2687 1389,2687 1472,2688 1556,2689 1639,2689 1722,2690 1806,2691 1889,2692 1972,2692 2055,2693 2139,2694 2222,2695 2305,2695 2389,2696 2472,2696 2555,2697 2639,2697"/>
                <TextEquiv>
                    <Unicode>als eifriger Anhänzer seiner Partei, die die Hebung der sittlichen Verhältnisse in Berlin</Unicode>
                </TextEquiv>
            </TextLine>
            <TextLine id="r1l38" custom="readingOrder {index:37;}">
                <Coords points="959,2741 2622,2772 2652,2717 959,2705"/>
                <Baseline points="969,2740 1052,2741 1136,2741 1219,2742 1303,2742 1387,2743 1470,2743 1554,2744 1637,2744 1721,2744 1805,2745 1888,2745 1972,2746 2055,2746 2139,2747 2223,2747 2306,2748 2390,2748 2473,2749 2557,2750 2641,2751"/>
                <TextEquiv>
                    <Unicode>erstrebt, auch in seiner nächsten Umgebung die moralische Reinigung vornimmt. So</Unicode>
                </TextEquiv>
            </TextLine>
            <TextLine id="r1l39" custom="readingOrder {index:38;}">
                <Coords points="951,2810 2575,2830 2663,2780 951,2752"/>
                <Baseline points="962,2794 1046,2794 1130,2794 1215,2794 1299,2794 1384,2795 1468,2795 1553,2796 1637,2797 1722,2798 1806,2799 1890,2800 1975,2801 2059,2802 2144,2802 2228,2803 2313,2804 2397,2805 2482,2805 2566,2806 2651,2806"/>
                <TextEquiv>
                    <Unicode>hat er zum Beispiele seinen Schwiegersohn, den Arzt Hettner, dazu gebracht, dessen</Unicode>
                </TextEquiv>
            </TextLine>
            <TextLine id="r1l40" custom="readingOrder {index:39;}">
                <Coords points="949,2848 2648,2881 2546,2814 949,2816"/>
                <Baseline points="959,2848 1042,2848 1126,2848 1210,2848 1294,2848 1378,2848 1462,2849 1546,2849 1630,2850 1714,2850 1798,2851 1881,2852 1965,2853 2049,2854 2133,2855 2217,2856 2301,2857 2385,2858 2469,2859 2553,2860 2637,2861"/>
                <TextEquiv>
                    <Unicode>Wohnung von den sogenannten unsittlichen Auswüchsen der Moderne zu säubern.</Unicode>
                </TextEquiv>
            </TextLine>
            <TextLine id="r1l41" custom="readingOrder {index:40;}">
                <Coords points="952,2897 2644,2943 2605,2868 953,2861"/>
                <Baseline points="963,2898 1046,2899 1130,2900 1213,2901 1297,2902 1381,2902 1464,2903 1548,2903 1631,2904 1715,2904 1799,2905 1882,2905 1966,2906 2049,2907 2133,2908 2217,2909 2300,2910 2384,2911 2467,2913 2551,2914 2635,2916"/>
                <TextEquiv>
                    <Unicode>Der innigste Wunsch des Herrn Wernicke aber ist einmal im Abgeordnetenhause zu</Unicode>
                </TextEquiv>
            </TextLine>
            <TextLine id="r1l42" custom="readingOrder {index:41;}">
                <Coords points="946,2959 2656,3006 2656,2927 2573,2920 947,2895"/>
                <Baseline points="956,2955 1040,2956 1124,2957 1209,2957 1293,2958 1378,2959 1462,2959 1547,2959 1631,2960 1716,2960 1800,2961 1884,2961 1969,2962 2053,2962 2138,2963 2222,2964 2307,2965 2391,2966 2476,2967 2560,2968 2645,2970"/>
                <TextEquiv>
                    <Unicode>sprechen. Dazu bietet sich endlich eine famose Gelegenheit, indem ein von seinen</Unicode>
                </TextEquiv>
            </TextLine>
            <TextLine id="r1l43" custom="readingOrder {index:42;}">
                <Coords points="950,3012 2632,3054 2656,3003 950,2971"/>
                <Baseline points="960,3007 1044,3008 1128,3009 1212,3009 1296,3010 1381,3010 1465,3010 1549,3011 1633,3011 1717,3012 1802,3012 1886,3013 1970,3013 2054,3014 2138,3015 2223,3016 2307,3018 2391,3019 2475,3021 2559,3023 2644,3025"/>
                <TextEquiv>
                    <Unicode>Parteifreunden als unsittlich hingestelltes Stück von einem Anonymus zur Aufführung</Unicode>
                </TextEquiv>
            </TextLine>
            <TextLine id="r1l44" custom="readingOrder {index:43;}">
                <Coords points="942,3062 2654,3082 2414,3022 942,3045"/>
                <Baseline points="953,3061 1037,3062 1122,3063 1206,3065 1291,3065 1375,3066 1460,3066 1544,3067 1629,3067 1713,3068 1798,3068 1882,3069 1967,3069 2051,3070 2136,3070 2220,3071 2305,3072 2389,3073 2474,3074 2558,3076 2643,3078"/>
                <TextEquiv>
                    <Unicode>gebracht werden soll, und er dazu ausersehen wird, gegen dieses Stück zu protestieren.</Unicode>
                </TextEquiv>
            </TextLine>
            <TextLine id="r1l45" custom="readingOrder {index:44;}">
                <Coords points="949,3130 2635,3135 2616,3082 949,3062"/>
                <Baseline points="960,3119 1043,3119 1126,3120 1209,3120 1293,3120 1376,3121 1459,3121 1542,3121 1626,3122 1709,3122 1792,3122 1875,3123 1959,3123 2042,3123 2125,3124 2208,3124 2292,3124 2375,3125 2458,3125 2541,3126 2625,3126"/>
                <TextEquiv>
                    <Unicode>Da er jedoch nur auf seine Rede, die ihm sein Abgott, der Abgeordnete Rasch, zu¬</Unicode>
                </TextEquiv>
            </TextLine>
            <TextLine id="r1l46" custom="readingOrder {index:45;}">
                <Coords points="956,3184 2642,3191 2619,3131 956,3116"/>
                <Baseline points="966,3171 1049,3172 1132,3172 1215,3173 1299,3173 1382,3173 1465,3174 1548,3174 1632,3174 1715,3175 1798,3175 1881,3175 1965,3176 2048,3176 2131,3177 2214,3177 2298,3178 2381,3179 2464,3179 2547,3180 2631,3181"/>
                <TextEquiv>
                    <Unicode>sammengestellt, vorbereitet ist und nicht auf die Erwiderung seiner Gegner, so schließt</Unicode>
                </TextEquiv>
            </TextLine>
            <TextLine id="r1l47" custom="readingOrder {index:46;}">
                <Coords points="959,3234 2635,3261 2635,3198 2472,3180 960,3187"/>
                <Baseline points="969,3225 1051,3225 1134,3226 1217,3226 1300,3227 1382,3227 1465,3228 1548,3228 1631,3229 1713,3229 1796,3230 1879,3230 1962,3230 2044,3231 2127,3231 2210,3232 2293,3233 2375,3233 2458,3234 2541,3235 2624,3235"/>
                <TextEquiv>
                    <Unicode>sein erstes Rednerdebut mit einer großen Blamage für ihn und seiner Partei. Nach¬</Unicode>
                </TextEquiv>
            </TextLine>
            <TextLine id="r1l48" custom="readingOrder {index:47;}">
                <Coords points="940,3284 2647,3288 2573,3239 940,3235"/>
                <Baseline points="951,3276 1035,3278 1119,3280 1203,3281 1288,3282 1372,3283 1456,3283 1540,3284 1625,3284 1709,3284 1793,3284 1877,3284 1962,3284 2046,3284 2130,3284 2214,3284 2299,3285 2383,3286 2467,3287 2551,3288 2636,3290"/>
                <TextEquiv>
                    <Unicode>dem er nun einsehen muß, daß er als Abgeordneter keine Lorbeeren pflücken kann,</Unicode>
                </TextEquiv>
            </TextLine>
            <TextLine id="r1l49" custom="readingOrder {index:48;}">
                <Coords points="945,3348 2378,3366 2633,3354 2634,3297 945,3295"/>
                <Baseline points="955,3332 1038,3333 1121,3334 1205,3335 1288,3336 1372,3337 1455,3337 1538,3337 1622,3337 1705,3337 1789,3337 1872,3337 1955,3337 2039,3337 2122,3338 2206,3338 2289,3339 2372,3340 2456,3342 2539,3343 2623,3346"/>
                <TextEquiv>
                    <Unicode>ergreift er mit Freuden den ihm von seinen Freunden gemachten Vorschlag, die frei¬</Unicode>
                </TextEquiv>
            </TextLine>
            <TextLine id="r1l50" custom="readingOrder {index:49;}">
                <Coords points="941,3403 2651,3409 2634,3348 941,3350"/>
                <Baseline points="951,3384 1035,3385 1119,3386 1204,3387 1288,3388 1373,3389 1457,3390 1542,3391 1626,3391 1711,3392 1795,3393 1879,3393 1964,3394 2048,3394 2133,3394 2217,3395 2302,3395 2386,3396 2471,3396 2555,3397 2640,3397"/>
                <TextEquiv>
                    <Unicode>willige Niederlegung seines Mandats, da er obendrein noch erfährt, seine Kanditatur</Unicode>
                </TextEquiv>
            </TextLine>
            <TextLine id="r1l51" custom="readingOrder {index:50;}">
                <Coords points="945,3456 2640,3455 2604,3400 946,3395"/>
                <Baseline points="957,3437 1040,3439 1124,3441 1207,3442 1291,3443 1375,3444 1458,3445 1542,3446 1626,3446 1709,3446 1793,3446 1877,3447 1960,3447 2044,3447 2128,3447 2211,3447 2295,3447 2379,3448 2462,3448 2546,3449 2630,3450"/>
                <TextEquiv>
                    <Unicode>werde angezweifelt. Dazwischen spielen sich noch einige Nebenscenen ab, wie die Ver¬</Unicode>
                </TextEquiv>
            </TextLine>
            <TextLine id="r1l52" custom="readingOrder {index:51;}">
                <Coords points="945,3512 2625,3519 2642,3453 945,3463"/>
                <Baseline points="956,3489 1039,3491 1123,3493 1207,3495 1291,3496 1374,3497 1458,3497 1542,3498 1626,3498 1709,3498 1793,3498 1877,3498 1961,3498 2044,3499 2128,3499 2212,3499 2296,3499 2379,3500 2463,3501 2547,3502 2631,3504"/>
                <TextEquiv>
                    <Unicode>lobung des Dichters vom obengenannten anonymen Stücke mit der jüngsten Tochter</Unicode>
                </TextEquiv>
            </TextLine>
            <TextLine id="r1l53" custom="readingOrder {index:52;}">
                <Coords points="939,3553 2658,3568 2637,3510 940,3502"/>
                <Baseline points="950,3543 1034,3546 1119,3548 1204,3550 1289,3552 1374,3553 1458,3554 1543,3555 1628,3555 1713,3555 1798,3556 1882,3556 1967,3556 2052,3556 2137,3556 2222,3556 2306,3556 2391,3557 2476,3557 2561,3558 2646,3559"/>
                <TextEquiv>
                    <Unicode>Wernickes und einige häusliche Episoden des jungen Doktorpaares, die besonders die</Unicode>
                </TextEquiv>
            </TextLine>
            <TextLine id="r1l54" custom="readingOrder {index:53;}">
                <Coords points="951,3621 2572,3643 2669,3592 951,3546"/>
                <Baseline points="961,3606 1045,3607 1130,3608 1215,3609 1300,3610 1385,3610 1470,3611 1554,3611 1639,3612 1724,3612 1809,3612 1894,3612 1979,3612 2064,3612 2148,3612 2233,3611 2318,3611 2403,3611 2488,3611 2573,3610 2658,3610"/>
                <TextEquiv>
                    <Unicode>Heiterkeit des Publikums erregten. Was die Darstellung anbelangt, so haben wir für</Unicode>
                </TextEquiv>
            </TextLine>
            <TextEquiv>
                <Unicode>d
B
box 20/2
14. Der Schleienatrige
R
WN
durchkreuzt werden. Während dieser Eifersuchtskomödie, die sich auf dem Hintergrunde
breit ausgesponnener, aber unterhaltender Episoden aus dem Schiffsleben abspielt und
selbstverständlich heiter endet, findet ein junges Liebespaar, Erna und Lieutenant
von Donnersmarck, Gelegenheit zur Erklärung und Verlobung. Gespielt wurde mit
einer Flottheit, welche angesichts der Schwierigkeiten derartiger Ertravorstellungen
überraschen mußte. Frl. Käthe Faber feierte als vulkanische Mexikanerin wahre
Triumphe, aber auch Frl. Adele Hartwig (Franziska) und Frl. Stefanie Kröß
(Erna) ernteten wohlverdienten Beifall. Unter den männlichen Darstellern ragten
Herr Seldeneck als prächtiger Marinekapitän und Herr Mar Adalbert als Kadett
hervor. Im Namen der Verfasser hatte Herr Lawerrenz mehrmals Gelegenheit, sich
vor dem Publikum zu verneigen.
Frankfurt a. M. Die Offizierstragödie „Rosenmontag“ von Otto Erich
Hartleben erzielte bei der ersten Aufführung im Schauspielhause durchschlagenden Erfolg.
Magdeburg. Hier hat nun auch, wie in Darmstadt und Mainz zuvor
K. von Kaskel Oper „Die Bettlerin vom Pont des Arts“ einen großen Erfolg
errungen.
*
Breslauer Theaterbrief.
Von zwei grundverschiedenen Premièren, von denen die eine keinen litterarischen
4 Wert und starken Beifall hatte, während die andere unsere moderne ohnehin
a Genie und Geist so arme Theaterlitteratur bereicherte und geringere
Teilnahme erzielte.
Die „strengen Herren,“ Schwank von Blumenthal u. Kadelburg ging, wie schon
gemeldet, im Lobetheater mit großem Lacherfolg über die Bühne. Die sattsam bekannte
7
Ler Heinze bot den Verfassern Stoff für ihr neuestes Werk, das sie mit all den alten
und wieder aufgefrischten Mätzchen und einer kleinen Zugabe von neuen Kalauern aus¬
statteten. In der Mitte der Handlung steht der ehemalige Weinhändler jetzt Reichstags¬
7
abgeordneter, Herr Gabriel Wernicke, im Grunde ein sehr harmloser Mensch, der aber
als eifriger Anhänzer seiner Partei, die die Hebung der sittlichen Verhältnisse in Berlin
erstrebt, auch in seiner nächsten Umgebung die moralische Reinigung vornimmt. So
hat er zum Beispiele seinen Schwiegersohn, den Arzt Hettner, dazu gebracht, dessen
Wohnung von den sogenannten unsittlichen Auswüchsen der Moderne zu säubern.
Der innigste Wunsch des Herrn Wernicke aber ist einmal im Abgeordnetenhause zu
sprechen. Dazu bietet sich endlich eine famose Gelegenheit, indem ein von seinen
Parteifreunden als unsittlich hingestelltes Stück von einem Anonymus zur Aufführung
gebracht werden soll, und er dazu ausersehen wird, gegen dieses Stück zu protestieren.
Da er jedoch nur auf seine Rede, die ihm sein Abgott, der Abgeordnete Rasch, zu¬
sammengestellt, vorbereitet ist und nicht auf die Erwiderung seiner Gegner, so schließt
sein erstes Rednerdebut mit einer großen Blamage für ihn und seiner Partei. Nach¬
dem er nun einsehen muß, daß er als Abgeordneter keine Lorbeeren pflücken kann,
ergreift er mit Freuden den ihm von seinen Freunden gemachten Vorschlag, die frei¬
willige Niederlegung seines Mandats, da er obendrein noch erfährt, seine Kanditatur
werde angezweifelt. Dazwischen spielen sich noch einige Nebenscenen ab, wie die Ver¬
lobung des Dichters vom obengenannten anonymen Stücke mit der jüngsten Tochter
Wernickes und einige häusliche Episoden des jungen Doktorpaares, die besonders die
Heiterkeit des Publikums erregten. Was die Darstellung anbelangt, so haben wir für</Unicode>
            </TextEquiv>
        </TextRegion>
    </Page>
</PcGts>
