3436 4224
1957 122 2407 207 box 20/2
285 127 1812 208 14. Der Schleier der Beatrige
1762 406 2178 475 Telefon 12801.
1286 499 2659 569 Alex. Weigl's Unternehmen für Zeitungs-Ausschnitte
2309 561 2526 624 Ausschnitt
1637 576 2645 708 „OBSERVER“ Nr. 49
1236 714 2715 791 I. österr. behördl. conc. Bureau für Zeitungsberichte u. Personalnachrichten
1428 785 2526 857 Wien, IX/1, Türkenstrasse 17.
1646 867 2383 942 Filiale in Budapest: „Figyelö“ —
1247 934 2693 1008 Vertretungen in Berlin, Chicago, Genf, London, Newyork, Paris, Rom, Stockholm.
1241 1011 2766 1144 Aussennitt aus: Siedlaue -Korgenhertang.
1964 1135 2477 1289 OO
1255 1195 1788 1311 vom 4%
1446 1439 2698 1516 Lobetheater. Sonnabend, 1. December. „Der Schleier der
1379 1478 2697 1555 Beatrice.“ Es ist kaum angängig, den wirklichen Werth des neuesten
1377 1522 2699 1581 Dramas von Arthur Schnitzler nach der Aufführung vom Sonnabend
1380 1546 2692 1625 kritisch zu schätzen. Das Werk zeigt den Wiener Poeten so fern von seinen
1379 1592 2709 1668 bisherigen Pfaden, in so hastigem Aufstieg nach den höchsten Gipfeln
1374 1629 2706 1699 dramalischer Kunst, so kühn in seinem Wollen, so anspruchsvoll an seine
1375 1665 2700 1729 Interpreten, daß nur eine Bühne von reichsten künstlerischen Mitteln
1364 1698 2701 1797 „geeignet war, den „Schleier der Beatrice“ einer sicheren Beurtheilung
1367 1740 1589 1799 zu stellen.
1453 1783 2696 1854 Diese Schöpfung entfloß einer Begabung, die sich aus hohen dichterischen
1375 1815 2696 1898 und theatralischen Qualitäten wundersam mischt. Die Handlung zielt
1375 1853 2699 1931 rücksichtslos auf die stärksten Effecte, sie häuft tragische Katastrophen, die
1380 1889 2704 1970 von den Modernen sonst in Acht und Bann gethan werden, in fast ver¬
1372 1930 2692 2007 schwenderischer Fülle. Dazwischen singt Schnitzler die füßesten Verse,
1364 1976 2694 2043 entwickelt er Charaktere von abgründiger Eigenart, zeigt er scenische Bilder
1371 2004 2678 2085 von erlesenen Reizen. Dem zierlichen Barock=Stückchen, das Hoffmanns¬
1292 2046 2688 2121 Für thal in „Der Abenteurer und die Sängerin“ geschaffen hat, stellt Schnitzler
1370 2091 2677 2163 das große wuchtige Renaissance=Drama zur Seite. Diese Renaissance¬
1381 2128 2695 2192 Epoche mit ihren grellen, harten Contrasten vor einem an die grauen.
1377 2151 2676 2235 Farben der Alltags=Dramatik gewöhnten Hörerkreise wieder aufleben zu
1318 2213 2727 2284 „ kassen, ist fürwahr ein kühnes Unterfangen. Ob dieses Unterfangenas
1364 2241 2720 2336 dem Autor geglückt oder mißglückt ist, das wird, wie gesagt, heute niemanden
1372 2273 2640 2349 mit Bestimmtheit entscheiden können, denn das Werk war um wichtig
1263 2280 2685 2402 Abon!Theile verkürzt und die Darstellung versagte gerade dort, wo der Dichter
1275 2336 2184 2409 Abonihrer Unterstützung am dringendsten bedurfte.
1449 2394 2720 2462 Da ist die Heldin des Schauspiels, Beatrice Nardi. Ein Geschöpf, holddlie
1365 2395 2729 2493 selig jung an Jahren und erschreckend reif an Sinnen und Begierden, n¬
2683 2481 2720 2507 „
2629 2480 2675 2515 Der
1273 2473 2704 2540 Inhakühn im Wollen und feig im Handeln, naiv im Ausdruck und pervers“
1272 2501 2722 2576 blätn Gefühlen. Wo lebt die Schauspielerin, die als Persönlichkeit unden
1276 2543 2743 2628 wolugls Künstlerin dem Autor diesen Charakter nachschöpft. Die das könntengen
1270 2582 2671 2656 des die Sorma, die Hohenfels, die Duse, unsere Illing, sind nicht „sechszehn¬
1278 2617 2695 2678 werdeährig“ genug, und wie die „Sechszehnjährigen“, selbst wenn sie schon
1374 2663 2685 2748 ein wenig über dieses Alter hinaus sind, an solchen Aufgaben scheitern,
1361 2691 2669 2763 erlebten wir an Frl. Konrad. Sie vermochte nicht einmal,
1360 2722 2682 2814 den äußeren Anforderungen der nach körperlicher Schönheit verlangenden,
1351 2780 2675 2839 Rolle gerecht zu werden, und damit entfiel die einzige Rechtfertigung für
1354 2810 2667 2896 diese aussichtslose Besetzung. Auch Frl. Illing wäre nicht die kindliche,
1355 2834 2669 2919 bezaubernd reizvolle Beatrice Schnitzlers gewesen, aber sie hätte vermocht,
1358 2878 2670 2958 was Frl. Konrad nicht vermochte: dem Dichter mit der Seele zu folgen.
1357 2918 2666 3004 Frl. Konrad machte aus der räthselvollen Frauengestalt ein insipides
1347 2946 2607 3022 Mägdelein, das bei seiner Jagd nach einer guten Partie das Pech hat
1354 2993 2455 3063 einen Liebhaber, einen Bräutigam und das Leben zu verlieren.
1355 3034 2677 3128 das stolze Drama bisweilen zur Tragikomödie, und andere Mitwirkende
1352 3068 2088 3118 zogen es noch tiefer. Doch davon später.
1425 3106 2652 3195 In einem Punkte hat Schnitzlers Kraft den gewaltigen Stoff sicherlich
1345 3146 2574 3220 nicht gebändigt, in der Verschmelzung menschlicher Einzel=Schicksale
1343 3180 2655 3252 großzugiger politisch=historischer Schilderung. Die versönlichen Geschicke
1339 3214 2658 3292 Beatricens, ihres Dichters und ihres Herzogs entrollen sich auf dem
1348 3261 2668 3346 düsteren Hintergrunde der blutigen Kämpfe, die das grause Papst=Geschlecht
1343 3289 2659 3369 der Borgia gegen die kleinen Machthaber Italiens führte. Von der Borgia¬
1346 3342 2664 3412 Intrigue, die den Fürsten Bentivoglio, Herzog von Bologna, in seinem
1346 3375 2655 3446 Besitzstande bedroht, ist oft im Stücke die Rede, breite Episoden (z. B. die
1345 3410 2653 3472 Folterung des Borgia=Spions) sußen auf ihr, aber nirgends tritt sie grof
1339 3443 2644 3523 und gebieterisch in die Erscheinung. Der Gedanke, alle diese Ereignisse
1347 3488 2637 3560 durch die nervöse Hast einer furchtbaren Nacht, der letzten vor dem wahr¬
1346 3522 2646 3596 scheinlichen Untergang eines Fürstengeschlechts, zu jagen, ist an sic
1335 3557 2634 3637 glänzend, nur kommt eben die Furchtbarkeit des bevorstehenden Ver¬
1344 3598 2633 3662 zweiflungskampfes nicht mächtig genug heraus. Sö erscheint diese Seit¬
1335 3641 2623 3707 des Werkes mehr als das Ergebniß technischen Compositionsgeschickes
1328 3674 2374 3740 denn als integrirender Theil des dramatischen Erlebnisses.
1402 3715 2628 3794 Im Wesentlichen concentrirt sich die Entwickelung des Dramas auf
1330 3726 2643 3826 folgende Züge. Loschi, der gefeiertste Poet Bolognas, wird der gräflichen
1329 3776 2642 3869 Braut untreu, weil das schöne Bürgerskind Beatrice Nardi sein Herz
1327 3817 2630 3895 fesselt. Untreue wird alsbald durch Untreue bestraft, denn Beatrice kann
1330 3853 2638 3923 in den Armen Loschis einen Traum nicht vergessen, in dem der junge
1330 3903 2638 3980 Herzog von Bologna ihr näher war, als es sich selbst mit der lockeren
1327 3924 2637 4004 Moral eines Poetenliebcheus verträgt. Da sie naiv oder frech genug ist,
1325 3985 2636 4070 von diesem Traum zu plaudern, stößt Loschi sie von sich. Nun ist Beatrice
1328 4007 2638 4088 bereit, dem Rath ihres wackeren Bruders zu folgen und den bescheidenen!.
1323 4050 2622 4122 Anbeter Vittorino mit ihrer Hand zu beglücken, aber zwischen Haus und
1326 4077 2520 4159 Kirche witt der Held iner Träume, der Snen Pentivoalio selbstg um
