3436 4256
1122 140 2213 181 Wir erheben hier demnach weder auf die bisherigen Be¬
1027 179 2213 223 ziehungen des Versassers zum Burgtheater gestützte, noch mit
1023 212 2205 272 den künstlerischen Eigenschaften des abgelehnien Werkes moti¬
1034 246 2213 312 birte Einsprache gegen die Zurückweisung des „Schleiers der
1027 292 2210 350 Beatrice". Denn wir sind weit davon entfernt,
1022 330 2205 392 dem Director des Burgtheaters das Recht,
1027 383 2210 438 Stücke anzunehmen oder abzulehnen, das er
1016 429 2212 490 kraft seiner persönlichen Verantwortlich¬
1016 465 2213 539 keit zweifellos und unantastbar besitzt,
1023 502 1891 566 irgendwie schmälern zu wollen.
1116 543 2192 613 Allein jeder Schriftsteller, wie viel oder wie wenig er
1019 600 2211 660 immer nur bedeute, hat den ebenso zweifellosen und unantast¬
1025 643 2199 701 baren Anspruch darauf, daß dieses Recht gegen ihn und seine
1024 698 2203 755 Werke, seien sie nun gut oder mißlungen, in einer Weise ge¬
1028 729 2205 780 handhabt werde, die jede Willkür, Schädigung und nach¬
1017 777 1589 835 theilige Unklarheit ausschließt.
1107 818 2204 856 In dem Falle, der uns beschäftigt, hat der Director des
1007 835 2198 923 Burgtheaters unserer Meinung nach durch sein Verfahren dem
1013 901 2202 955 Autor in einer unstatthaften Weise begegnet, und gegen dieses
1010 942 2201 1012 Verfahren sehen wir uns um so dringender genöthigt, Protest
1019 994 2205 1045 einzulegen, als nach den heute am Burgtheater
1012 1032 2191 1078 geltenden amtlichen Bestimmungen die dra¬
1015 1074 2188 1133 matischen Schriftsteller jeder wie immer ge¬
1013 1110 2196 1191 arteten directorialen Entscheidung wehr¬
1005 1141 1602 1210 los gegenüberstehen.
1103 1195 2182 1261 Das Unstatthafte dieses Verfahrens besteht zunächst darin,
1000 1242 2195 1304 daß Herr Director Schleuther durch seine Zuschrift vom
1013 1299 2192 1348 13. Februar Herrn Arthur Schnitzler in den festen Glauben
1002 1318 2184 1408 versetzte, der Annahme seines Stückes stünden keine sachlichen
1004 1368 1481 1427 Gründe mehr im, Wege,
1096 1415 2175 1486 Das Unstatthafte dieses Verfahrens besteht weiter darin,
1014 1447 2176 1517 daß der Director Burgtheaters trotz seines hier ange¬
1006 1509 2186 1577 führten Schreibens vom 13. Februar den Autor vier Monate
1000 1554 2188 1609 lang ohne jede Antwort gelassen und es vermieden hat, eine
996 1591 2194 1655 wiederholt angesuchte, die schwebende Angelegenheit betreffende
1001 1630 1541 1692 Unterredung herbeizuführen.
1095 1681 2171 1748 Das Unstatthafte dieses Verfahrens besteht ferner darin,
1002 1705 2181 1792 daß Herr Director Dr. Schleuther den Autor erst am 16. Juni
995 1766 2176 1835 mit seinen so völlig veränderten Absichten überraschte, und
1007 1808 2180 1878 endlich spricht sich das Unstatthafte dieses Verfahrens darin
1009 1860 2184 1923 aus, daß Herr Director Dr. Schlenther auf die Anfrage des
995 1904 2183 1963 Autors vom 1. September nicht nur den von ihm selbst als
991 1939 2173 2004 möglich bezeichneten Termin, Frühjahr 1901, fallen ließ, son¬
991 1987 2170 2049 dern auch für die ganze, ihm vom Autor freigestellte Saison
992 2018 2176 2092 einen Termin verweigerte und schließlich das Stück mit dieser
1001 2068 1582 2125 einzigen Begründung abwies.
1086 2118 2168 2174 Mit Rücksicht darauf, daß der Director des Burgtheaters
998 2137 2187 2214 in seinem Briefe vom 13. Februar d. J. das Erstaufführnggs¬
988 2201 2173 2264 recht für den „Schleier der Beatrice" verlangte und spontan er¬
1002 2240 2170 2302 klärte, nur das Burgtheater könne dieses Stück
997 2283 2173 2334 spielen; mit Rücksicht darauf, daß sich aus diesen und den
998 2332 2170 2400 übrigen in der erwähnten Zuschrift enthaltenen Mittheilungen
986 2378 2179 2435 ergibt, der Director des Burgtheaters habe sich bereits am
995 2416 2177 2468 13. Februar über das ihm vorliegende Werk vollständig
994 2464 2172 2526 orientirt und beschlußfähig gezeigt, mit fernerer Rücksicht
996 2508 2164 2576 darauf, daß keine Veranlassung besteht, die Worte eines auf
989 2548 2174 2618 so verantwortungsvollem Posten befindlichen Theaterleiters in
995 2590 2172 2653 einem so wesentlichen Falle als nicht seriös anzusehen, ist ein
996 2634 2174 2696 sachlicher Zusammenhang zwischen seinen Verlautbarungen vom
981 2681 2173 2732 13. Februar und 17. Juni nicht auffindbar. Dieser sachliche
983 2713 2159 2774 Zusammenhang wäre auch mit der etwaigen Erklärung nicht
982 2771 2169 2835 gegeben, es hätten sich Bedenken gegen das Stück erst nach
986 2805 2159 2875 dem 13. Februar geregt, weil es in der hier citirten, Anfangs
982 2839 2168 2911 Juni eingelangten Karte ausgesprochen erscheint, daß sich Herr
990 2897 2163 2961 Director Dr. Schlenther erst um diesen Zeitpunkt wieder mit
975 2938 1818 2986 dem „Schleier der Beatrice" beschäftigt habe.
1064 2964 2164 3043 Darauf deutet auch der Umstand hin, daß Herr Director
972 3022 2165 3087 Dr. Schlenther in der ganzen Zeit vom 13. Februar bis zum
980 3062 2159 3108 17. Juni nicht das Bedürfniß fühlte, sich über das eingereichte
988 3100 2169 3175 Stück nochmals zu äußern, zu welcher Aeußerung er, falls
988 3146 2156 3213 ihm Bedenken in dieser Zwischenzeit aufgestiegen wären, aus
980 3195 2159 3270 naheliegender Rücksicht gegen den Autor verpflichtet gewesen
988 3226 1112 3297 wäre.
1064 3267 2155 3340 Wir erheben Einsprache dagegen, daß es dem Director des
982 3310 2149 3381 Burgtheaters gestattet sein soll, sich in so auffallender Weise
985 3361 2146 3425 zu widersprechen und im September ein Stück abzulehnen,
977 3410 2167 3454 dessen Erstaufführung er im Februar gewünscht hat. Denn es
976 3448 2163 3507 ist klar, daß es einem Schriftsteller, der nur die nöthige Ge¬
978 3488 2166 3553 duld aufbringt, gelingen kann, im Wechsel der „Constella¬
975 3522 2164 3599 tionen" binnen wenigen Jahren ebenso oft angenommen als
984 3563 1396 3625 abgelehnt zu werden.
2124 3617 2171 3658 —1
1075 3647 2175 3718 Wir erachten es im Interesse der Autorität des Directors
998 3680 2165 3743 des Burgtheaters für geboten, daß sein in Ausübung des
1008 3727 2169 3799 Amtes hinausgegebenes Wort einer gewissen Verläßlichkeit nicht
1007 3778 2174 3830 entbehre, und wir sahen uns genöthigt, in dem vorliegenden
1004 3823 2173 3883 Fall das Wort zu ergreifen, weil das Verfahren, das hier
1006 3868 2164 3915 gegen einen bekannten Schriftsteller geübt wurde, uns mit auf¬
1004 3902 2175 3966 richtiger Besorgniß für die Behandlung erfüllt, die heran¬
995 3947 2171 4010 wachsenden, noch nicht beglaubigten Talenten am Burgtheater
1007 3986 1452 4060 zu Theil werden mag.“
