3436 4320
1933 182 2411 301 box 20/4
256 194 1792 294 14. Der schleier der Beatrice
2742 958 3355 1061 F. Lienhard, Vom deutschen 2
796 982 927 1060 144
1218 968 1944 1072 F. Lienhard, Vom deutschen Theater.
2561 1057 3326 1160 So, unwissentlich, was sie verschuldet,
912 1082 2375 1172 Eine sechzehnjährige, seelisch rätselhafte Beatrice ist die Heldin; ihr Ver¬
2454 1115 3350 1201 zur Ehe mit Vittorino bereit erklärt, „ausruh'
782 1130 2376 1219 hältnis zu mehreren Männern innerhalb dreier Tage ergibt des Stückes Inhalt.
2448 1184 3344 1260 so müde bin“. Und nun da sie dem Herzog
779 1204 2367 1280 Ein Schleier spielt nur eine äußerliche Rolle. Will man ihn sinnbildlich nehmen,
2453 1230 3352 1305 wieder über sie Gewal# Filippo verstoß
796 1260 2387 1337 so kann man etwa sagen: ein Nebelschleier liegt über dem Labyrinth dieser
2444 1283 3341 1342 sich frei und verspricht sich dem Herzog. Doch
787 1301 2384 1391 Mädchenseele und — wie bei Schnitzler oft — des Weibes überhaupt in
2451 1319 3354 1391 sie vom lärmenden Hochzeitsfest durch den lich
784 1354 2387 1432 seinem Verhältnis zum Manne. Immer? Hier fängt die Schnitzler'sche Spielerei
2463 1378 3350 1440 durch die dunklen, stillen Gassen zu Filippo.]
784 1413 2384 1505 an. Denn nur wenn das weibliche Wesen aus der Bahn des Instinktes und
2457 1429 3357 1501 hingibt und alles Glück der Erde, Licht und Lebe
788 1471 2361 1543 der seelischen Gesundheit gejagt ist, wird sie diesen Schriftstellern „interessant“.
2451 1485 3351 1549 Arm zu ruhen. Sie kommt, um mit Filippo zu
2459 1519 3355 1589 becher, doch sie vermag es nicht — ihr graust y
791 1520 2366 1604 Diese Beatrice ist halb Kokette, halb verlogenes Kind, halb liebende Jungfrau
2454 1576 3357 1653 sie sich über den toten Geliebten, dann, gehetz
790 1563 2375 1671 halb schlaue Bürgerin — kurz, wie sie dasteht, eine nicht überzeugende und nicht
2453 1622 3356 1710 verlangen, stürzt sie davon, zurück zu ihrem Hoch
782 1628 1713 1716 erwärmende, nicht lebensmögliche Gestalt.
2455 1676 3339 1753 Von Filippo zu Vittorino, von Vittorino
902 1689 2387 1783 Man könnte mir vorwerfen, ich berichte über den Inhalt des Stückes, das
3137 1738 3360 1823 schade, d
779 1759 3058 1793 im Theater der „Monna Vanna“ gegeben wird, in tendenziöser Wortwahl. Ich Filippo, von Filippo zum Herzog —
777 1802 3087 1903 gebe also einen oberflächlichen Inhaltsbericht mit den unbefangenen Worten einer die Abwechslung hätte sich gemehrt.
2450 1827 3340 1920 Um die Inhaltsangabe kurz zu enden: bei
790 1861 1095 1944 Tageszeitung:
2342 1911 3357 1986 liegen lassen. Sie kommt ins Schloß ohne Schl
1017 1933 2392 2019 „In Bologna ist's, zu Beginn des 16. Jahrhunderts. Cäsar von Borgia ;
910 1947 3355 2033 bedrängt die Stadt mit großer Heeresmacht, und auf den Straßen Bolognas forscht; sie weigert jede Aussage. Schließlich mit
2362 2024 3360 2097 Herzog dahin, wo sie den Schleier gelassen. Ver
906 2037 2369 2100 spricht man, als wäre morgen der jüngste Tag. .. Und ein wunderlich Gerücht
894 2079 3351 2164 läuft durch die Gassen: der junge Herzog sei gewillt, eine Schöne zu erwählen möglich ist dies gesamte Benehmen des Herzogs,
900 2105 3360 2193 für diese letzte Nacht vor dem Entscheidungskampf. Der Herzog lächelt darob... Wollust durchbricht, bis er an Filippos Leiche stö
899 2185 3356 2261 Da sieht er auf der Straße Beatrice, des alten, halbtollen Nardi schöne Tochter, er lange zu gewinnen gesucht, der sich ihm aber zu
908 2229 3355 2287 und nun überkommt es ihn wie ein Wunder. Er wirbt um Beatrice; — das also hat sie ihn betrogen — nein, vielmehr: sie h
901 2284 3358 2345 Mädchen will ihm folgen, doch nicht so, daß man sie schmähen darf als Dirne: eigentlich: sie hat Vittorino betrogen — oder wie
903 2334 3372 2434 nur als seine Gattin, als Herzogin. Ihrer Schönheit Zaubermacht, die Er= Der klare Herzog wächst vor unseren Augen un
903 2387 2363 2454 regung der Stunde, der Fiebertaumel, der angesichts der drohenden Feindes¬
2353 2392 2951 2485 Lösung: „sie ist ein Kind“..
896 2417 2369 2503 gefahr ganz Bologna ergriffen — das alles schafft ungewöhnliche und schnelle
3007 2417 3361 2511 „Wir sind all
910 2486 2379 2548 Entschlüsse, und so kommt im Augenblicke die Entscheidung: in einer Stunde
2657 2482 3352 2562 Und lindern's nicht, und jeder von 1#
904 2536 2379 2590 tritt Herzog Lionardo Bentivoglio mit Beatrice vor den Traualtar. Als Beatrice
2643 2548 3360 2622 Nicht nur das winz'ge Spielzeug seit
896 2586 2377 2653 dem Herzog begegnete, war sie auf dem Wege zur Kirche zur Trauung
2643 2589 3369 2662 Die ganze Welt. So nannten wir
902 2636 2371 2686 mit ihrem Verlobten, dem jungen Vittorino, der sich nun, da sie dem
2641 2637 3370 2726 Betrug und Frevel — und du war
897 2682 2379 2736 Herzog folgen will, in jäher Verzweiflung den Dolch ins Herz stößt (was
2462 2707 3361 2784 Wenn Cressida in des gesunden Shakespeare
902 2729 2365 2798 Beatrice zwar hört, aber gar nicht beachtet! D. Ref.). Verloren freilich hat
2360 2768 3358 2841 der gedankenkürzesten und vom Organ des Treu
890 2780 2360 2850 er sie schon früher — seit drei Tagen ist Beatrice die Geliebte Filippos,
2364 2825 3359 2892 lassenen Dirne, ein Kind ist — dann ist auch
900 2829 2357 2898 des gefeierten Dichters, der um ihretwillen seine Braut Teresina aufgegeben
896 2864 2362 2942 hat. Jähe Leidenschaft hatte die beiden, Filippo und Beatrice, zusammengeführt.
2359 2868 3366 2941 Shakespeare Burleske und Karrikatur ist: hier wit
892 2934 2367 2992 Filippo will ihr alles opfern, schon sind alle Vorbereitungen zu gemeinsamer
2362 2928 3357 2996 Bruder denkt anders: er sticht die Lebensmüd
897 2976 2366 3044 Flucht getroffen — da erzählt ihm Beatrice naiv und ihrer Empfindungen
2369 2968 3370 3047 Schnitzler'schen Bologneser — die der Maeterlinck
889 3029 2368 3092 unbewußt, daß sie vom Herzog geträumt hat: „... Grüne Kerzen brannten in
2361 3041 3367 3122 sind — ziehen endlich, nach einer so verworrenen
890 3080 2363 3151 einer Ampel ob dem Bett, ich sah des Herzogs Augen leuchten über mir und
2374 3101 2935 3184 Nacht, zum Kampf hinaus.
899 3113 2372 3180 fühlte seine Lippen nahe den meinen, noch spürt' ich ihren Hauch — und so
2475 3122 3359 3213 über diese Beatrice und ihr Tun und Lass
892 3174 2362 3243 erwacht' ich.“ Filippo ist entsetzt, daß sie so mit beschmutzter Seele zu ihm
2365 3200 3368 3259 Hauptgrunde, aus einem vernichtenden Grunde wi
893 3221 2362 3285 komme, daß ihre Seele auf Abenteuer ausfliegen konnte, daß in den frechen
2361 3253 3350 3323 ärgern: man spürt nach ganz kurzem Zusehen,
892 3271 2358 3328 Wünschen ihrer Träume sie an andere Männer hat denken können. Und er
2363 3313 3376 3404 und Gedankenwerk ist, keine blutvolle, herzerschi
888 3316 1272 3404 stößt sie von sich.
