3436 4256
1324 84 1435 136 Mn
473 128 1734 184 erklären, daß „Der Schleier der Veatrice“ von mir nie „angenommen“;
465 156 1787 204 worden ist und daß er erst „abgelehnt“ werden mußte, als mich Arthu#ss.
476 196 1345 247 Schnitzler vor eine unerfüllbare Bedingung stellte.
576 217 1808 289 Ich dußere mich zunächst zur vermeintlichen „Annahme“. Artfür das
476 272 1814 316 Schnitzler hat den sechs protestirenden Collegen einen Brief zur Ver¬ den
365 308 1711 367 Abol öffentlichung überlassen, den ich ihm am 13. Februar schrieb. Der
376 346 1717 402 Abo vertrauliche, freundschaftliche Charakter dieser Zeilen tritt ebenso deutlich
459 391 1814 442 in der Form hervor, wie ihr zurückhaltender, völlig unverbindlicher; die
473 428 1819 483 Charakter im Inhalt. Hätte ich geahnt, daß dieses Briefchen je Fasten¬
369 466 1821 539 Inl Licht der Oeffentlichkeit erblicken würde, so würe ich dem weisen Rathe jug")
459 508 1813 574 jenes jungen Mannes aus Schnitzler's „Liebelei gefolgt, dey den eben
381 547 453 594 Wol
466 549 1656 584 Freund nach der Entdeckung seiner Liebesbriefe warnt: „Ich sahz
1691 554 1836 621 ingen
377 584 458 639 des
472 578 1708 634 immer, man soll nicht Briefe schreiben.“ Die Methode des vertraulichen
473 618 1705 690 Privatverkehrs zwischen Antor unb Theaterdirector, die so oft beiden T#eile
387 628 438 681 We
461 658 1660 700 Nutzen schuf und schaffen wird, ist hier eider einmal gescheitert. Und
472 698 1701 737 seits ist gerade aus meinen nun veröffemlichten Zeilen vom 13. Fe¬
468 731 1717 795 bruar klar ersichtlich, wie weit ich damals noch von dem Eutschluß zur
461 768 1711 830 Annahine des Stückes entfernt war; ich spreche von einer „ersten
468 813 1740 872 flüchtigen Durcharbeitung“; ich äußere Bedenken gegen meine eigenen?
459 857 1718 909 Kürzungsversuche; die Besetzungsfrage erregt bei mir ebenso starke
473 891 1710 931 Zweifel wie beim Antor; ich spreche von der „Riesenaufgabe“, der nir
466 915 1245 978 selbst das gegenwärtige, hauptsächlich auf
1249 931 1710 987 modern=realistische Stücke
470 975 1711 1015 gerichiete Kunstpersonal eines allerersten Privattheaters nicht gewachsen
466 1003 1474 1052 schien, und verstehe darunter die ungewöhnlich
1514 1010 1719 1066 mühsame,
461 1050 1707 1096 kostspielige und zeitraubende Vorbereitung zur Aufführung gerade dieses
469 1087 1717 1129 Stückes. Alle Bedenken steigerten sich, als ich nach einer zweckmäßigen
466 1123 1705 1165 Pause im April nochmals an das Studium des Werkes ging. Und sie
468 1161 1709 1204 steigerten sich bei einer dritten Durchsicht im Juni erst recht. Darauf
460 1195 699 1251 schrieb ich
695 1195 1672 1253 am 17. Juni an Arthur Schnitzler, der bi
470 1239 1703 1286 dahin nicht den geringsten Grund hatte, die Annahme des
460 1272 1103 1334 Stückes für gesichert zu halten.
1227 1269 1710 1341 gern ich dem Bei piel
464 1306 1710 1366 der sechs protestirenden Herren Collegen folgen und die Qualitäten
462 1351 1720 1412 des neuen Schnitzler'schen Werkes außer Discussion stellen möchte,
460 1390 1703 1447 so bin ich zur Begründung meines Zögerns doch genöthigt, hierauf ein¬
453 1437 1705 1484 zugehen. Dem Urtheil einer Bühnendirection bieten sich wie dem Urtheil
461 1473 1715 1539 der Kritik drei Kategorien von Stücken dar: Bei den einen steht die
452 1502 1700 1565 Unannehmbarkeit von vornherein fest; es sind weitaus die meisten. Bei
449 1546 1455 1605 den anderen steht die Annehmbarkeit von vornherein fest;
1460 1556 1704 1612 es sind die
462 1584 764 1643 wenigen. Bei
765 1594 1710 1656 der driten Kategorie kann man zweifeln und
458 1628 560 1677 das
564 1624 834 1684 Urtheil kann
849 1617 1193 1689 und wird nich
1207 1627 1706 1685 #ur bei der Gesammt¬
453 1661 827 1715 heit der Leser,
848 1652 1710 1727 sondern auch beim Einzelnen schwanken.
460 1716 1706 1763 Zu dieser dritten Kategorie scheint mir „Der Schleier der Beatrice“ zu
452 1747 1702 1792 gehören. Was mich an dem Stücke immer stürker zweifeln ließ, geht aus
456 1786 1704 1841 meinem Briefe vom 17. Juni klar hervor, dort heißt es unter Anderem:
472 1828 1711 1875 „Ich habe mich dieser Tage noch einmal sehr genau mit dem Stück,
468 1866 1710 1925 seiner Personenfülle und seinen scenischen Schwierigkeiten, seinen
456 1899 949 1954 feinen poetischen Reizen
947 1899 1708 1967 und seinen herben Zumuthungen an
463 1937 556 1983 die
552 1946 1411 1999 Folgsamkeit des Zuschauers beschäftigt
1463 1946 1702 1999 mir das
459 1982 1706 2037 Bühnenbild, das im Burgtheater geboten werden könnte,
448 2008 1183 2073 möglichst klar vor Augen gestellt.
1188 2017 1707 2085 Und ich bin Ihnen nun
448 2058 1712 2107 das ehrliche Geständniß schuldig, daß meine Heffnungen auf einen
450 2078 1708 2166 Bühnenerfolg mit jedem neuen Studium immer mehr sinken. Nur weil
453 2128 1700 2193 mir diese Ueberzeugung sehr gegen das Herz geht, habeich nicht das Herz
447 2176 1709 2237 gehabt, sie Ihnen früher offen auszusrrechen; nur darum habe ich von
463 2214 1700 2263 Zeit zu Zeit mich immer wieder Ihrer ernsten und sozusaen feierlichen
468 2252 1707 2292 Arbeit genähert, tets mit dem besten Willen, mich nicht in meinen
461 2286 1700 2342 Zweifeln, sondern in meinen Hoffnungen zu stärken. Luder aver ist
465 2320 927 2385 das genaue Gegenthei.
948 2321 1565 2387 der Fall. Das Stück und
1597 2331 1705 2384 seine
457 2364 1704 2426 dramatische Wirkung rückt mir ferner, und ich mochte fast
451 2400 1697 2458 prophezeien, daß Sie nach Jahren, wenn Sie vom jüngeren
456 2443 1717 2512 Werken wieder darauf zurückkommen, dieselbe Erfahrung machen
453 2486 1703 2526 werden... Im „Schleier“ zersplittert unn zerstreut sich das Interesse!
449 2541 1700 2584 an dem Dualismus der beiden Contrastfiguren, Dichter und Fürst,
455 2562 1703 2613 weil diese Beiden zu wenig lebendig werden. Sie sind Begriffe, aus
453 2597 1711 2662 dem theoretischen Contrast geboren. Damit aber ist dem Drama das
454 2634 1699 2688 Rückgrat gebrochen und das, wovon ein Bühnenerfolg leben könnte,
450 2680 1697 2735 liegt im Reiz der Details. Sie wissen, daß dies auf dem Theater
445 2710 1047 2773 eher schädigend als förderlich
1051 2719 1604 2777 ist. Die Details waren
452 2750 1335 2812 die mich Anfangs beim Lesen fesselten.
1400 2761 1462 2809 e
1481 2761 1592 2811 öfter
453 2785 1705 2843 aber diesen Schleier lüftete, desto mehr mußte ich an den Hauptpunkt
457 2838 1709 2900 gelangen. Und hier wüchsen denn die Zweifel und Bedenken bis zu
452 2874 1706 2928 einer festen Ueberzeugung. Hieraus geht, wie aus allen anderen
456 2911 1702 2970 Briefen, die zwischen Arthur Schnitzler und mir gewechselt worden sind,
451 2941 1704 3005 hervor daß die Annahme des Stückes nicht erfolgt war und der Auf¬
459 2987 1704 3045 schub sich lediglich aus dem leider vergeblichen Bemühen erklärt, durch
451 3029 1699 3093 wiederholtes Studium des Stückes zureichende Gründe für seine An¬
442 3064 785 3129 nahme zu finden.
566 3094 1699 3159 Ich äußere mich nun zur nothgedrungenen „Ablehnung“ des
443 3140 1691 3186 Stückes. In seinem Briefe vom 1. September schreibt nir Arthur
1036 3182 1108 3216 ###.
1265 3179 1382 3212 au
448 3178 665 3232 Schnitzler:
661 3184 1690 3235 .. . . Nehmen Sie, velehrtester Herr Director, dieses Stück
443 3219 1686 3280 an oder weisen Sie es zurück? Ich bitte um ein Ja oder Nein. Unter
445 3260 1688 3315 „Ja“ verstehe ich die bindende Zusicherung eines Termines im Verlaufe
443 3297 1695 3361 der soeben beginnenden Saison mit der Bedeutung eines Wortes von
447 3334 1426 3378 Mann zu Mann. Alles Andere gilt mir als „Nein“.
1526 3331 1689 3390 Hierauf
444 3354 1719 3441 konnte ich, wie die „Consteilation“ des Burgtheaters dem Schnitzler'schen!
448 3410 1689 3463 Stücke gegenüber lag, meinem Antwortschreiben vom 2. September nur
448 3442 1685 3506 folgenden Schluß geben: „Wenn Sie mich nun vor ein lategorisches
534 3491 1688 3535 # „„ Man“ sellen 1o hin ich it der Consequenz meinec letzten
437 3513 1696 3553 Briefes (vom 17. Juni) genöthigt, „Nein“ zu sagen, denn die von
447 3547 1717 3631 Ihnen gewünschte bindende Zusicherung eines Termines im Verlauses1
445 3580 1587 3645 der soeben beginnenden Saison zu geben, hin ich außer Stande.“
554 3626 1701 3678 Was die von mir ursprünglich gestellte Grundbedingung der
433 3655 1696 3731 allerersten Aufführung befrifft, so hat Artdur Schnitzler im Schreiben
427 3702 1710 3765 vom 13. Februar darau seinerseits die Bedingung geknüpft, daß der!
1478 3747 1679 3818 —10
421 3760 1687 3857 Aufführungsterminein irgend einer Weise festgestellt werde. Das schu#e
436 3804 1686 3889 und wollte ich diesem Stück gegenüber nicht zusichern. So blieb die
432 3841 1687 3925 Unterhandlung, wie beiden Theilen jederzeit bewußt sein mußte, in der
437 3877 1695 3954 Schwebe, bis das Schreiben, womit Arthur Schnitzler am 1. Sep¬
431 3892 1690 4024 tember auf meinen Brief vom 17. Juni antwortete, die Entscheidung
438 3954 704 4015 gebracht hat.
544 3983 1081 4060 Wien, 14. September. 1900.
1085 4024 1270 4092 R
2349 1159 2766 1226 Telefon 12801.
1832 1255 3233 1369 1 Alex. Weigl’s Unternehmen für Zeitungs-Ausschnitte
2896 1316 3098 1383 Ausschnitt
1876 1338 2112 1442 105
2204 1363 3245 1469 JOSSERVEN N. 90
1821 1462 3285 1547 I. österr. behördl. conc. Fireau für Zeitungsberichte u. Personalnacbrichten
2022 1534 3106 1637 Wien, IX. Türkenstrasse 17.
2225 1617 2880 1703 Filiale in Budapest: „Figyelö“.
1837 1684 3269 1774 Vertretungen in Berlin. Chicago, Genf, London, Newyork, Paris, Rom, Stockholm.
1830 1804 3089 1908 Ausschnitt aus: uthler
1837 1940 2577 2041 von 4% 7000
2101 2248 3126 2325 AAus Wien telegraphirt man uns: Auf die Gegen¬
2016 2289 3113 2378 Exklärung Schlenthers erläßt heute Arthur Schnitzler
2065 2364 3119 2423 eine Erklärung, in welcher er hervorhebt, daß er nach
2069 2401 3108 2460 dem Februar=Briefe die Annahme des „Schleier der
2068 2441 3110 2511 Beatrike“ für vollkommen gesichert #lten mußte.
2066 2472 2733 2545 Der in der Angelegenheit
2728 2487 3113 2549 Schlenther¬
2080 2524 3111 2588 Schnitzler mehrfach erwähnte, dem Inhalt nach
2077 2563 3103 2626 auch schon bekannte Brief des Burgtheater=Directors
2077 2613 3092 2665 Herrn Dr. Schlenther an Dr. Arthur Schnitzler über
2073 2648 3083 2713 die Aufführung des Renaissance=Dramas „Der
3093 2631 3204 2723 S
2068 2685 3096 2758 Schleier der Beatrice“ in Berlin hat folgenden
2078 2727 2294 2786 Wortlaut:
2115 2753 3257 2849 „Lieber Dr. Schnitzler! Anbei das Resultat meiner heiweire
1870 2775 1991 2846 Für
2077 2808 3087 2859 ersten flüchtigen Durcharbeitung. Nicht alle meine Striche
1970 2832 2061 2880 100
2073 2843 3226 2885 sind mir selbst schon zweifelsohne. Am strittigsten wohl Porto
1972 2874 2055 2917 200
2068 2882 3243 2933 die Weglassung des Andrea. Freundschaftlich warnen Pahlbar
1969 2910 2047 2959 500
3107 2914 3260 2976 Voraus.
2066 2930 3098 2979 möchte ich Sie vor dem „Denttschen Theater“ das bei
1914 2949 2057 3009 „ 1000
2063 2962 3089 3014 seinem jetzigen Personal, ohne Kainz und Sorma, der
2067 2988 3301 3052 Riesenaufgabe nicht gewachsen ist. Uebrigens würde ichle ist das
1963 3003 2055 3059 Im
2054 3033 3295 3078 die Erstaufführung am Burgtheater zur Vorbedingunght es den
1859 3055 3138 3116 Abonnemel der Annahme machen. Ich glaube, nur das Börgtheater st.
1861 3091 3097 3162 Abonnentel kann dieses Stück spielen. In Berlin allenfalls die Hof¬
2064 3139 3295 3216 bühne. Filippo Christians, Herzog Matkowsky, Beatricejaltend die
1967 3180 3302 3254 Der Poppe. Unsere relativ beste Beatrice wäre dach wohl orgen¬
1868 3212 2887 3253 Inhaltsan; Fräulein Witt. Mit herzlichem Gruß 2c. 2c.“
3083 3244 3290 3294 r Zeitung“)
1859 3231 3023 3299 blätter (Tagesjournale ausser „Neue rreie ##esee
1864 3293 3289 3333 wodurch eine Uebersicht über das gesammte politische und wirthschaftliche Leben
1872 3327 3296 3380 des In- und Auslandes in drastischer Kürze geboten wird. Diese Mittheilungen
1869 3368 2668 3439 werden in Wien um 9 Uhr Früh verschickt.
2168 3435 2985 3527 Prospecte gratis und franco.
