3484 4224
1954 213 2411 312 box 20/6
1366 227 1411 299 B
243 228 1799 342 14. Der Schleier derstrice
1676 535 2120 629 Telephon 12801.
1291 658 2509 716 Alex. Weigl’s Unternehmen für Zeitungs-Ausschnitte
2183 698 2512 794 „ Ausschnitt
1524 701 2193 846 „OBSERYER
2330 755 2584 853 Nr. 67
1169 861 2633 911 I. österr. behördl. conc. Bureau für Zeitungsberichte u. Personalnachrichten
1156 894 2422 1000 NelOZVien, IX/1, Türkenstrasse 17.
1593 983 2221 1044 Filiale in Budapest: „Figyelö“-
1185 1008 2620 1114 Vertretungen in Berlin, Chicago, Genf, London, Newyork, Paris, Rom, Stockholm.
1184 1160 1697 1257 Ausschnitt aus:
1870 1212 2552 1339 Den Quixote, Wien
1177 1284 2205 1398 Ne se 70
1573 1582 2209 1693 Kunst in Ziffern.
1276 1673 2624 1751 Was unscheinbar und verborgen in einer Zeitungsecke
1154 1734 2628 1802 steht, worüber des Lesers Blick nur gleichgiltig und zerstreut
1160 1786 2618 1855 gleitet, das ist oft das Interessanteste. Während die Wichtig¬
1155 1810 2625 1906 keiten des Tages breit in Leitartikeln, Feuilletons und Berichten
1157 1895 2613 1950 beschwatzt, baiu zu Nichtigkeiten werden, sieht man im -Füll¬
1143 1925 2615 2008 satzet off artige Culturbildchen. Bei einer solchen Notiz sei es
1141 1975 2614 2060 gesiattet, ein wenig zu verweilen. Sie ist scheinbar ganz un¬
1422 2080 2609 2178 enthält sie doch nichts als Namen und ZifternAber
1145 2078 1428 2172 interessan
1156 2152 2633 2214 diese Nämen s##rschen und die Ziffern schreien. Was die gä
1152 2206 2608 2262 zendsten Kritike, den vortrefflichsten Abhandlungen zu bes
1150 2244 2607 2308 weisen sich bemülen, enthalten sie miite rammatischer Kürze
1155 2303 2605 2376 Sie Stellen fest, und sie klagen an Die- Begründung der
1155 2348 2060 2400 Anklage ist die Aufgabe dieser Zeilen.
1278 2399 2613 2462 Die-Deutsche Bühnengenossenschaftt hat eine kleine Zu¬
1150 2442 2616 2510 sammenstellung der in dem letzten Spieljahre an den Verbands¬
1149 2481 2613 2559 bühnen aufgeführten Stücke veranstaltet, wobei sich Folgendes
1149 2531 2622 2608 als Ergebnis herausstellte. An der Spitze der Dramatiker — als
1143 2594 2615 2658 Dichterkönig also — muss man Hermann Sudermann sehen.
1150 2647 2614 2706 #r hat auf 1130 Vorstellungen hinzuweisen, und schaudernd
1652 2678 2627 2758 fer gute Mann- und schlechte Musikant
1146 2690 1592 2752 Pedenkt an a
1147 2743 2602 2811 damnit hoch unzufrieden ist, und solangernicht von ihmsher¬
1163 2780 2625 2851 rührende Stücke gespielt werden, immer über Verroiung kingen¬
1157 2837 2629 2914 wird Nach ihm kommt in respectvoller Enifernung — Schilier.
1148 2877 2607 2945 Ziffer 1015. Dass es wahrlich nicht seine dichterische Bedeu¬
1147 2928 2613 2991 tung ist, die ihn in die Nähe Sudermann's gebracht hat be¬
1163 2978 2633 3046 weist — eben diese Nähe... Es ist die Theaterwirksamkeit, die
1157 3034 2621 3100 dankbare- Rollen zu schreiben verstand, die Vorliebe für einfache
1154 3092 2622 3147 Vorgänge und sedle, sympathische Charakteres, in denen der
1158 3113 2618 3195 Philister mit Stolz seine Ebenbilder sieht, denen der Dichter Lang¬
1158 3180 2620 3253 lebigkeit auf den Brettern zu danken hat, nicht der — bei
1152 3213 2618 3306 aller Enge schön geschlossenen Weitanschauung und nicht
1149 3291 2608 3349 der funkeinden Rheiorik. Den Beweis liefern gegenSchiller
1228 3335 2610 3391 ausser Südermann — auch seine änderen Collegen in der
1156 3376 2616 3437 Classik: Shakespeare, Gocthe, Lessing. Dennshakes¬
1161 3399 2629 3491 peare, dieses Wunder des Menschengeistes, ist mit 33-Dramen
1153 3472 2609 3532 bei nur 746 Aufführungen weit hinter ihm zurückgeblieben. Ja,
1156 3514 2636 3597 alle seine Meisterwerke erreichen zusämmengenömmen richt
1158 3575 2618 3627 die Vorstellungszahl von Es lebe das Lebent. Gibi esnichte
1158 3621 2572 3688 eine Redensart vomLande der Dichter und Denkers
1172 3673 2628 3731 Was bedeutef Gosthe, die Verkörperung der Deutschheit, mit
1171 3721 2610 3773 seinen 342 und Lessing mit seinen i Abenden gegen den
1162 3757 2623 3834 gewaltigen Bühnenherfscher: In der That, diese Ziffern Nassen
1155 3815 2640 3878 es als sehr nötlig erscheinen, dass nicht eine allzu strefge
1153 3851 2623 3913 Kritik die zurückgesetzte zeitgenössische Production entmutlniger
1269 3898 2626 3966 Aber Sudermann Hat ja Genossen im Erfolge Er, der aufe
1149 3942 2632 4023 dem Umwege über Philippi und Ernst seine eigenen Geschäfts¬
1148 4012 2595 4078 und Eitelkeitsinteressen mit einem vor keiner Therheit und Nied¬
1407 4058 2637 4123 ekschreckenden Müthe vertrat theilt auch emitsdiens
1162 4102 2621 4173 Ernstf und Fülda den goldenen Lorbeel. Cöcüid
1170 4148 2655 4225 hre Records, also zwei,, beziehungsweise dreimal so viel a
1089 4144 1176 4239 Se
2812 4134 3258 4226 S
