3532 4224
1932 200 2388 298 box 20//6
1333 221 1397 286 B
277 218 1798 334 14. Der Schleier der eatrice
1869 801 2129 873 Nf. 10236
1098 800 1515 877 10. Februai 1907
1388 865 1672 904 —
988 889 2165 943 Kurt Genke: „Tfark Evers.“ Herder: „Erlkönigs Tochter“. F. J.Proschko:
992 935 2160 988 „Die kleine Versetzerin.“ „D' falschen Zähnt“ und andere Scherz¬
878 957 979 1023 en
980 985 2157 1025 gedichte. Karten zu 10 H. beim Portier. — XVIII., Michaeler¬
983 1001 2171 1071 straße 25, 5 Uhr, Frau Lola Fuchs, Rezitation: Dichtungen von
980 1052 2170 1103 Goethe, Baumberg, J. Bierbaum, R. Dehmel und anderen. Karten
970 1098 1739 1156 zu 10 H. im Vortragshause beim Portier.
1378 1120 2158 1184 und Versammlungen.] Morgen
1084 1135 1372 1197 [Vorträge
994 1172 2160 1213 (Sonntag) finden folgende Vorträge und Versammlungen statt:
889 1164 970 1233 39
982 1213 2167 1260 Wiener Handels= und Gewerbeverein 10 Uhr vor¬
981 1248 2164 1297 mittags, im Festsaale des Gemeindehauses, XV., Rosinagasse 4,
879 1275 933 1328 1
973 1290 2165 1347 Festgeneralversamnlung aus Anlaß des 40jährigen Jubiläums
886 1312 2165 1384 Le des Vereines, bei welcher auch die Prämiierung verdienter Arbeiter
883 1359 2161 1430 sen und Arbeiterinnen vorgenommen wird. — Vereinigung der
873 1397 971 1449 die
983 1414 2166 1455 arbeitenden Frauen, abends 6 Uhr, I, Tuchlauben 11,
890 1436 974 1495 he
976 1445 2159 1489 Geza Berger aus Cincinnati: Die Frauen und ihre Rechte in
984 1479 2166 1528 Amerika.“ — Straßenmeisterverein, 2 Uhr nachmittags,
984 1516 2163 1562 im Restaurant Novak, Landstraße. Hauptstraße 45, konstituierende
877 1528 975 1596 die
983 1550 2169 1609 Generalversammlung. — Oesterreichisches Museum, ½5 Uhr
981 1595 2160 1639 nachmittags, dritter Vortrag im volkstümlichen Museumskurs: „Ge¬
982 1628 2166 1684 schichte des Porträts“ (mit skloptischen Demonstrationen). Vor¬
882 1640 1741 1732 se. tragender Regierungsrat Dr. Leisching.
895 1707 981 1758 die
1410 1742 1733 1805 „Décadence.“
1030 1770 2110 1859 (Karnevalsfest der Genossenschaft der bildenden Künstler Wiens¬
1062 1828 2151 1893 Wie die Flaubertschen „Visionen des heiligen Antonins“
893 1884 974 1946 ter
989 1890 2151 1940 ist diese Nacht an uns vorübergerauscht. Laut und lärmend,
985 1930 2160 1980 bacchantisch toll, ein Wintermärchen in der Hitze, in der
880 1968 936 2017 I
990 1954 2385 2053 Farbenglut eines Sommernachtstraumes, ein Rausch in 5##0
1000 2024 2162 2070 Tönen, Lichtern und phantastischen Ideen. Wer sich dem
998 2055 2170 2110 Rausche willig hingab, fand hier Form und Ausdruck für
991 2099 2187 2165 alle Gelüste seiner Phantasie. Ausgeartet, entartet reiften an
996 2160 2151 2203 allen Ecken und Enden schwer, süß und verführerisch duf¬
994 2188 2186 2234 tende, geschmackvolle Blüten, dann wieder kichernd, spitzig und
997 2228 2232 2288 satirisch schreckhafte Auswüchse und vermummte Früchte müder —
988 2277 2146 2330 Kulturen. Es war eiw Rendezvons der Rossinements.
994 2318 2152 2376 Beardsley legte (bildlich) seine schlanken Finger in die fette
990 2346 2173 2415 Hand Lucullus' und tanzte mit ihm und degenerierten.
984 2396 2165 2466 Göttinnen Cancan. Unerhörte, nie gesehene Sensationen gab
1544 2437 2155 2500 plastische Gemälde, Nixen in
991 2438 1548 2501 es: rauchende Centauren,
987 2487 2157 2537 moderner Gewandung, Wassermänner mit dem Zylinder auf
989 2526 2158 2580 dem Kopf; Affen benahmen sich wie Menschen und Menschen
993 2568 2153 2624 wie Affen — eine furchtbare Erkenntnis, die mit schrillem
996 2608 2166 2664 Ernst die höchste Lustbarkeit durchfuhr — eine echt dekadente,
900 2660 991 2724 ite
992 2652 2156 2709 mit Bitternis gemischte Freude. Was die Welt an Wundern,
997 2695 2155 2754 Schönheit und Scheußlichkeit hat, ein winziger Bruchteil war
988 2731 2160 2795 davon hieher gezaubert. Was den verwesenden Gehirnen ver¬
895 2749 989 2802 ne
1006 2777 2170 2842 sunkener Geschlechter seinen Ursprung dankt: lukullischer
1000 2816 2164 2879 Luxus, Festesglanz, verfallenden Römertums exzentrische Ge¬
990 2871 2169 2926 danken bier fanden sie, bespöttelt und verlacht, Nachbildung
1001 2908 2163 2953 und fröhliche Auserstehung. Beinahe das Gastmahl des
992 2955 2173 3006 Trimalchio in Tat und Fresko war zu sehen; die Schmerzens¬
992 2995 2160 3049 lasterhöhlen Chinas, Opiumhöhlen, die Melancholie eines
1003 3045 2153 3089 stillen Kanals Venedigs, die Auswüchse modernster Kunst,
993 3063 2162 3134 die Bizarrerien zartesten Aesthetentums, der Plakasstil unseres“
993 3116 2176 3178 Lebens, das rasende Gebrüll der Straßenwände, die Aus¬
897 3142 976 3207 ir
1002 3162 2161 3219 läufer verfeinerter Kunst vor Jahrtausenden, das Tingl¬
994 3202 2160 3268 tangl, alles was die Nerven stachelt, alles was Verfalls¬
1000 3240 2160 3302 symptome im Antlitz trägt, wirbelte hier echt und persilliert
989 3286 2166 3348 im Sturm, in Elstase vorbei. Unerschöpflich quoll die Fülle
989 3333 2168 3385 der Gestalten, drängte die Masse der Masken, unaufhörlich
995 3374 2161 3421 wechselte das grelle Kaleidoskop der gescheckten tobenden Menge
996 3418 2148 3475 seine Farbe, eine Spukwelt des Frohsinns ergoß sich in die
1005 3457 2158 3506 Säle; Unwirkliches und doch Lebendiges, Uebertriebenes,
998 3499 2166 3556 Närrisches, Orgiastisches und alles durchgellr vom jauchzend¬
995 3543 2157 3608 hektischen Schrei des Karnevals, der ahnt, daß er nun sterben
992 3605 2154 3642 muß, in kaum drei Tagen sterben muß. Das war die Stim¬
997 3627 2160 3682 mung und der Sinn des Festes, der von der Menge dämmer¬
1000 3676 2151 3727 haft empfunden, von einzelnen poetisch genossen ward. Es
998 3713 2157 3779 war eine Nacht der Künstler für Künstler, die Nacht der
1003 3765 2162 3826 letzten Neige. Und — erhaben über Gebrüll, Musik, Ge¬
999 3796 2149 3854 lächter und Gschnas — hing leicht und dustig für alle jene,
1005 3837 2157 3905 die sehen können, der Schleier der Beatrice in den Soffiten
998 3881 1889 3954 dieser imaginären, gemalten, bekädenten Wen.
1299 3933 1856 3992 Der Einzug der Gruppen.
1067 3970 2162 4043 Das eigentliche tolle Leben des Abends begann natürlich
909 3998 981 4047 ick
981 4025 2170 4103 erst gegen 11 Uhr mit dem Einzug der verschiedenen Gruppen.
