3532 4256
254 2475 340 2576 8
2023 143 2487 246 box 20/3
363 153 1873 239 14. Der Schleierder Beatrige
464 371 3356 481 Anfang an verneinende, eine Zusammenfassung! Grün, und in der Stille des starrenden Wal= kenden befand sich das un dieser Stelle schon öfters
463 444 2376 513 aller Erfahrungen, aus denen die Nichtigkeit des ein Gezwitscher, das wie ein fröhliches
2373 439 3358 527 lobend erwähnte Reinowitzer Richard Wagner=Orchester,
453 457 2376 550 der Daseinsfreude hervorgeht, eine orgiastische Signal in die melancholische Welt hineintönte.
2369 499 3359 580 sowie der herzogl. altenburgische Hofoperntenor Herr
453 506 2373 606 Enttäuschung, in die kein Lichtstrahl des Hof= Irgend ein Singvogel hat es auf das Licht
2385 548 3364 634 Klar=Müller (ein Gablonzer). Letzterer sang
456 566 2383 645 fens mehr eindringt, eine überaus geist= hin gewagt, und grüßt heimkehrend die Wärme,
2380 595 3352 667 Mozart's Concert=Arie, Schumann's „Hidalgo“,
455 613 2383 699 volle, aber frostige Auflösung aller berau= die da kommen muß. Das kalte Licht darf uns
2374 640 3342 718 Sommers „Drei Jungfräulein“ und mit der Ver¬
450 664 2384 732 schenden Vorstellungen in Ekel und Nihi= nicht schrecken — die Sehnsucht ist zugleich eine
2371 692 3357 762 einssopranistin Frl. Emilie Scholze eine Scene
449 704 1423 788 lismus. Wohl schwebt dem Dichter ein
1424 726 2371 802 Botschaft, die Wärme ist schon da, wenn man
2379 744 3346 824 aus „Lohengrin“, welche Vorträge stürmischen Beifall
448 760 1430 824 Schluß vor, der ähnlich jenem der Grillparzer¬
1412 773 1676 841 sie begehrt
1689 774 2374 846 — nur Geduld! Er wird doch
2365 782 3357 861 fanden. Der „Sängerbund“ brachte Kremser's sechs
448 809 1423 880 schen „Jüdin von Toledo“ von der Verzweiflung
1413 818 1633 886 kommen
1679 822 2369 907 der erste Frühling dieses Jahr¬
2367 828 3353 909 altniederländische Volkslieder, das vom Chormeister
451 861 1415 921 der Sinnlichkeit, zum opferwilligen Heroenthum
1393 871 1655 945 hunderts.
1968 876 2337 948 Alfred Klaar.
2364 879 3358 957 Herrn A. H. Mai componierte „Mein Lied“ und
455 898 1423 960 hinüberleiten soll. Aber da versagt die Kraft
2370 929 3345 1003 die Schlußsätze aus dem in Oesterreich noch nicht auf¬
442 960 1409 1014 und muß versagen; denn während bei Grill¬
2366 982 3338 1050 geführten Oratorium „Die Zerstörung Jerusalems“.
1415 964 2372 1058 Theater-, Mustk- und Kunstnach¬
440 999 1418 1077 parzer der Begierdentolle ein Gefühl davon
2371 1028 3342 1101 von Klughard. Besonders in diesem Fragmente kamen
449 1054 1420 1121 hat, sich selbst zu verlieren, liegt hier der
1762 1039 2024 1137 richten.
2360 1074 3349 1135 sowohl die Solisten als auch der Männer= und
454 1096 1411 1164 Schwerpunct des Ichbewußtseins in der Be¬
1491 1094 2370 1191 x. Neues deutsches Theater. In der
2365 1120 3351 1193 Frauenchor zur Geltung. Den Titus sang Herr Hof¬
451 1147 1415 1214 gierde, deren Berechtigung gar keinem Zweifel
1415 1148 2361 1238 Sonntag, den 7. d. stattfindenden Abschiedsvorstel¬
2359 1168 3349 1238 opernsänger Klar=Müller. Das Werk fand begeisterte
446 1191 1407 1258 zu unterliegen scheint, und deren unerreichbare
1406 1220 2370 1287 lung von Adolf Sonnenthal („Fromont jun,
2363 1228 3349 1289 Aufnahme. Das Richard Wagner=Orchester brachte
445 1220 1412 1310 Befriedigung den ganzen Strebensinhalt der
1406 1259 2367 1335 und Risler sen.“) sind die Hauptrollen folgender¬
2360 1257 3346 1331 wie immer seltener gehörte Tonstücke, so die Ouver¬
440 1282 1411 1356 Menschen, das ganze tragische Problem des
1406 1311 2366 1388 maßen besetzt: Risler ven. — Adolf Sonnenthal,
2359 1309 3334 1385 ture zu „Iphigenie in Aulls“, Griegs „Frühling“
439 1341 1411 1404 Dramas ausmacht. In der Nichtigkeit des über¬
1400 1365 2329 1425 Franz Risler — Herrmann Jahn, Fromont jun. —
2354 1360 3354 1440 und das „Menuett“ von Boccherini. Den Abschluß
437 1397 1408 1463 reizten Verlangens, an dem die philosophisch
1401 1408 2361 1475 Wilhelm von Wymetal, Delobelle — Erich Schmidt,
2356 1409 3356 1479 des Concertes bildete das Vorspiel zur „Rose von
434 1419 1408 1504 überfeinerte Blasirtheit scheitert, vergeht auch
1412 1453 2365 1524 Chebe — Moritz Zeisler, Planus — Ludwig
2367 1456 3350 1530 Pontevedra“ und eine Scene aus dem „Liebesmahl
437 1476 1416 1550 der Held mit all seinem Fühlen und Denken
1410 1501 2363 1569 Seipp, Sidonie — Johanna Buska, Ciaire — Marie
2358 1502 3344 1568 der Apostel“ von Richard Wagner. Der Chormeister
515 1521 1415 1595 sein Aufruf zu Heldenthaten ist ein rau¬
1408 1545 2333 1602 Immisch, Desirée — Emma Metz, Mad. Chebe —
2361 1558 3346 1617 Herr A. H. Mai hat sich durch dieses Concert die
430 1569 1406 1646 schendes Finale ohne inneren Zusammenhang
1410 1599 2367 1661 Marie Corbach, Regie Alfred Reucker. — In dem
2363 1597 3349 1672 hiesigen Kunstfreunde besonders zu Dunke verpflichtet.
432 1632 1410 1686 mit seiner Natur, man glaubt nicht an diesen
1400 1634 2368 1719 am Montag, den 8. d. zur Aufführung gelangenden
2466 1648 3336 1719 * Theater= und Musiknachrichten. Die
437 1662 1245 1743 Anatol in der Rüstung des Achilles..
1410 1703 2359 1752 „Mikado“ sind beschäftigt die Damen: Förstel (Yum¬
2363 1688 3342 1769 „Elekira“ von Galdos, deren Aufführung in Madrid
529 1726 1401 1801 Es ist seltsam, wie Natur und Geistes¬
1393 1738 2361 1809 Dum), Bardi (Pitti=Sing), Reich (Peep=Bo), Cornelly
2360 1742 3339 1813 bekanntlich den ersten Anlaß zum Ausbruch der anti¬
437 1754 1401 1847 stimmungen manchmal in uns zur Einheit ver¬
1397 1784 2362 1857 (Kathisha), die Herren: Tantenhayn (Mikado),
2359 1790 3342 1862 clericalen Demonstrationen gab, ist zur Aufführung
438 1822 1409 1898 schmelzen können. Während ich mich in der
1407 1838 2360 1914 Pauli (Nanki Po), Bauer (Ko Ko), Löwe (Pooh¬
2350 1839 3344 1919 im Wiener Deutschen Volkstheater für den
427 1871 1399 1940 matterleuchteten Gasthausstube von Buckow in
1398 1876 2355 1966 Bah), Haydter (Pisb-Tush), Regie Hans Herzka,
2351 1895 3337 1950 4. Mai angesetzt. Die Rollen sind bereits vertheilt,
437 1914 1412 1994 diese Schnitzler'sche Tragödie der Blasirtheit
1396 1927 1871 1994 Dirigent Josef Manas.
2348 1941 3348 2007 und die Proben beginnen nach Ostern. Es ist be¬
424 1954 1416 2045 versenkte, hatte ich das Gefühl, als wirkte die
1492 1973 2359 2050 ** Deutsches Landestheater. Als XLV.
2344 1972 3344 2054 merkenswerth, daß die Censur das Stück zur Auf¬
429 2011 1407 2089 schönbeleuchtete, farbige, aber von frostigen
1403 1997 2353 2095 volksth. Vorstellung zu ermäßigten Preisen geht am
2349 2037 3338 2082 führung in Wien zuließ. Ob Aenderungen vorgeschrie¬
424 2063 1402 2134 Winden durchhauchte Landschaft in mir nach,
1396 2084 2353 2155 Sonntag, den 7. d. Karl Weis' Oper „Der polnische
2345 2083 3330 2153 ben sind, ist nicht bekannt. — Das Berliner Luisen¬
435 2108 1400 2177 und als lebte ich in der Stube, in der der
1398 2117 2352 2197 Jude“ in Scene. Am Ostermontag gelangt Paul
2345 2125 3330 2201 theater frischte die zehn Jahre alte Posse „Talmi“.
435 2160 1406 2233 eiserne Herd bald erkaltete, noch einmal den
1402 2173 2355 2229 Lindaus Lustspiel „Die beiden Leonoren“ mit den
2347 2173 3330 2240 von M. Schlesinger und L. H##mann auf. Das
426 2211 1401 2275 Vorfrühling mit, der so viel vom Herbst an
1401 2219 2354 2290 Damen: Immisch, Urfus, Corboch, Klein, und den
2347 2227 3343 2291 harmlos=heitere, in der Tendenz gesunde Volksstück
432 2252 1396 2319 sich zu haben schien, den Kampf um das
1387 2267 2351 2346 Herren Zeisler, Seipp, Wymetal, Stiewe, Richter,
2348 2272 3333 2329 erzielte eine freundliche Aufnahme. — „Ostern“,
424 2315 1399 2379 Werden und Wachsen, dem die Sonne zulächelt
1401 2313 2354 2378 Roland, Grauert, Mande, Inza als XIVI. volksth.
2354 2316 3340 2386 das jüngst auch in Deutschland aufgeführte Schau¬
433 2351 1400 2411 und das sich zaghaft vor den rauhen Wind¬
1397 2362 2350 2445 Vorstellung zur Aufführung. Die Tagescassa ist heute
2354 2363 3329 2436 spiel des schwedischen Dichters August Strinde
437 2390 1391 2464 strömungen zurückzieht. Es ist eine Fülle fein¬
1393 2403 1880 2486 von 9—12 Uhr geöffnet.
2345 2414 3342 2480 berg, ist vorgestern in der Hauptstadt Schwedens
437 2448 1401 2522 ster Beobachtungen in dieser Schnitzler'schen
1498 2452 2351 2520 Gastspiel Tautenhayn. Aus Linz wird
2355 2447 3344 2536 mit von Act zu Aet stärker werdendem Erfolge auf¬
430 2493 1405 2569 Poesie, ungemein viel Helle und Glanz; die
1396 2499 2353 2567 uns geschrieben: Die Österwoche gah dem Linzer
2350 2504 3325 2571 geführt worden. Als Leonore, die zarte, visionäre
435 2531 1395 2607 Gedanken differenziren sich so fein wie das
1383 2548 2351 2616 Theaterpublicum Gelegenheit, ein Wiedersehen mit
2355 2549 3326 2633 Weibesgestalt, hat die Braut des Dichters, die junge
427 2566 1388 2650 Geäste der unbelaubten Bäume und die kahlen
1387 2602 2344 2666 zweien seiner alten Lieblinge zu feiern. Ernst Tau¬
2342 2595 3328 2663 Schauspielerin Harriet Bosse, einen großen künstle¬
433 2627 1390 2701 entschleierten Triebe schimmern in so ungewöhn¬
1384 2652 2348 2702 tenhayn und Frau absolvirten ein dreima¬
2342 2655 3325 2730 rischen Erfolg errungen. — Eine Neugestaltung der
417 2661 1395 2756 lichen Farben, wie die nackten Wälder und
1385 2696 2349 2747 liges Gastspiel. Ernst Tautenhayn, der derzeitige
2338 2692 3324 2767 sophokleischen Dichtungen Antigone und
428 2721 1392 2800 Baumgruppen des verschüchterten Vorfrühlings.
1384 2752 2348 2809 Komiker des Prager deutschen Landestheaters, hat
2343 2745 3321 2812 König Oedipus wurde dem Wiener Jubiläumstheater
431 2779 1384 2845 Alles in Allem eine Beleuchtung, die in der
1390 2790 2336 2852 sich durch mehrere Jahre in die Herzen der Linzer
2344 2793 3315 2866 von einem Berliner, Herrn Eugen Jagon, einge¬
426 2820 1383 2895 Zartheit ihrer Nuancen an die besten Nach¬
1383 2831 2339 2895 hineingespielt, u. z. nicht nur in komischen Rollen.
2340 2833 3321 2908 reicht und sofort augenommen. — Die einactige Oper
418 2872 1386 2940 classiker, zumal an Grillparzer erinnert, aber
1379 2884 2347 2950 sondern auch als chargirter Liebhaber, ja manchmal
2341 2892 3230 2960 Westerhouts „Donna Flor“ fand
491 2924 1391 2992 keine Wärme, keine neue belebende Kraft,
1383 2930 2347 3003 wagte er auch mit großem Glücke einen Schritt ins
2340 2927 3316 3006 Altonaer Stadttheater trotz sorgfältiger Ein¬
414 2975 1385 3042 die aus Kampf und Tragik hervordringt, frö¬
1381 2972 2356 3050 Charakterfach: so war sein Karl in Burckhardt's
2345 2978 3310 3052 studirung durch Gille einen nur schwachen Erfolg.
408 3028 1387 3083 stelnde Erkenntniß, ein eisiger Hauch über der
1393 3046 2343 3095 „'s Katherl“ eine ganz vorzügliche Leistung. Seine
2395 3025 3320 3102 Die classischen Fragmente, die das
427 3062 1391 3135 Farbenpracht, mit einem Worte: Kaltes Licht!
1379 3076 2333 3140 Frau, damals noch Fräulein Schiner, war die rei¬
2339 3066 3314 3148 „Berliner Theater“ heute Nachmittag in einer Son¬
522 3116 1386 3176 So hatten Natur und Kunst, die mich da
1383 3127 2340 3192 zende Soubrette unserer Landesbühne, die durch ihre
2335 3128 3310 3198 der=Vorstellung vorführen will, Goethe's („Elpenor“
411 3154 1393 3229 draußen in der Stille umfingen, mehr von
1377 3171 2327 3233 feine, jeder Uibertreibung fern liegende Darstellung,
2329 3170 3318 3246 und „Satyros“, aber auch „Robert Guiscard“ von
414 3203 1389 3279 einem Nachwinter, als von einem Vorfrühling.
1377 3215 2330 3278 sewie durch ihre natürliche Grazie sich alle Herzen
2329 3222 3312 3312 Kleist, erscheinen bei diesem Anlaß zum ersten Male
411 3247 1390 3322 Unter dem Eindruck dieser Schnitzler'schen Tra¬
2327 3258 2664 3335 auf der Bühne.
1370 3267 2334 3327 erobert hat. Jetzt hat sie, wie bekannt, der Bühne
409 3308 1384 3370 gödie, die mir trotz alledem als das Bedeu¬
1375 3314 2335 3382 entsagt, und nur im Theater des deutschen Dilet¬
2411 3294 3321 3388 ** Der Historienmaler V. J. v. d. Forst
413 3352 1377 3408 tendste erschien, was in diesem Winter in dra¬
1375 3360 2342 3410 tantenvereines in Prag ist sie hie und da aufge¬
2324 3348 3303 3428 ist, wie die Kölnische Zeitung mittheilt, in Herten
412 3394 1377 3459 matischer Form auf mich einwirkte, trat mir
1374 3409 2334 3474 treten. Das Castspiel des Ehepaares Tautenhayn war
2327 3417 3316 3482 in Westphalen, wo er mit der künstlerischen Aus¬
413 3432 1374 3507 die Fülle des Gesehenen und Empfundenen
1376 3450 2330 3523 für das Linzer Publicum ein Ereignis. Vier Tage
2326 3454 3304 3520 schmückung der Kirche beschäftigt war, vom Gerüst
406 3489 1377 3555 noch einmal ins Bewußtsein. Unverkennbar
1369 3509 2333 3567 vorher waren sämmtliche Sitze und Logen des Thea¬
2331 3506 3309 3593 gestürzt und alsbald gestorben. Der Künstler war
411 3549 1386 3617 flüchtet man aus dem Wirklichkeitscultus, an
1371 3553 2331 3614 ters ausverkauft. Der Empfang der beiden Lieblinge
2325 3556 2830 3607 1864 in Münster geboren.
408 3592 1390 3653 dem die schöpferische Einbildungskraft zu ver¬
1370 3605 2333 3663 war ein überaus herzlicher, Blumenspenden gab es
405 3634 1380 3707 armen drohte, wieder in die farbige Phantasie¬
1374 3642 2324 3702 täglich in Hülle und Folle, und am letzten Abende
2333 3640 3305 3752 Aufnahme in die k. k. Landwehr¬
405 3685 1383 3733 welt hinein, sehnt man sich aus dem ernsten,
1370 3688 2334 3756 mußte Herr Tautenhayn, um das Publicum endlich
2473 3705 3137 3796 Cadettenschule in Wien.
414 3724 1381 3785 aber kargen Winter, in dem manche Saat unter
1374 3744 2323 3804 zu beruhigen, sich zu einer Abschiedsrede entschließen,
403 3772 1381 3847 der kühlen Decke keimte, in den Frühlingstraum
2386 3772 3293 3849 Mit Beginn des Schuljahres 1901/1902 werden
1383 3793 2325 3849 in der er versprach so bald als möglich mit seiner
2317 3796 3288 3881 in die Landwehr=Cadettenschule in Wien, welche aus
405 3817 1376 3889 zurück. Der Horizont der Dichtung wird wieder
1372 3842 2325 3896 Frau wiederzukommen. Das Ehepaar Tautenhayn
2323 3859 3301 3925 drei Jahrgängen besteht, in den 1. Jahrgang beiläufig
416 3874 1376 3926 weiter und heller, die Fernblicke, die zarten ver¬
1375 3883 2328 3949 trat als Ilona und Schmalzel in der Posse „Heibes
2320 3895 3280 3948 150 Aspiranten ausgenommen werden. In den 2. Jahr¬
414 3915 1382 3981 schwimmenden Formen, die reicheren Farben,
1377 3926 2323 3995 Blut“, als Lancelot und Alesia in „Die Puppe“ und
2333 3933 3300 3992 gang können nur ausnahmsweise und nur insoweit
413 3963 1377 4025 die auch ihre ewige Natürlichkeit haben, kommen
2334 3975 3298 4032 Aspiranten aufgenommen werden, als Plätze ver¬
1365 3963 2326 4043 als Margarethe und Vieröckel in der Posse „Ein
405 4010 937 4074 wieder zu ihrem Recht
2333 4015 3304 4085 fügbar sind. Eine Aufnahme in den 3. Jahrgang
991 4018 1377 4076 aber der Winter
1377 4030 2327 4092 armes Mädel“ auf. Da der Andrang zu den Abend¬
2323 4049 3297 4103 findet nicht statt. Die Aufnahmsbedingungen sind
405 4059 1380 4115 war rauh, der Lenz hat furchtbar zu kämpfen
1369 4076 2337 4133 vorstellungen so groß war, daß Viele nicht befriedigt
2323 4100 3333 4159 I im Allgemeinen folgende: Die österr. Staatsbürger¬
400 4098 2335 4174 und wir leiden noch unter der Kälte des werden konnten, schob man auch am Mittwoch noch
2328 4125 3309 4186 schaft. Die physische Eignung. Ein in jeder Be¬
