3248 4256
1959 181 2421 288 box 20/1
247 193 1835 304 14: Der Schleien der Beatrice
1274 1172 2024 1260 ——
424 1221 3262 1310 dem letzten Direktionsjahre Laube's Zu Zwecken einer bis nach Teutschland hinaus nachhallende Wirkung übte. Es richtung einer kritisch=ästhetischen Zensur v
2544 1291 3263 1367 werden. Für den müßte er allein aufkor
1490 1291 2557 1354 war die Plauderei „Mit der Feder“. Der Autor, der die
413 1304 1497 1363 Wohlthätigkeitsvorstellung war ein Stückchen geschrieben
1492 1337 2555 1408 Kleinigkeit auf einen momentanen Einfall hin zu Papier
420 1356 1501 1416 worden, ein kleines historisches Genrebild, dessen Hauptrollen
2610 1356 3265 1451 Nicht blos in der „Papierform“
1486 1384 2556 1452 gebracht hatte, ließ sie über ein Jahr lang unter Verschluß
420 1399 1497 1455 für die Rettich und die Gabillon bestimmt waren,
1485 1435 3256 1493 liegen und war über Werth oder Unwerth derselben so wenig reellste, handgreiflichste, brutalste Wirklic
422 1451 1499 1507 für die letztere eine sogenannte Hosenrolle. Laube las das
1487 1488 3254 1540 im Klaren, daß er ihr, als sie dann doch zu Laube hin= die Zensur — mit wechselnden „Vor#
424 1491 1498 1551 Stückchen und gab dem Verfasser sein Urtheil in knappster
1489 1530 3253 1600 wanderte, die Einbegleitung mitgab: „Wenn Sie, ver=jeweiligen Machtkonzentrirungen in Aktio
420 1545 1498 1601 Unzweideutigkeit: „Langweilig bis zum Exzeß, nicht zu
415 1588 3263 1644 brauchen.“ Der Verfasser las es bei Julie Rettich vor, ehrter Herr Direktor, das Stückchen für brauchbar ermomentane „Vorort“ ist Berlin,
410 1616 3258 1715 ihr, wie ihres Gemals Spruch lautete: „Unaufführbar, weil klären, werde ich es Ihnen ebenso glauben, wie wenn „Intelligenz=Zensur“ — es wird gebet
418 1697 3263 1743 gänzlich undramatisch.“ Zerline Gabillon's scharse Auf= Sie es miserabel finden, denn ich habe absolut „Zensur=Intelligenz“ zu lesen. Di
426 1743 3207 1792 richtigkeit fand noch kräftigere Akzente: „Lieber Freund, das hält kein Urtheil darüber.“ Worauf Laube replizirte: „Mir geht Kaiser Wilhelm's hat da
1486 1766 3264 1833 es mit dem kleinen Lustspiele gerade so wie Ihnen, lieber verständniß hervorgerufen, die Berlin
410 1773 1492 1837 kein Publikum aus.“ Das Manuskript wanderte also in die
1488 1811 3262 1873 Freund, ich kenne mich auch darin nicht aus. Ich nehme es das „Keinen Pardon geben!“ aus
417 1817 1498 1897 Schreibtischlade und blieb dort über Jahr und Tag liegen,
1497 1860 3254 1920 jedenfalls und werde trachten, es bei Gelegenheit aufs geschnappt und, ohne den Zusamme
411 1872 1493 1931 bis wieder Drang und Zwang einer Wohlthätigkeitsvorstellung
1486 1919 3253 1973 Theater zu bringen.“ Diese Gelegenheit ließ beinahe zwei als an ihre Adresse gerichtet aufgefaßt.
419 1931 1496 1977 doch noch einen Versuch damit wagen ließ. Baron Münch
1489 1956 3253 2021 Jahre auf sich warten, während welcher Zeit Laube nur ssie faktisch unter den Autoren, als hätte
427 1976 1501 2033 war inzwischen als General =Intendant an Laube's Stelle
1495 2003 3262 2064 ein einzigesmal ernstlich daran wollte, um mit Lewinsky,tischen Boxers zu thun. Kaum sind
417 2006 1499 2075 getreten, und der hatte über den Einakter zu urtheilen. Ihm
1498 2040 3258 2115 der damals in seinen frappirenden Anfängen war, als —[Herrein“ von Blumenthal= K
422 2057 1496 2116 erschien die kleine Arbeit interessant, nur substituirte er für
1484 2089 3255 2177 schüchtern=verwegenen Liebhaber zu experimentiren! Bei[Streichen — das heißt, ihrem
413 2098 1509 2159 die weibliche Hosenrolle einen männlichen Darsteller. So
416 2139 3257 2217 kam's zur Leseprobe. Der Eindruck auf die zur Mitwirkung näherer Ueberlegung wollte man es jedoch darauf nicht an-wird dem „Ausflugins Sittli
1496 2198 3256 2272 kommen lassen und so wurde weiter gewartet, bis die[Engels unternehmen will, der
417 2204 1495 2271 bestimmten Schauspieler war da der gleiche, wie zu Laube's
2524 2218 3257 2298 der Verfasser des „Probekand
1485 2241 2436 2298 treibende Gelegenheit doch endlich eines Abends kam.
422 2250 1497 2316 Zeit, ein geradezu lähmender — man wollte dem Autor
2548 2272 3252 2341 mit dem Verbot eines neuen
1572 2288 2551 2344 Moral: Ueber die Theaterfähigkeit und theatralische
420 2291 1509 2380 freundschaftlich rathen, die kleine Misgeburt zurückzuziehen,
1502 2333 3251 2393 Wirksamkeit eines Stückes gibt es keine andere sichere daß sein Lustspielmuthwillen Berlin
421 2347 1499 2422 um eine eklatante Niederlage zu ersparen. Aber die Zeit war
1502 2386 3262 2442 Prophezeiung, als die der Phropheten nach rückwärts —der freien Meinungsäußerung iro
420 2393 1500 2463 zu kurz, die geplante Vorstellung konnte nicht verschoben
1502 2428 3262 2486 wenn es sich durch die Theateraufführung erprobt hat, dann Alles aber geschieht bereits im Zeichen de
428 2434 1503 2499 werden, und so ließ man den Dingen in Gottes Namen
1501 2478 3261 2534 läßt sich sehr scharfsinnig und geistreich beweisen, daß dieKommission des Goethe=Bundes“, die na
426 2488 1504 2542 ihren Lauf. Die erste, die zweite, die dritte Bühnenprobe
2544 2521 3262 2594 Verbindung mit den Sach un verständi
1503 2520 2566 2594 Wirkung vorauszusehen war, ebenso wie die Durchfallsnoth¬
431 2535 1498 2601 vergingen in der gleichen trostlosen Stimmung Mitten in der
2545 2565 3253 2634 gebracht wird. Daß die üblen P
1502 2572 2558 2627 wendigkeit, wenn der Durchfall schon geschehen ist. Für
424 2586 1505 2645 vierten Probe erhebt sich plötzlich August Förster, der die
2547 2609 3265 2674 Kompromittirung des Goethe-Bundes
1497 2622 2557 2679 Stücke von schwankender Werthbestimmung das richtige
429 2609 1510 2694 Regie führte, vom Sitze und sagt: „Kinder, mit dem Stück¬
2554 2660 3254 2717 wirklichen werden, daß die Polizei sich so
1502 2661 2555 2722 Horoskop stellen, dafür reicht keine. Direktions=Astrologie aus.
430 2660 1498 2733 chen irren wir uns gründlich, es wird einen starken Erfolg
2545 2704 3254 2762 neuesten Gehilfen so geschwinde bloßzustel
1491 2713 2558 2769 Das gibt wohl jeder Direktor von Einsicht und Beruf selbst
428 2722 1140 2798 haben.“ Und den hatte esrichtig....
1498 2762 3262 2825 zu. Mit einem Wort, auch das Durchfallsrecht sollte den doch nicht gedacht. Der „mildernde,
530 2746 1498 2832 Etwas Aehnliches, gleichfalls aus der eigenen Erfahrung
2551 2795 3259 2860 weiserische Einfluß“ der „literarischen
1504 2813 2546 2870 wirklichen dramatischen Autoren nicht verkürzt werden dürfen,
433 2816 1508 2890 und gleichfalls aus der Direktion Laube, dessen Gedächtniß
2546 2831 3261 2921 mit Treibhausschnelligkeit kuriose Früchte
1500 2844 2553 2916 nicht einmal aus der wohlwollenden Absicht eines bevor¬
429 2868 1500 2923 darum hier wiederholt angerufen wird, weil sein Theater¬
1503 2891 3263 2958 mundenden Schutzes vor Niederlagen. Wenn dem Theater=ssie an diesen erkennen? Die „Papi
432 2908 1499 2972 blick doch gewiß ein unanzweifelbarer war. Wiederum handelt
430 2938 3264 3034 es sich nur um einen Einakter, der aber durch die Glanz=betriebe selbst kein allzugroßes Opfer damit auferlegt wird, Zensur-Institution mit der gefälschen E
428 2998 2983 3090 lestungen Sonnenthal's und der Gabillon eine sollte der Autor von Bedeutung durch keinerlei Schutzvor-Iglorreich bewährt ...!
