3436 4384
271 298 1795 423 14. Der Schleier der Beatrice
834 1274 1257 1355 Telefon 12801.
385 1357 1724 1457 Alen, Weigl’s Unternehmen für Zeitungs-Ausschnitte
1389 1427 1607 1504 Ausschnftt
426 1455 642 1570 4#
647 1433 1373 1572 „OBSERVER“
1409 1474 1709 1583 Nr. 17
313 1572 1714 1652 I. öster& behördl. conc. Bureau für Zeitungsberichte u. Personalnachrich
503 1637 1598 1735 Wien, IX. Türkenstrasse 17.
710 1721 1426 1817 Filiale in Budapest: „Figyelö“ —
313 1791 1701 1871 Vertretungen in Berlin, Chicago, Genf, London, Newyork, Paris, Rom, Stockht
314 1885 1710 1985 Aussenntt us Ce Oasteche Zanoloo#e
1014 1968 1604 2104 Sllanshen
309 2010 798 2147 von 4 1000
603 2337 1680 2447 * Zur Affaire Schnitzler=Schlenther erfährt
510 2408 1676 2491 der Wiener Korrespondenr der B. Morgenpost“ folgende Da¬
518 2445 1671 2526 ten, die man nicht so ohne weiteres auf Treu und Glauben
517 2486 1678 2564 hinnehmen muß: Bei Ablehnung des Dramas „Der Schleier
527 2534 1688 2613 der Beatrice“ dürften die Burgtheater=Direktion auch noch
523 2586 1676 2647 theils die Handlung des Stückes, theils die große Insceni¬
528 2615 1673 2681 rungskosten — man spricht diesbezüglich von fünfundzwan¬
520 2662 1662 2710 zigtausend Kronen — geleitet haben. „Der Schleier der Bea¬
524 2699 1674 2759 trice“ spielt im 16. Jahrhundert zu Bologna. Cäsare Borgia
523 2729 1671 2799 belagert die Stadt und verkündet den Bewohnern, daß ihnen
528 2769 1664 2843 blos 48 Stunden zum Leben gegönnt wären. So kommt es,
512 2793 1671 2879 daß alle den Vergnügungen und Lastern fröhnen und es auf
515 2851 1659 2917 dem Schlosse des Herzogs, der bei einer Mädchenparade die
346 2896 1709 2971 Für 50 sechzehnjährige Beatrice, die schöne Tochter eines Wappen= in
438 2922 1674 3001 100 meisters, zur Geliebten erkoren, hoch hergeht. Beatrice aber,
428 2968 1713 3027 200 die ihr Herz einem Bologneser Dichter verschrieben hat, will al
523 3003 1701 3077 sich nur unter der Bedingung dem Herzog ergeben, wenn er au
399 3037 518 3103 „ 1000
521 3048 1655 3102 sie heirathet. Der Herzog willigt ein. Während des Hoch¬
521 3085 1657 3155 zeitsgelages ergibt sich Beatrice ihrem — Dichter. Nun führt
437 3086 511 3152 In
518 3124 1661 3187 der Brautschleier, den Beatrice in der Wohnung des Dichters
318 3132 506 3197 Abonnem:
526 3162 1268 3242 vergessen hat, zu tödtlichen Konflikten.
323 3177 512 3231 Abonnent
426 3230 1685 3326 Der „OBSERVER“ veranstaltet täglich einen Auszug enthaltend
318 3307 1690 3365 Inhaltsangabe aller wichtigen Mittheilungen der Wiener Morg)
326 3349 1692 3393 blätter (Tagesjournale ausser „Neue Freie Presse“ und Wiener Zeitun
318 3382 1686 3441 wodurch eine Uebersicht über das gesammte politische und wirthschaftliche Lei
323 3428 1683 3478 des In- und Auslandes in drastischer Kürze geboten wird. Diese Mittheilun
326 3464 1129 3510 werden in Wien um 9 Uhr Früh verschickt.
620 3526 1449 3617 Prospecte gratis und franco.
1916 313 2367 408 box 20/1
2269 1311 2682 1378 Telefon 12801.
1781 1414 3141 1491 Alex. Weigl's Unternehmen für Zeitungs-Ausschnitte
2800 1475 3003 1546 Ausschaltt
2832 1518 3144 1627 Nr. 79
2142 1480 2777 1628 „OBSERVER“
1719 1526 2004 1651 N 105
1723 1606 3196 1686 I. österr. behördl. conc. Bureau für Zeitungsberichte u. Personalnachrichten
1938 1690 3030 1769 Wien, IX/1. Türkenstrasse 17.
2125 1768 2815 1863 — Filiale in Budapest: „Figyelö“ —
1750 1849 3183 1905 Vertretungen in Berlin, Chicago, Genf, London, Newyork, Paris, Rom, Stockholm.
1736 1961 2276 2045 Ausschnitt aus:
2338 1994 3072 2116 Neuss Wiener agblatt
1885 2057 2303 2180 21 4000
1758 2110 2016 2209 vom 7
2097 2560 3055 2636 * Wir sind autorisirt, mitzutheilen, daß die in Theater¬
2009 2578 3050 2685 kreisen cursirende Nachricht, Hugo v. Hofmannsthal
2011 2671 3057 2734 habe sein neues Schauspiel „Das Bergwerk zu
2011 2698 3071 2790 Falun“ aus Anlaß des Conflicts zwischen Arthur
2016 2764 3036 2824 Schnitzler und Director Schlenther dem Burgtheater ent¬
2008 2804 3041 2880 zogen, unrichtig ist. Herr v. Hofmannsthal hatte schon lange
2014 2852 3041 2937 vor diesem Conflict den Director verständigt, daß er zunächst
2008 2918 3047 2978 eine Aufführung dieses Dramas nicht wünsche. Sein erster
1764 2923 2008 3006 Für 50 21
2015 2949 3150 3024 Act wird im October=Heft der „Insel“ als Fragment er=Jusive
1856 2978 1960 3032 100
3018 2997 3123 3048 orto.
2016 3001 3135 3069 scheinen; die anderen gedenkt der Dichter vorläufig nicht zu lbar
1854 3011 1975 3068 200
2002 3038 2273 3111 veröffentlichen.
1854 3060 1975 3109 500
2998 3074 3163 3138 Voraus.
2248 3059 2519 3163 ##nten
2719 3070 3026 3164 .—
1803 3096 1974 3161 „ 1000
1873 3126 3184 3203 Im Gegensatze zu anderen Bureaux für Zeitungsausschnitte ist das
1757 3195 3189 3250 Abonnement durch keine bestimmte Zeitdauer begrenzt; — auch steht es den
1767 3227 3050 3277 Abonnenten frei die aufgegebenen Themen zu ergänzen oder zu ändern.
1860 3295 3201 3377 Der „OBSERVER“ veranstaltet täglich einen Auszug enthaltend die
1749 3365 3189 3392 Inhaltsangabe aller wichtigen Mittheilungen der Wiener Morgen¬
1769 3391 3194 3450 blätter (Tagesjournale ausser „Neue Freie Presse“ und „Wiener Zeitung“)
1768 3435 3196 3482 wodurch eine Uebersicht über das gesammte politische und wirthschaftliche Leben
1766 3477 3192 3526 des In- und Auslandes in drastischer Kürze geboten wird. Diese Mittheilungen
1760 3516 2570 3580 werden in Wien um 9 Uhr Früh verschickt.
2054 3584 2892 3675 Prospecte gratis und franco.
