3436 4320
1859 203 2405 303 box 20/4
286 211 1812 303 14. Der Schleier der Beatrice
1125 757 1570 947 1rts
1039 978 1163 1049 302
1623 967 2141 1056 Dramatische Rundschau.
1117 1066 2715 1142 war in der entscheidenden Stunde Jesu mit dem ihre Traumphantasie vorher schon glanz¬
1043 1121 2709 1158 Schicksal gelegt; sie konnte — nach ihrem kurz= berauscht gebuhlt hat, leibhaftig vor sich hin¬
1052 1161 1876 1219 sichtigen Glauben — ihn retten, aber nur durch
1879 1162 2714 1219 treten, sie zu begehren. Nicht als Geliebte, nur
1047 1205 1869 1264 Verrat an dem, was ihr höher erschien als
1891 1209 2717 1260 als Herzogin will sie die herzogliche Schwelle
1054 1252 1880 1300 seine Person, an dem innersten Sinn und Hei¬
1885 1255 2715 1310 überschreiten. Bentivoglio, auch er trunken vom
1053 1297 1873 1349 ligtum seines Wesens. Sie blieb ihm getreu,
1895 1293 2713 1363 flüchtigen Becher des Lebens, willigt ein: wozu,
1051 1334 1879 1380 indem sie sich getreu blieb. Sie harrt auf seine
1884 1335 2717 1391 „umglüht von roten Fackeln der Gefahr und
1057 1372 1885 1433 Auferstehung ... Christus selbst erscheint nicht
1883 1371 2717 1433 unter schicksalsvollen Sternen“, noch nach Geburt
1056 1426 1884 1474 in dem Drama. Nur eine Stimme ruft von
1891 1422 2709 1481 und Stand fragen! So wird Beatrice — alles
1050 1466 1882 1520 ferne seine Botschaft auf die Bühne: „Wer unter
1884 1469 2665 1522 trägt sich in weniger als einem Tage zu —
1045 1511 1881 1557 euch ohne Sünde ist, der werfe den ersten Stein
1890 1505 2708 1560 indes die Leiche des verlassenen, in den Tod
1047 1552 1867 1616 auf sie!“ Heyses Drama würde gewinnen, wenn
1886 1557 2710 1607 gegangenen Freiers noch blutet, Herzogin von
1056 1593 2713 1649 man Christi Erscheinung und Gedächtnis ganz Bologna, am Altare mit dem wunderbaren
1056 1631 1880 1685 aus ihm tilgen könnte. Der innerste Nerv der
1873 1635 2718 1685 Schleier umkleidet, den einst der Fürst von Per¬
1053 1677 1867 1722 Dichtung würde dadurch nicht berührt. Sie
1882 1676 2710 1734 gamum als Hochzeitsgabe seiner Fürstin schenkte.
1040 1723 1883 1775 bliebe ein Hoheslied auf die Umwandlung durch
1878 1719 2711 1767 Doch am Besitz ersterben allsofort ihre Wünsche.
1055 1767 1879 1817 die Liebe, auch wenn diese Liebe durch einen
1879 1760 2707 1810 Vom Traualtar schleicht sie in Sehnsucht zurück
1045 1807 1864 1861 von allem Überirdischen und Göttlichen Entklei¬
1872 1812 2706 1862 zu Filippo, bereit, mit ihm den letzten Weg zu
1056 1848 1874 1901 deten in eine zuvor sündige Frauenseele ihren
1886 1846 2712 1904 gehen. Er beut ihr den Todesbecher — aber
1875 1891 2714 1953 auch dies Verlangen war nur eine flüchtige
1052 1891 1869 1947 sühnenden Strahl schickte. Heyse, der Novellist,
1876 1938 2721 1982 Laune: ihr Lebensdrang schrickt vor dem Ge¬
1056 1934 1870 1983 hat dafür mehr als einmal den künstlerisch über¬
1888 1975 2720 2036 spenst des Todes zurück. So stirbt der Geliebte
1046 1983 1872 2034 zeugenden Beweis geliefert. In dieser Möglich¬
1049 2019 1875 2082 keit ruht die Schwäche — ruht die Stärke der
1883 2011 2715 2069 allein; bei ihm bleibt nur der Schleier, den
1051 2059 1241 2121 Dichtung.
1877 2062 2715 2114 Beatrice auf der eiligen Flucht vor dem Tode
1089 2098 2714 2162 * Bei Wilbrandt wie bei Heyse dürfte man die vergißt. Zum Herzog zurückgekehrt und als
1050 2145 2712 2201 Schicksalsmacht aus der Hand der Frau, die sie untreu erkannt, soll sie augenblicks durch das
1047 2183 2713 2230 sich zur Heldin erkoren haben, lösen, und das Schwert gerichtet werden, wenn sie den Schleier
1055 2229 1871 2286 Sokrates= wie das Christusdrama würde nicht
1879 2231 2713 2290 nicht wiederschafft. Und sie wagt, abermals aus
1885 2280 2711 2330 unbändiger Liebe zum Leben, aus Angst vor
1051 2272 1887 2329 um ein Haar aus seinem hohen Gleis gerückt.
1055 2317 1879 2374 Anders in Arthur Schnitzlers Renaissancedrama
1881 2313 2709 2358 dem Nichtmehrsein, noch einmal den grausigen
1882 2359 2712 2413 Gang. Vor dem kalten Leichnam des Geliebten
1049 2350 1873 2413 „Der Schleier der Beatrice": hier erwächst alles,
1049 2403 1871 2444 Lust und Weh, Tod und Leben, aus den Hän¬
1879 2401 2719 2448 endlich kommt die Müdigkeit am Leben über sie;
1876 2451 2719 2495 in ihr ist nichts mehr als Sehnsucht, daliegen,
1055 2446 1879 2496 den des Weibes. Bologna liegt, dem unent¬
1056 2483 1880 2531 rinnbaren Tode geweiht, in den eisernen Um¬
1878 2490 2719 2542 so wie er, und fertig sein. Der verlorene
1046 2526 1874 2581 schlingungen des Cesare Borgia; morgen schon
1883 2531 2715 2581 Schleier wird gefunden, nun erst entwirrt sich
1056 2570 1880 2622 wird der Feind brennend und mordend durch
1891 2567 2721 2639 der Nebel, der dem Herzog so lange die Gestalt
1054 2608 1885 2674 die Mauern brechen. Um so heißer lechzt der
1883 2614 2306 2684 Beatrices umhüllt hat:
1059 2654 1889 2714 Gaumen nach der letzten köstlichen Neige des
1876 2677 2535 2731 Warst du nicht, Beatrice, nur ein Kind,
1055 2691 1875 2757 Lebens; das gesteigerte Lebensgefühl, der Drang
1888 2706 2598 2760 Das mit der Krone spielte, weil sie glänzte, —
1049 2729 1867 2793 zum Glück und Genuß, welcher nun vor keinen
1891 2749 2651 2798 Mit eines Dichters Seel', weil sie voll Rätsel, —
1056 2785 1872 2833 Folgen mehr zu erbleichen braucht, treibt die
1887 2792 2589 2829 Mit eines Jünglings Herzen, weil's dir just
1047 2823 1884 2891 Menschen, die Wahrheit ihrer Natur schleierlos
1888 2832 2566 2880 Geschenkt war? Aber wir sind allzu streng
1888 2859 2596 2913 Und leiden's nicht, und jeder von uns wollte
1048 2862 1882 2927 zu enthüllen. In Beatrice Nardi, der knospen¬
1880 2906 2704 2958 Nicht nur das einzige Spielzeug sein .— nein, mehr!
1049 2909 1873 2962 haft schönen Tochter eines irren Wappenschnei¬
1891 2938 2594 2982 Die ganze Welt. So nannten wir dein Tun
1052 2954 1871 2993 ders, kristallisiert sich dieser Lebensdrang zu ver¬
1892 2974 2629 3040 Betrug und Frevel — und du warst ein Kind!
1055 2991 1885 3045 hängnisvoller Tragik. Etwas von der absichts¬
1879 3024 2710 3091 Der versonnene Träumer und Idealist wie der
1052 3037 1878 3085 losen Grausamkeit des Wedekindschen „Erdgeistes“
1885 3079 2709 3131 gutgläubige Narr aus dem Volke gehen an ihr
1048 3082 1868 3131 steckt in ihr, in die weichlichere Krume der erlese¬
1871 3118 2714 3180 zu Grunde; der Herrenmensch, dem lächelnden
1055 3114 1867 3182 nen Wiener Treibhausdichtung von heute ver¬
1055 3174 2690 3218 pflanzt. Wen sie liebt, der entbrennt zu selig= Genuß der Gegenwart zugewandt, schreitet —
1889 3203 2707 3249 Bruderhand ersticht sie endlich — wagemutig und
1060 3203 1884 3263 ster Daseinsfreude, aber er verzehrt sich auch
1891 3248 2722 3317 sieghaft über sie hinweg, zum Kampf, zu neuem
1059 3250 1875 3305 schnell wie ein Licht, an dem eine zu heiße
1882 3298 2356 3354 Leben, neuer Daseinslust:
1064 3293 1874 3347 Flamme leckt. Den Dichter Filippo Loschi ent¬
1051 3330 1881 3390 flammt sie im Nu zu lodernder Sinnen= und
1952 3341 2623 3396 Das Zeichen tönt, und mächt'ge Neubegier
1060 3384 1891 3430 Lebensglut; aber kaum gewonnen, entschleiert sie
1955 3385 2599 3441 Wie nie zuvor beflügelt meinen Schritt.
1046 3418 1891 3465 ihm die ganze unbewußte Schamlosigkeit ihrer
1955 3429 2680 3484 Ich freue mich des guten Kampfs, der kommt;
1056 3458 1887 3522 Seele. Im innersten verwundet, wendet er sich
1954 3459 2615 3513 Die frischen Morgenlüfte atm' ich durstig
1955 3495 2616 3557 Und preise dieses Leuchten aus den Höh'n,
1046 3508 1899 3556 ab, um, seiner verlassenen Braut fast schon wie¬
1950 3545 2605 3592 Als wär' es mir allein so reich geschenkt.
1055 3547 1898 3597 der zurückgewonnen, alsbald von neuem ihrem
1953 3570 2597 3617 Das Leben ist die Fülle, nicht die Zeit,
1056 3584 1884 3634 dämonischen Zauber zu verfallen. Aber nur in
1966 3616 2599 3679 Und noch der nächste Augenblick ist weit!
1054 3629 1880 3674 neuer und doppelter Untreue kommt sie zu ihm.
1059 3662 2730 3726 Schon im Brautschleier, um einem braven hand= Mit dieser jauchzenden Fanfare schließt eine
1058 3718 2720 3764 werklichen Freier die Hand fürs Leben zu rei= Dichtung, die es, ohne festen Nerv, trotz der Fülle
1049 3753 2717 3814 chen, sieht sie den jungen Herzog von Bologna, der Gesichte nicht fertig bringt, mit bezwingender
