3436 4448
128 3675 321 3751 Touristen.
136 3726 334 3799 nsicht auf
189 3767 360 3824 21068
1909 243 2332 343 box 20/3
247 250 1758 342 14: Der Schleier der Beatrice
1431 1607 3322 1665 Dilettanten nicht Ohrenschmerzen bekommen. So wollen zu zeigen. Man freut sich also. Aber
1432 1649 3318 1730 wir denn noch nicht alle Hoffnung verlieren, wenn auchf nicht einmal da bietet er etwas, wie gl
1436 1707 2521 1761 ein gut Theil der vorliegenden Versdramen nicht ge¬
2510 1700 3322 1774 ist, wenn die eine Katharina die andre
1243 1687 1328 1772 7
637 1606 1259 1798 Feuilleton.
1432 1740 2509 1797 rade optimistisch in die Zukunft blicken läßt. Die Reime
2511 1740 3318 1808 Wissens gibt es das im Russischen nicht.
1433 1788 2513 1843 und Jamben sind oft so schrecklich, daß man Arno Holz
2518 1789 3320 1853 nicht einmal in deutschen Jambendramen
1434 1830 2514 1905 in seinem Kampf gegen den Vers fast Beistand leisten
2518 1829 3330 1891 dieses „Siezen“ immerhin. „Die Ma
1436 1867 1618 1932 möchte.
2514 1883 3310 1936 Tragödie in fünf Aufzügen und einem
447 1875 1324 1953 Neue Versdramen.
1493 1892 2510 1963 Gegen Harmlosigkeiten soll man kein schweres Ge¬
2509 1927 3313 1984 J. E. Sinoja, haben ihren Anfang
1437 1941 2514 2019 schütz auffahren. Prof. A. Caumont hat zum 200¬
2515 1961 3319 2024 dem Anfang der Schiller'schen „Jungfrau
594 1944 1183 2036 Von Kurt Aram (Berlin).
1443 2004 2509 2066 jährigen Jubiläum der Gemeinde Dornholzhausen eine
2513 2015 3322 2072 gemein. Nur daß man leider auch hie
421 2000 1424 2075 Der Vers wird immer mehr theaterfähig.
1433 2029 2507 2104 dramatische Dichtung geschrieben „Die Waldenser
2509 2048 3322 2114 bewundern kann und nicht Sinoja. Im
340 2067 1403 2115 Erst kürzlich hat Wilhelm Bölsche eine Lanze —
1434 2092 2505 2148 von Dornholzhausen".*) Daß dies Werkchen
2511 2098 3315 2147 „Marranen“ hat dann mehr „Don Ca#
346 2120 1426 2174 zehn Seiten lang war sie — für den Vers im Drama
1439 2145 2505 2188 zuerst französisch verfaßt wurde, merkt man den deut¬
2513 2149 3315 2219 gestanden. Ein Königspaar, zwei Beichtv
346 2161 1425 2216 gebrochen. Warum auch nicht? Es kommt nur auf die
1442 2184 2508 2230 schen Jamben deutlich an. Der Kunsttrieb, der es dem
2514 2183 3283 2243 inquisitor, Familiaren der Inquisition
337 2207 1424 2258 Verse an. Wenn sie beschaffen sind wie z. B. in „Cyrano
1426 2224 2511 2283 Verfasser zur Pflicht machte, seine Dichtung, wie er
2510 2235 3217 2293 ein Admiral, eine Ordensschwester, M
337 2247 1425 2301 de Bergerac“ — ich meine aber nicht nur die von Lud¬
1431 2268 2510 2319 im Vorwort sagt, so vollkommen als möglich zu ge¬
2508 2275 3207 2326 kurz: es ist Alles da, auch die entsp
342 2292 1405 2352 wig Fulda, sondern auch die von Edmond Rostand —
1437 2316 2507 2370 stalten, hat sich offenbar mehr an Racine und Corneille
2520 2317 3216 2371 um ein spanisches Rühr- und Rät
338 2331 1426 2398 so kann ein Versdrama etwas sehr Schönes sein. Wir
1442 2362 2504 2416 gebildet als an deutschen Dichtern. Da der Reinertrag
2517 2355 3229 2419 kultur erstehen zu lassen. „Doch nich
336 2386 1423 2435 haben ja überhaupt wieder Respekt vor Versen seit
1432 2404 2506 2463 für einen wohlthätigen Zweck bestimmt ist, will ich
2517 2401 3303 2463 kofen und zu küssen, zu ernsten Dingen tr
337 2420 1424 2477 Dehmel und Hofmannsthal. Nur ist es von solchem Re¬
1432 2444 2517 2496 weiter nichts sagen. „Die Schlacht von Tor¬
2512 2454 3314 2513 Gewissen,“ wie es so schön in einem der
333 2471 1420 2522 spekt in der Regel nicht mehr weit bis zur Mode, wo
1440 2490 2511 2544 gau*), Schauspiel in fünf Akten von Otto Girndt,
2511 2488 3326 2544 Dramen heißt. Leopold Veit hat das
334 2516 1430 2562 dann das Versdrama im Handumdrehn das „einzig
1429 2524 2516 2594 bringt halt die Schlacht von Torgau mit ihrem Drum
2510 2535 3327 2600 seiner „Magdalena Gerstner“
342 2558 1421 2605 Serechtigte“ ist. So kondolire ich denn schon jetzt der
1444 2576 2507 2630 und Dran in Jamben und Verse, die Schiller im „Wal¬
2508 2574 3323 2647 vier Aufzügen, ein soziales Drama geschri
341 2599 1434 2657 Verskunst, denn es hat von jeher Leute gegeben, bei
1434 2624 2500 2672 lenstein“ etwas besser gekonnt hat. Es war mir erfreu¬
2513 2625 3323 2689 in dem eine Fabrikbesitzerin, nebst ihre
343 2647 1422 2712 denen der Dichter schon beim Reimer anfing, und die
1444 2667 2510 2721 lich, zu bemerken, daß der alte Fritz selbst noch in der
2511 2674 3323 2716 rathenen Sohn und ihrem andern guten
328 2692 1426 2750 selbst Dichter wurden, weil sie „laben“ auf „haben“ zu
1435 2712 2505 2768 hundertfachen Verdünnung eines gewiegten drama¬
2513 2714 3319 2782 Baron, ein Werkmeister, drei Arbeiter, e
331 2739 1424 2790 reimen verstanden Sie werden jetzt neuen Muth bekom¬
1434 2750 2510 2812 tischen Homöopathen manchmal Reize hat. Selbst so ist
2517 2760 3318 2821 chen, selbst eine Großmutter sammt ihrem
339 2784 1424 2833 men. Es gab aush immer Leute, deren Reimtalent so
1433 2795 2504 2849 er nicht todt zu kriegen. Im Uebrigen habe ich herz¬
2506 2804 3305 2851 kind ununterbrochen in Jamben reden.
344 2819 1424 2889 groß war, daß sie aus ihm eine Fülle redender Perso¬
1427 2836 2504 2886 haft miteingestimmt in den Gesang, mit dem merk¬
2507 2843 3311 2916 beweglich zu lesen. Schade, daß in der ##
339 2870 1429 2918 nen speisen konnten. Sie schrieben Dramen. Sie werden
1433 2882 2502 2947 würdigerweise alle beide Dichtungen schließen: „Nun
2510 2887 2923 2957 Wille nicht genügt.
340 2915 1422 2962 fortan noch mehr Dramen schreiben. Ist aber erst der
1428 2925 1824 3004 danket alle Gott!“
2578 2913 3307 2995 Goethe's „Faust“ hat wieder einmal
338 2955 1428 3005 Vers theaterfähig, so stellt sich von selbst der Jambus
1506 2949 2488 3022 Auf ähnlicher Höhe stehen „Die Katharinen“.
2505 2958 3320 3037 befruchtet. In Max Kirschstein's ,
343 2994 1433 3051 wieder ein und dam## ienes historische Drama, das nur
1430 2991 2501 3067 Drama in fünf Aufzügen von Friedrich Jansen.**)
2509 3008 3310 3088 dramatisches Gedicht in zwei Aufzügen,
332 3042 1419 3097 so weit „historisch“ ist als es jambisch ist. Die deutsche
1431 3061 2518 3113 Die eine ist die bekannte Kaiserin von Rußland, die
2517 3061 3321 3132 „Faust“ 2. Theil. Himmel und Hölle, säm
328 3086 1421 3141 Sprache wird jetzt wieder mehr behandelt werden, als
1445 3101 2513 3158 andere Katharina Fürstin Daschkow, ihre Ehrendame
2511 3108 3304 3165 und Wiesengeister werden 62 Seiten lana
332 3134 1435 3179 sei sie die lateinische, man wird wieder schockweise die
1434 3150 2511 3196 und Freundin, das Ganze ein mühsam in quälende
2512 3158 3311 3217 gesetzt, und sie Alle pariren, daß es verbl
334 3172 1433 3226 kurzlangen Jamben=Unthiere auf zittrigen Beinen in
1437 3193 2506 3244 Jamben gebrachtes Intriguenspiel. In seinen Vorbe¬
2514 3194 3321 3256 riesige Aufwand steht in geradezu grot
329 3212 1428 3282 Dramen herumstehn sehn. Der dramatische Dilettantis¬
1435 3239 2506 3298 merkungen gibt der Verfasser genaue Anweisung über
2517 3243 3319 3296 satz zu dem übermageren Inhalt. Wenn d
324 3259 1425 3319 mus athmet erleichtert auf. Glücklicherweise hat wohl
1427 3274 2512 3334 die Aussprache der russischen Namen. Da das nicht
2502 3273 3309 3335 den alle Welt als güt'ge Vorsicht preist,“
331 3306 1430 3361 noch für ein, zwei Jahre wenigstens der Realismus
1434 3323 2513 3387 nöthig war, weil sich die Aussprache leicht ergibt, wenn
2510 3325 3314 3382 mal sagt, zugegen gewesen wäre, als Kir
330 3352 1428 3415 auch der großen Menge den Wahn ausgetrieben, als
1438 3372 2499 3429 man nur Jamben skandiren kann, so hofft man, diese
2513 3375 3318 3428 dieser Dichtung niederließ, er hätte ihm
340 3397 1427 3448 gehöre Gereimtes zur Poesie wie Eingemachtes zur
1445 3415 2502 3467 Anweisung sei gegeben worden, um des Verfassers ge¬
2510 3413 3320 3482 sem Unternehmen abgerathen. „Die Tre
333 3445 1426 3495 bürgerlichen Speisekammer. Und glücklicherweise sind
1438 3458 2501 3520 naue Kenntniß des Russischen und russischer Verhältnisse
341 3477 1437 3547 wir nachgerade so verwöhnt, daß, vorläufig nur wenige
2628 3471 3316 3549 Dresden und Leipzig, E. Pierson's B#
1564 3526 2506 3580 Homburg v. d. H., Fritz Schick's Hofbuchhandlung 1901.
2557 3494 3321 3586 **) Offenburg, Druck von Adolf Geck, 18
344 3533 1450 3589 Leute leben werden, die bei den gereimten oder ge¬
2558 3565 3328 3651 ***) Dresden und Leipzig, E. Pierson's
348 3570 2533 3645 jambten Leierkastenrhythmen in Dramen dichtender **) Oldenburg u. Leipzig, Schulze'sche Hofbuchhandlung. 1
