3436 4224
1882 181 2353 276 box 20/6
1298 195 1428 266 Be
195 198 1794 302 14: Der Schleier der Satrice
315 1730 3298 1877 1 kommt ihn auch plötzlich die Einsicht, daß Beatrice! hoch über unsere gesamte, von ängstlicher Kleinlichkeit starren, die Gesetze dieser Welt nicht verstehen, leicht
2288 1797 3290 1859 und unbedächtig kindisch ins Leben greifen, Unheil
1313 1813 2311 1898 gezeichnete dramatische Produktion stellt, — die ganze
2298 1827 3300 1916 stiftend. Ein Kind, das vom Ernst des Lebens nichts
320 1840 1319 1943 ohne Schlechtigkeit sei und daß sie bloß in kindlich
1304 1865 2314 1923 Skala der Empfindungen; von den leise stammelnden
2286 1880 3288 1973 weiß, das in allem nur Spielzeug für seine kleinen
338 1889 1329 1975 naiver Weise gehandelt und so viel Unheil gestiftet habe.
1315 1909 2306 1976 Lauten einer Beatrice bis hinauf zu den höchsten Tönen
403 1929 1220 1998 „Der starb um dich? Und den verrietest du?
2292 1937 2619 2010 Händchen sieht.
1307 1952 2306 2033 der tragischen Leidenschaftlichkeit, des geheimen Grauens
385 1965 1301 2041 Und mich um ihn? Und wied'rum ihn um mich?
2360 1963 3134 2050 „Warst du nicht, Beatriee, nur ein Kind,
1321 1995 2307 2074 und der demütigen Ergebung in die wunderlich ver¬
390 2006 1160 2093 Was bist du für ein Wesen, Beatrice?!“
2354 2000 3179 2078 Das mit der Krone spielte, weil sie glänzte, —
1325 2025 2319 2115 zweigten Wege des Schicksals — das muß man eben
131 2030 359 2117 Beatrices
2363 2051 3251 2118 Mit eines Dichters Seel', weil sie voll Rätsel,
386 2037 1330 2126 Er will ihr alles verzeihen. Aber da stößt der vor¬
1326 2091 1869 2175 selbst im Drama durchleben.
126 2101 354 2161 nde ihres
2354 2098 3167 2175 Mit eines Jünglings Herzen, weils dir just
134 2101 1328 2195 ermacht in eilige Bruder ihr den Dolch in die Brust. An der
1439 2107 2319 2214 ist geradezu merkwürdig, wie hier in diesem
2368 2126 3157 2191 Geschenkt war? Aber wir sind allzu streug
342 2146 1329 2236 Leiche des Dichters ruht nun auch die Leiche seiner
2364 2161 3201 2231 Und leiden's nicht, und jeder von uns wollte
1326 2176 2317 2239 Stüc, das in nicht länger als zwölf Stunden sich ab¬
140 2184 285 2243 ebten,
341 2196 1332 2272 Geliebten ... Da kommen Boten und melden, daß
2374 2198 3298 2283 Nicht nur das einz'ge Spielzeug sein — nein, mehr!
1330 2213 2321 2293 spielt, eine ganze Ewigkeit eingeschlossen ist. Merkwürdig,
176 2219 349 2290 kostbaren
342 2232 1328 2315 das seindliche Heer schon sichtbar sei. Die Zeit drängt.
2363 2253 3196 2308 Die ganze Welt. So nannten wir dein Thun,
1322 2268 2316 2335 wie es dem Dichter vermöge einer ungewöhnlichen
230 2273 348 2331 alten,
339 2280 1328 2370 ] Der Herzog erteilt noch seine letzten Anweisungen: er
2364 2272 3252 2347 Betrug und Frevel — und du warst ein Kind!“
1319 2303 2321 2375 Bebeerschung der dramatischen Technik gelungen ist, all
260 2293 356 2375 schen
354 2313 1337 2398 besiehlt, den Leichnam des geliebten Dichters im herzog¬
2377 2320 3304 2401 In diesen Worten des weisen Herzogs, die er an
1322 2332 2325 2404 4 die seltsamen, in ihrer Fülle geradezu erdrückenden
2306 2363 3308 2434 der Leiche Filippos in sinniger Betrachtung versunken,“
349 2390 836 2462 lichen Grab zu bestatten.
1332 2392 2322 2459 Geschicke seiner Heldin im Nahmen eines aus nicht
293 2403 364 2462 he
2319 2411 3305 2485 spricht, ist das ganze Wesen Beatrices eingeschlossen.
413 2403 1232 2509 „Und diese hier wie ihn! Die Spanne Zeit,
1340 2438 2326 2506 mehr als fünf Aufzügen bestehenden Dramas in bunter
2316 2470 3298 2534 Sie, das Kind, ist in ihrer Passivität kompliziert,
417 2468 1246 2530 Die sie ums Licht des Lebens noch geflattert.
1339 2469 2314 2551 Mannigfaltigkeit ungezwungen sich entwickeln zu lassen.
416 2484 1284 2575 Bedeutet jetzt nichts mehr — sie starb mit ihm.
2311 2501 3309 2570 vielleicht nicht minder kompliziert, als der Dichter
1339 2522 2321 2603 Zwölf Stunden — und was erlebt die Beatrice nicht
235 2493 370 2588 ar en
420 2552 1175 2609 Er liebte sie, er starb, weil er sie liebte:
2313 2542 3299 2609 Filippo, um den sich eigentlich das ganze Drama be¬
1326 2555 2323 2638 alles in dieser kurzen Spanne Zeit! Sie ist die Ge¬
244 2578 374 2640 allein.
420 2579 1167 2651 So ist sie hochgeehrt vor allen Frau'n!“
2313 2575 3311 2662 wegt und der den Anfang und den Ausgang desselben
1343 2604 2325 2680 liebte des Dichters, wird von ihm verstoßen, wird die
255 2627 365 2678 ck an
421 2612 1345 2710 Und nun geht er in den Kampf. Glocken ertönen
2323 2638 3301 2701 bildet, sodaß man zuweilen geneigt wäre, anzunehmen,
1329 2654 2323 2729 Braut eines andern, läßt sich indes mit dem Herzog
166 2656 375 2724 ßt worden.
2316 2683 3306 2745 die Dichtung wolle den heiligen Beruf des Künstlers
365 2679 744 2769 von allen Turmen.
1344 2694 2322 2769 trauen, während jener sich entleibt, wird diesem untreu
153 2706 369 2769 esei in der
421 2703 1239 2790 „Das Zeichgi könt, und mächt'ge Neubegier
2317 2716 3311 2794 preisen. Man wird in Filippo Loschi vielleicht manche
1341 2743 2323 2812 und rennt zurück in die Arme des Geliebten, um mit
137 2748 373 2811 Stunde für
423 2767 1165 2824 Wie nie zubör beflügelt meinen Schritt.
2315 2762 3309 2845 Züge des Anatol, vielleicht auch des Andrea aus Hof¬
1336 2782 2322 2867 ihm zu sterben, läßt ihn aber allein in den Tod gehen
163 2787 377 2855 chleier, den
418 2775 1268 2870 Ich freue mich des guten Kampfs, der kommt,
2312 2801 3301 2869 mannsthals „Gestern“ wiederfinden. Aber bei aller
1347 2834 2322 2902 und flieht selbst wieder zurück ins Leben, um bald
155 2835 384 2906 sie trotz der
420 2838 1202 2913 Die frischen Morgenlüfte atm' ich durstig
2326 2860 3229 2927 scheinbaren Aehnlichkeit besteht doch etwas, das i
1351 2879 2333 2952 davon Abschied zu nehmen. So irrt sie hin und her,
419 2875 1194 2940 Und preise dieses Leuchten aus den Höhn,
138 2878 379 2946 tehen will,
2324 2881 3314 2975 sowohl von diesen beiden als von den zahlreichen
429 2914 1199 2975 Als wär' es mir allein so reich geschenkt.
1347 2909 2337 2988 zwischen Leben und Tod, mit beiden gleicherweise
178 2923 388 2983 der Stelle
2326 2942 3300 3010 Helden unserer Künstlerdramen und Künstlerromane
433 2956 1175 3014 Das Leben ist die Fülle, nicht die Zeit,
1351 2963 2324 3028 spielend und durch dieses Spiel sich und andere ins
153 2966 381 3031 je namenlose
2329 2967 3303 3054 unterscheidet. Während nämlich diese meistens nur
439 2986 1205 3080 Und noch der nächste Augenblick ist weit!“
1342 3003 2336 3086 Verderben stürzend. Und all dies thut sie ganz un¬
146 3015 382 3077 her Gewalt,
2318 3034 3304 3094 künstlerisch empfindende Menschen sind, bei deren An¬
1354 3037 2333 3123 schuldig im Herzen, indem sie beinahe rein mechanisch
145 3046 390 3131 an den Ort
2328 3071 3315 3141 blik der verletzte Philister sich schließlich fragen kann:
428 3053 1352 3142 Ich habe hier in gedrängter Form nur die dürre
1352 3097 2330 3165 handelt und sich fügt. Eine jener naiven Seelen ist
147 3099 379 3169 d hier erst,
2319 3116 3313 3185 Ja, h#t denn der dus Idecht, so auf seine Ausnahms¬
376 3130 1355 3193 Fabel in ihren Hauptzügen wiederzugeben versucht.
176 3144 389 3215 en Tages,
1351 3142 2334 3214 sie, die mit ihren unschuldigen, großen Augen die
364 3165 1359 3248 Aber den grandiosen, ich möchte jast sagen: Shake¬
258 3186 389 3250 dem
153 3218 3334 3303 d da über i speareschen Zug, der über der Dichtung liegt und sie! Welt, in die sie hineingesetzt wurden, verwundert an 1 steiluig zu nachen? Kann er eigenzlich was, oder ist er¬
