3484 4352
1564 238 2744 310 Den Pauteren sehst die arse Penhtsit din Seerti. 1in
381 282 1564 357 Zeit ist sicherlich nicht mehr ferne, da wir wieder Könige und
1574 298 2750 358 geben nur Finzelscenen, die durch lose Gedankenfäden und
379 322 1567 376 Helden auf der Bühne sehen, da uns wieder der starke Atem
1571 351 2759 402 Personen verkrüpft sind. Sie erheben sich zu wenig über ihrem
381 349 1573 423 großer Leidenschaften und Laster anweht, die eine zeitlang allzu
1583 381 2757 446 Stoffe sie stecken zu tief darin, leiden zu sehr unter dem Drang
377 407 1568 466 materiell und sinnlich=niedrig gefaßt wurden. Das letzte Wort in
1567 419 2740 493 ihrer Gefühle und Offenbarungen. Es fehlt die rechte Freiheit,
383 446 1571 503 der Entwickelung des Dramas wie in der Fortpflanzung jeder
1567 463 2761 515 die rechte Roheit mit der ein Künstler sein Gebilde schlägt und
382 474 1574 569 Kunst müssen ja die Gebildeten — dieses Wort im strengsten
1567 513 2761 565 meißelt. Wo der Wille triumphieren soll, herrscht noch dasselbe
794 528 1569 598 sprechen. Weder der Künstler noch das
374 541 809 598 Sinne genommen —
1578 558 2754 605 Gefühl, das unsere Lyrik so reich ausgebaut hat. Noch einmal,
382 581 1570 641 Publikum haben hier die Entscheidung. Wenn die Minderheit
1563 590 2745 659 die Ideen sind da und auch eine gewisse Größe der Anschauung.
378 620 1543 673 der Kunstverständigen einem Künstler ihr Interesse verweigert, so
1570 641 2749 715 Es mangelt nur die Concentration und das echte compositorische
387 660 1572 723 ist damit sein Urteil gesprochen. Wohl ihm, wenn er sich in
1563 691 2745 743 Talent. Wir haben gelernt, Farben und Töne, Stimmungen
376 698 1562 760 selbstbewußtem Eigensinn für ein verkanntes Genie hält. Ver¬
1578 735 2749 803 und Reflexe wiederzugeben, nun heißt es die große Linie
388 742 1573 802 wandte und Freunde, die das Gleiche thun, werden ihm nicht
1563 780 1879 842 wiederzufinden.
377 788 1569 863 fehlen. Wohl ihm, wenn er die Massen begeistert, sein Lob auf
1636 790 2681 865 Ernst Rosmer hat ein Drama „Mutter Maria“
380 831 1572 890 allen Gassen singen, das Geld in allen Kasten springen hört.
1573 839 2752 901 schrieben. Es erscheint notwendig den Inhalt kurz anzugeben.
396 867 1570 937 Schließlich muß er doch an seiner eigenen Unfruchtbarkeit, durch
1565 899 2754 962 „Is ist ein Märchendrama, die Dichterin selbst nennt es ein
379 919 1461 984 den Maugel an Wachstum und Bildung zu grunde gehen.
1567 941 2755 999 Totengedicht. Ein trotzig=kühner Bergjäger steigt in die
452 957 1569 1020 Wie nun siüber das sichtbare Streben nach einem neuen
1564 980 2752 1046 Einsamkeit des Hochgebirges auf, von Begierde getrieben, ins
381 990 1498 1071 Iberndrama die Bühne, das Publikum und — die Dichter?
1561 1005 2761 1082 Innerste der Natur zu dringen, die Bergschwester wiederzusehen,
449 1035 1566 1095 Wir müssen es den Backfischen und liebenswürdigen Jüng¬
1565 1068 2759 1126 die er schon einmal zwischen Schnee und Sonne auf hohen
380 1082 1580 1140 lingen von ähnlicher Lebenserfahrung überlassen, das Theater heute
1581 1108 2754 1165 Firnen geschaut hat. Vergebens sucht ihn der Einsiedler zurück¬
382 1125 1568 1177 für ein Kunstinstitut zu halten. Es ist Geschäft, nichts weiter.
1568 1151 2747 1202 zuhalten, der ihm zu Häupten den schwarzen Tod erblickt. Der
395 1163 1530 1229 Erscheint es einträglich dem Publikum litterarisch zu kommen,
1566 1187 2758 1240 äger erreicht die Geliebte und fällt und stürzt. Im selben
383 1204 1574 1258 müssen die Hausdichter für eine Weile verschwinden, wirkliche
1566 1232 2757 1297 Augenblicke scheint sich das starre, tote Marierbild, das der
381 1251 1570 1321 Poeten betreten die ung wohnten Riume. Ob Naturalisten,
1569 1269 2764 1334 Einsiedlers in den Fels gehauen, zu beleben. Die Bergschwester
387 1291 1569 1358 Romantiker oder Symbolisten, das hängt von der jeweiligen Mode
1581 1313 2760 1376 wird durch das Mitleid über den Tod des Jägers Mensch.
378 1339 1566 1406 ab. Ich habe gegen diesen mustergültigen Betrieb wenig einzuwenden.
1578 1356 2755 1407 Durch seine Umarmung ward sie Mutter, Mutter Maria.
383 1385 1565 1454 Das Theater wird immer in erster Linie ein Geschäft bleiben,
1578 1403 2749 1457 Hungernd und frierend eilt sie durch die Lande für ihr Kind
380 1411 1571 1495 ob es nun litterarische Alluren annimmt oder nicht. Allein die
1579 1439 2752 1501 Obdach und Nahrung zu erbetteln, nachdem sie sein Leben dem
383 1449 1577 1531 Hof= und Staatstheater brauchten nicht in erster Linie von dem
1566 1479 2755 1535 1Tode abgetrotzt hat, der es schon in seinen Knochenarmen wiegte.
391 1509 1565 1563 Gelderwerbe abhängig zu sein, sie könnten ihr vornehmstes Augen¬
1566 1522 2763 1584 Einmal aber kommt ihr die Stunde des Vergessens. Von dem
382 1545 1570 1612 merk auf die Förderung der modernen Dichtung, durch Er¬
1576 1564 2750 1628 lockenden Sange der Schwestern geneckt, flieht sie mit ihnen auf
387 1588 1570 1660 ziehung der Dichter und des Publikums richten. Aber schließlich
1576 1606 2759 1666 die Berge und tanzt und singt beim Mondesglanze in ihrem
393 1630 1575 1697 sind unsere Hoftheater — Privatbühnen. Sie haben Rücksichten
1579 1655 2761 1722 Reigen. Heimkehrend findet sie das sterbende Kind, das sie nun
388 1674 1568 1732 zu nehmen, Rücksichten, Rücksichten. Die eigentlichen Privat¬
1579 1695 2767 1757 nicht mehr retten kann. Um ihm den ewigen Frieden zu geben,
379 1722 1573 1780 theater müssen alle Tage spielen, d. h. sie müssen die Stücke
1576 1741 2773 1807 muß sie ihren Schmerz bezwingen und seinem ruhelosen Schatten
389 1765 1581 1820 geben, die der Durchschmttsgeschmack verlangt. Sie thuen also
1579 1796 2767 1847 selbst den Weg zum Himmel weisen. Dann küßt sie der
395 1800 1569 1863 schon alles mögliche, wenn sie der Kunst ein paar Abende im
1583 1826 1848 1899 Erlöser Tod.
383 1850 783 1916 Monat reservieren.
1627 1843 2773 1936 Diese Dichtung ist tief und innig, aber leider nicht von jener
455 1873 1572 1952 Ein zweites Bühnenkapitel, „Der Schauspieler“ oetitelt, darf
1581 1914 2763 1972 Tiefe, in deren Abgründe man klar hinabschauen kann, die sich
388 1933 1585 1997 jeder übergehen, der nicht gewillt ist, eine Satyre zu schreiben.
1589 1948 2787 2019 an der Oberfläche widerspiegelt. Offenbar ist hier ein Thema
385 1979 1573 2033 Thatsache ist es, daß es gebildete Schauspieler giebt, die Interesse
1579 1994 2773 2060 angeschlagen, des uns in Fouqués Undine, in der „Versunkenen
387 2018 1567 2075 für Litteratur besitzen, die sich in das Werk der Dichter, deren
1586 2041 2769 2101 Glocke“ und seitlich in der halbherzlichen, halb sentimentalen
392 2062 1577 2122 Gestalten sie verkörpern, vertieft haben, während sie kontraktlich
1589 2078 2768 2143 „Blonden Kathrein“ von Richard Voß wieder begegnet. Ernst
382 2118 1567 2179 nur verpflichtet sind, ihre Rolle nebst den Stichwörtern zu kennen;
1577 2120 2769 2194 Rosmer selbst hat in den „Königskindern“ eine Vorstufe
391 2163 1576 2212 denen ein Charalter Mühe und Aufregung bereitet. Es giebt
1802 2166 2776 2223 Es handelt sich um den tiefen Zwiespalt
1577 2177 1785 2239 geschaffen.
379 2195 725 2272 solche Künstler.
2302 2209 2767 2272 zwischen heidnischer
1571 2215 2307 2275 zwischen Natur ind Mensch,
452 2222 1578 2285 Das Publikum ist überbildet. Es hat zu viel über Kunst
1577 2257 2801 2315 und christlicher Weltanschauung, um eine Kluft, die nur die
377 2272 1580 2358 und Li###ur gelesen. Das macht jedes selbständige Urteil un¬
1579 2292 2771 2351 erlösende Liebe überbrücken kann. Diese Liebe offenbart
395 2318 1586 2381 möglich. Litteratur ist ja nur die Abstraktion aus einer Anzahl
1589 2344 2771 2407 sich in der andächtigen Arbeit des Einsiedlers, der das
361 2358 1573 2421 poetischer Werke. Was nützt einem die Abstraktion, wenn jede
1574 2382 2769 2456 Muttergottesbild aus dem toten Stein entwirkt, im sehnsuchts¬
394 2408 1579 2472 intimere Kenntnis der einzelnen Persönlichkeiten fehlt? Dem¬
1581 2421 2772 2490 vollen Drang des Vergsteigers, in dem Tode der das Leber!
397 2448 1574 2502 entsprechend hat das Publikum eine viel zu abstrakte und
2334 2469 2769 2517 in der Mutterschaft.
1576 2472 2351 2533 raubt oder schenkt, am höchsten aber
397 2488 1586 2548 irealistische Vorstellung von der Kunst. Es nieht den Dichter
1589 2512 2778 2575 Sie ist nichts anderes als die große, weltbescelende Mutterschaft
402 2539 1578 2590 immer noch mit der Leier und dem wehenden Lockenhaar. Es
1590 2562 1808 2625 der Natur.
409 2575 1586 2644 sieht infolge dieser sentimental=romantischen Auffassung nicht den
1645 2579 2771 2656 Eine Tragödie des Pantheismus, der Allbeseelung der Natur,
400 2617 1583 2683 Arbeiter, den Menschen, der ein Handwerk treibt, das Kunst ist
1575 2641 2782 2709 in der nur leider der Geist nicht klare Form gewonnen hat.
390 2663 1082 2740 (was ich nicht mißzuverstehen bitte).
1589 2680 2775 2744 Hingegen hat der Dichter Einzelscenen von außerordentlicher
452 2705 1571 2765 Seinerseits trägt der Künstler freilich nichts dazu bei, dem
1578 2734 2772 2797 Schönheit geschaffen, und das Ganze ist doch wenigstens „groß
390 2753 1576 2806 Publikum diese richtigere Anschauung zu geben. Mit dem Nimbus
1583 2770 1802 2853 geahndel“.
388 2793 1588 2847 und Glorienschein ist er so weit ganz zufrieden, und wenn ihn der
1641 2790 2764 2867 Arthur Schnitzler weiß besser, daß man die Schauber des
391 2836 1588 2885 kuurrende Magen daran erinnert, daß der Ruhm nicht satt
1587 2854 2769 2915 Todes da am tiefsten fühlt, wo es sich mit dem rauschenden
397 2872 1574 2935 macht, so wettert er gegen das deutsche Publikum, das seine
1588 2893 2765 2968 Aufruhr des Lebens paart, und zwischen Tod und Leben hat er
392 2919 1583 2990 besten Geister verhungern läßt. In jevem Falle schimpft er auf
1581 2943 2516 3008 auch den „Schleier der Beatrice“ angesiedelt.
400 2978 1585 3017 ihr beispielloses Unveeständnis. Ich meine, daß alle Kunst, die
1641 2959 2776 3040 Mit einer gewissen Koketterie pflegt die Romantik vom
403 3001 1586 3072 an die Oeffentlichkeit tritt, gewisse Konzessionen an die Empfänger
1587 3022 2779 3081 Tode zu sprechen, mit jenem spielenden Lächeln, das
396 3045 1585 3114 machen muß, und daß ein solcher Zwang dem Künstler meistenfalls
1593 3079 2784 3124 die farbigen Wunder des Daseins ungläubig anstarrt, das!
396 3094 1585 3161 nur heilsam sein wird. Fortiter in re, suaviter in modo. Der
1594 3108 2768 3169 staunend steht und frägt. Sie sind Idealisten, sie glauben an
403 3145 1588 3197 Kern des Werkes darf nicht von profauen Wünschen berührt
1592 3153 2775 3216 keine Wirklichkeit der Dirge. Die Welt wird Traum, der Traum
406 3173 1586 3242 werden, aber in Kleinigkeiten wirkt dies Noli me tangere oft nur
1587 3204 1847 3271 wird Welt.
402 3226 614 3292 lächerlich.
1650 3220 2782 3296 Ein Romantiker ist Schnitzler, ein Romantiker der Held dieses
469 3241 1580 3316 Viel verhängnisvoller wird für unsere Dichter eine gewisse
1593 3270 2779 3341 Dramas, der Dichter„ Filippo Loschi. Er spielt in Bologna, zur
407 3308 1598 3370 Unbildung, die ihnen leider eignet. Wir haben es oft genug mit
1590 3317 2770 3373 Zeit der Renaissance. Cesare Borgia steht vor den Thoren. Die
411 3353 1591 3414 angesehen, wie ein Talent nach einem schönen Ersterfolge nichts
1596 3364 2784 3431 Stadt ist dem Tode geweiht. Nun heißt es Leben! zwischen Nacht
404 3382 1584 3460 Gutes mehr zu Tage fördert. Es fehlt das, was wir mit dem
1588 3409 2776 3464 und Tag spielt das Leben dieser lustvoll sinnenfrohen Zeit noch
410 3448 1587 3487 schönen Worte „Entwickelung“ bezeichnen. Richtigee dürfen wir
1589 3450 2772 3513 einmal seine höchsten Trümpfe aus, aber der Tod geigt seine
415 3473 1595 3539 sagen, es fehlt die Bildung, der Horizont des Dichters vergrößert
1593 3491 2779 3556 Melodien drein und giebt den dunklen Grund zu dem farbigen
405 3524 1584 3589 sich nicht, er treibt notgedrungen Raubbau mit seinem wenig er¬
1598 3541 2000 3614 Abglanz des Lebens.
420 3546 1602 3633 ##ragfähigen Gütchen, er verfällt in Manier und sagt schließlich
1653 3589 2781 3649 Beatrice ist die Geliebte des Dichters. Ein Kind das in der
414 3616 1593 3665 stets dasselbe. Thatiächlich hat der moderne Dichter wenig Ge¬
1592 3631 2774 3685 Sünde rein geblieben ist, ein instinktives, halb sonmambules
414 3642 1588 3709 legenheit Menschen und Dinge innerlichst kennen zu lernen und
1589 3679 2777 3749 Wesen, ähnlich wie das Käthchen veraulagt. Mit traumhafter
418 3685 1588 3762 sich auch in Wissenschaft und Kunst dasjenige anzueignen, was
1601 3716 2774 3785 Sicherheit schreitet sie durch das Leben, ganz der Stimme des
421 3750 1601 3806 ihm eine gewisse Freiheit, einen Höhenblick verschafft. Es ist kein
1593 3773 2692 3839 Blutes gehorchend, unbeirrt von seinen Fragen und Rätseln.
414 3774 1591 3839 Zufall, daß die geoßen Dichter, die uns auf die Höhen und in die
1661 3796 2790 3856 Du bist zu stannen nicht gemackt. Niemals hat dich des
425 3821 1542 3876 Tiefen des Menschenlebens schauen ließen, von Beruf nicht ¬
1591 3841 2806 3902 Daseins Wunder namenlos erschreckt. Nie bist du von der Buntkeit#
404 3874 724 3939 Dichter waren.
1572 3874 2835 3951 dieser Welt. In Andacht hingesunken, und daß du, die Beatriee 1.
479 3891 1587 3965 In diesem Zustande findet also das Streben nach einer
1593 3944 2790 4005 ist, und ich, Filippo, sich unter den unendlich vielen fanden, hat¬
408 3939 1593 4010 Wiedergeburt des höheren Dramas die drei Hauptfaktoren: Bühne,
1601 3971 2277 4039 nie mit tiesem Schauder dich erfüllt.
421 3986 1594 4045 Publikum und Dichter. Die zwei ersteren durchaus konservativ
1665 4003 2779 4085 Ihr Geliebter ist aber so sensitiv veranlagt, daß er sie auf
412 4039 1594 4095 tretz des modernen Anstriches, der Dichter von den schönsten Ab¬
1603 4062 2779 4116 ihren Traum hin der sie zur Gemahlin des Herzogs macht, von
420 4081 1602 4130 sichten beseelt, aber unvermögend die große Sehnsucht zu erfüllen.
1592 4101 2781 4166 sich stößt. Der Traum wird Leben. Aber die Herzogin flieht in
412 4125 1609 4175 Wenn wir vordem lauter fein ausgeführte Miniaturbilder
404 4146 2817 4226 sahen, so erblicken wir jetzt einen riesigen weitgespannten Rahmen. der Hochzeitsnacht sehnsuchtgequält zurück zu dem Geliebten, um s
2757 250 3326 324 Wede gefühet wit. Er hat 1
2759 304 3319 359 der liebe, märchenreiche Wald i
2815 347 3340 409 Diese Märchenstimmung ha
2759 370 3348 449 sestgehalten, er zerstört sie zeiteh
2758 433 3339 490 Bauermisere, durch feudale S
2751 469 3338 545 cynisch=realistische Kerkerscenen i
2818 520 3336 591 Nach dem mythologisch=lyr
2755 551 3297 615 Alfred Walter Heymel (
2764 581 3333 662 über dem ich neues nicht zu sa
2760 645 3335 708 Dichter erhalten rasch genug
2762 676 3334 742 als „fein und still“. Pamdex
2756 717 3349 796 stumimen Spil von Schauspiele
2757 775 3359 837 er nichts sagt. Wo die Herzen¬
2754 812 3356 863 der leifesten Berührung wie vo
2764 856 3354 917 Note hat er auch diesmal beibeh##
2741 896 3342 966 EGoldner“? Ein nicht aufg
2758 935 3360 995 des neubegründeten Nationalthech
2749 981 3346 1043 Universitätsstadt“ sieht seine Ab
2750 1021 3355 1087 ##ling seines Freundes Goldner zu
2763 1069 3350 1134 des kunstgewaltigen Sitadttyran
2761 1114 3347 1171 auch Verse macht, gekreuzt. Er
2759 1148 3349 1214 und der unaufgeführte Autor
2762 1195 3355 1266 Eröffnungssouper eine volks= un
2760 1235 3047 1297 (ein Drama?
2816 1256 3361 1331 Rückblickend auf din einleiten
2749 1326 3369 1380 mehrfach die Ergänzung und die
2752 1376 3336 1425 sprochenen Einzelwerke finden.
2757 1407 3362 1468 deutsche Bühne geht sichtbar ber
2764 1451 3365 1511 Möge sie Dichtung, Darstellung
