3484 4384
316 326 1830 422 14. Der Schleien der Beatrice
916 1075 1329 1148 Telefon 12801.
457 1174 1805 1256 Alex. Weigl’s Unternehmen für Zeitungs-Ausschnitte
1459 1234 1663 1298 Ausschnitt
1492 1273 1789 1387 Nr. 25
567 1252 1415 1380 7#% „OBSERVER
391 1367 1829 1454 I. österr. behördl. conc. Bureau für Zeitungsberichte u. Personalnachrichte
572 1455 1675 1553 Wien, IX, Türkenstrasse 17.
789 1539 1512 1615 - Filiale in Budapest: „Figyelö“ —
391 1608 1816 1687 Vertretungen in Berlin. Chicago, Genf, London, Newyork, Paris, Rom, Stockholn
398 1732 943 1819 Ausschnitt aus:
1063 1733 1687 1845 Prager Tegblatt
404 1878 995 1990 1707000#
677 2044 1588 2145 8— „Tantiömenreverse.“ Anknüpfens anf
595 2128 1576 2197 den zwischen dem Director des Wiener Burgtheaters
607 2173 1568 2245 Paul Schlenther und Arthur Schnitzler wegen der Nicht¬
599 2204 1574 2290 aufführung des Schnitzler'schen Schauspiels „Der
602 2268 1578 2331 Schleier der Beatrice“ entstandenen Conflict läßt sich
600 2312 1566 2382 A. Bettelheim in der „Münchener Allg. Ztg.“ über das
603 2371 1564 2439 gegenseitige Verhältniß der Burgtheaterdirection und
597 2392 1573 2481 der Autoren aus, welches er als ein für die Letzteren
598 2450 1577 2544 unwürdiges bezeichnet. Der Autor, der ein Theaterstück
612 2509 1581 2575 überreicht, erhält einen „Tantismenrevers“ (so heißen
598 2557 1574 2629 die Autorenverträge), in welchem sich die Burgtheater¬
607 2610 1572 2686 direction für den Fall der Aufführung des Stückes zur
613 2658 1590 2736 Zahlung einer bestimmten Tantième verpflichtet. Aber
447 2703 552 2773 Für
1635 2701 1813 2774 inclusive
536 2706 1592 2793 100 selbst wenn ein Leiter des Burgtheaters eine Comödie¬
1649 2759 1793 2808 Porto.
529 2749 1604 2835 200 annimmt, so bedeutet das n., daß er innerhalb der
1633 2784 1816 2845 Zahlbar
532 2802 1603 2864 500 nächsten zwei Jahre das betreffende Stück aufführen.
1620 2830 1805 2901 im Vorau
477 2852 1608 2926 „ 1000 kann, nicht aufführen muß. Unter solchen, nur den
546 2896 1784 2960 Im Autor bindenden Voraussetzungen wurden und werden chnitte ist
422 2943 1783 3011 Abonnemé Dramatiker von Namen jahrelang hingehalten: Heyse'szh stcht es
428 3006 636 3067 Abonnente
620 2997 1716 3076 „Hochzeit auf dem Aventin“, Wilbrandt's Schauspiele ändern.
542 3048 1579 3129 De „Markgraf Waldemar“, „Die Eidgenossen“, „Der Her¬
1575 3045 1802 3136 enthaltend!
435 3098 1799 3174 Inhaltsa; zog“, Halbe's „Eroberer“ seien nur beispielmäßig geer Morg.
626 3143 1797 3212 nannt für Legionen ähnlicher, berufener, aber niemalsVjener Zeitu
429 3172 630 3223 blätte
422 3210 626 3268 wodurch
624 3199 1795 3258 auserwählter Dramen. Die Schnödigkeit dieser „Tan=chaftliche Lé
430 3253 610 3299 des In¬
628 3246 1792 3333 tiemenreverse“ des Burgtheaters hat Niemand schnöderse Mittheiluf
430 3287 627 3358 werden in
624 3285 1594 3358 und schadenfroher ausgenützt als Dingelstedt. Bettelheim
623 3333 1606 3411 legt die Hauptschuld an dem Fortbestand dieser
619 3398 1608 3468 jämmerlichen Mißhandlung der Dramatiker einzig und
620 3441 1600 3509 allein diesen selbst zur Last. Ein Cartell aller nam¬
621 3499 1588 3560 hoften Autoren, der Hofbühne so lange fernzu¬
629 3533 1588 3608 bleiben, bis die Tantièmenceverse einer würdigeren Ver¬
627 3581 1601 3654 tragsform gewichen sind, würde seiner -Meinung nach
623 3636 1356 3734 diesen Uebelstand aus der Welt schaffen.
1957 324 2420 418 box 20/1
2411 1040 2825 1113 Telefon 12801.
1940 1148 3282 1219 Alex. Weigl’s Unternehmen für Zeitungs-Ausschnitte
2961 1215 3165 1288 Ausschultt
1970 1257 2183 1362 105
2205 1232 2914 1349 „OBSERVER“
2978 1267 3205 1353 Nr. 7
1874 1346 3330 1429 I. österr. behördl. conc. Bureau für Zeitungsberichte u. Personalnachrichten
2061 1423 3184 1502 Wien, IX, Türkenstrasse 17.
2281 1499 2982 1576 Filiale in Budapest: „Figyeló“ —
1883 1563 3324 1651 Vertretungen in Berlin, Chicago, Genf, London, Newyork, Paris, Rom, Stockbolm.
1879 1677 2542 1779 Ausschnitt aus:
2612 1660 3122 1780 Piener Extrablatt
1899 1819 2425 1931 #% 1000
2090 1995 3074 2122 Der Dichter Giacosa — gemaßregelt?
2190 2085 3090 2187 Am vorigen Donnerstag, den 20. d. M.,
2070 2120 2911 2208 erschien in unserem Blatte folgende Notiz:
2186 2190 3096 2274 „Noch ein Beitrag zu dem in den letzten Tagen
2072 2211 3084 2292 vielbesprochenen Kapitel „Wie Dichter im Burg¬
2065 2254 3076 2342 theater behandelt werden". Vor einigen
2063 2290 3086 2378 Jahren wurde von Giacosa ein Schaupiel an¬
2072 2335 3082 2421 genommen und der berühmte Dichter entsprechend
2065 2369 3085 2462 verständigt. Die Direction theilte auch die Rollen
2058 2399 3071 2492 aus und kraf Vorbereitungen zur Aufführung. Bei
2067 2447 3069 2524 einer Probe entstand ein Streit zwischen zwei Schau¬
2059 2475 3078 2572 spielern und diesem Conflicte fiel die Dichtung zum
2066 2517 3063 2608 Opfer. Seither verlantete Nichts von Giacosa's
2067 2558 3068 2632 Drama. Der Tantièmenrevers, den der Vertreter
2055 2597 3063 2685 des Dichters unterschrieben hat, verlieh wohl dem
2052 2640 3067 2731 Theater Rechte, entrechtete jedoch den Autor. Sind
1905 2669 2020 2733 Für
2027 2673 2894 2762 das Zustände, die geduldet werden können?“
3096 2672 3296 2748 inclusive
3123 2737 3264 2783 Porto.
2157 2729 3060 2816 Das war im Morgenblatte zu lesen. Am
1941 2753 2052 2803 „ 2
3099 2761 3277 2826 Zahlbar
2056 2746 3049 2847 selben Tage in den Nachmittagsstunden
3076 2808 3303 2879 im Voraus.
2049 2800 3044 2899 stellte die Post dem in Wien weilenden Vertreter des
2052 2840 3040 2932 Dichters Giacosa einen Brief zu, in welchem die Direc¬
3059 2883 3326 2952 mitte ist das
2050 2888 3035 2972 tion des Burgtheaters ohne Angabe von Grün¬
1893 2891 2052 2977 Abonne
3067 2921 3337 2994 steht es den
2045 2918 3042 3024 den mittheilte, sie sei nicht in der Lage, das ein¬
1895 2957 2044 3022 Abonne
3043 2969 3176 3032 ndern.
2050 2980 3040 3088 gereichte Stück „Wie die Blätter ...“ zur Auf¬
2039 3024 2864 3102 führung zu bringen. Das Buch folgte mit.
3038 3046 3334 3109 enthaltend die
2147 3065 3038 3152 Die Leser werden nun glauben, diese Dichtung
1894 3061 2037 3140 Inhal
3053 3098 3335 3151 r Morgen¬
1883 3125 2039 3184 brät
2045 3101 3026 3201 sei identisch mit dem Werke, dessen merkwürdiges
3047 3131 3328 3190 iener Zeitung“)
1891 3170 2026 3225 wotur
2048 3152 3027 3241 Schicksal den Gegenstand unserer Notiz im Donners¬
3041 3174 3329 3224 haftliche Leben
1892 3212 1994 3262 des
3043 3213 3333 3279 8 Mittheilungen
2035 3189 3028 3280 tagblatte bildete. Gefehlt. „Wie die Blätter ...“
1896 3245 2023 3297 werde
2035 3230 3040 3332 ist ein anderes Stück, das im Juli dieses
2032 3274 3047 3375 Jahres von einem ersten Mitgliede des Burgtheaters
2031 3313 3037 3427 der Direction überreicht und zur Aufführung wärm¬
2021 3364 3038 3482 stens empfohlen wurde. Die Direction der Hofbühne
2017 3420 3037 3507 ließ das Buch vom 10. Juli bis 20. September liegen,
2015 3443 3028 3547 erst am vorigen Donnerstag wurde es ohne Angabe
2022 3499 3021 3586 von Gründen nicht dem Künstler, der es vorgelegt
2011 3533 3026 3645 hatte, sondern dem Vertreter des Dichters zurück¬
2016 3583 2198 3644 gegeben.
2123 3632 3043 3742 Diese schroffe Ablehnung wird in Schauspieler=
2016 3665 3028 3782 kreisen lebhaft besprochen. Ist es nun auffällig, daß
2008 3724 3014 3806 man ein Werk Giacosa's mit zwei Zeilen abthut, es
2009 3764 3025 3857 nicht der Mühe werth findet, den ablehnenden
1998 3800 3020 3900 Bescheid zu begründen, so kann man nicht genug
1996 3850 3007 3933 über den sonderbaren Zufall staunen, daß
2004 3889 3014 3976 wenige Stunden nach Erscheinen unserer Notiz das
2007 3934 3010 4022 Richtschwert der Direction niedersauste. Und dieses
2003 3969 3022 4080 Richtichwert traf ein später eingereichtes-Stück von
1998 4017 2653 4120 Giacosa! Wo steckt das andere?
