3484 4224
482 104 1514 164 Premiere kein guter Stern. Woran das lag? Vielleicht
480 141 1529 188 am Dichter, der einen Stoff behandelt, der dem großen
482 187 1522 230 Publikum zu fern liegt, vielleicht an der Inscenirung, in¬
477 221 1527 277 dem die Anforderungen dieses Schnitzler'schen Dramas die
478 254 1534 322 Kräfte einer Bühne wie der des Lobetheaters überschreiten,
480 308 1530 345 vielleicht an einzelnen Darstellern, besonders an den
468 345 1523 397 Trägern der Hauptrollen. Kurz der Beifall, der dem an¬
433 388 1523 433 50wesenden Dichter nach dem 3. und 4. Act wurde, war
327 376 424 457 Für
415 421 1705 471 100 erstens kein allgemeiner und galt zum andern nur ihm, inclusive
418 474 1686 514 200 nicht der Aufführung seines Stückes. Dessen Handlung, Porto.
406 506 1692 547 500 das muß zum Verständniß des Ganzen vorausgeschickt Zahlbar
344 527 1717 596 " 1000 werden, spielt im Jahre 1000 in Bologna, als diese Stadt in Voraus.
494 576 1531 640 von dem gefürchteten Cesare Borgia umschlossen wird und
412 596 505 654 Im
502 619 1738 684 vor dem Untergang steht. Es ist die letzte Nacht, die ihrente ist das
290 633 508 694 Abonneme
521 656 1748 722 Herzog und seinen Bolognesern gegönnt ist. Das leidenscht es den
294 683 505 745 Abonnente
1534 701 1597 743 n.
506 704 1550 757 schaftliche italienische Blut, zumal in jenen wilden Zeiten!
494 739 1542 811 um die Wende des Jahrhunderts, wallt angesichts dieser
408 773 1748 839 Dei Gefahr aus allen seinen Tiefen auf. Nur eine Nacht haltend die
296 817 1750 879 Inhaltsal noch, sie muß genossen werden in wildem Sinnen=Morgen¬
295 842 498 903 blätte
511 853 1752 914 rausch, denn morgen vielleicht sind wir todt. Nur wenn Zeitung“)
292 888 497 937 wodurche
497 901 1746 954 wir diesen Grundgedanken festhalten, erscheint uns Viele: siche Leben
298 927 467 979 des In¬
492 933 1744 987 in dem groß angelegten mit hunten wechselnden Bildern ttheilungen
299 959 499 1024 werden in
501 985 1538 1019 ausgestatteten Drama verständlich. Sein Mittelpunkt, die
507 1020 1544 1061 schöne junge Tochter eines Wappenschneiders, Beatrice
508 1063 1534 1115 Nardi (Frl.Konrad) giebt sich trotz ihres Verlobten, dem ehr¬
491 1092 1543 1155 lichen Gesellensin des Vaters Werkstatt Vittorino, des Dichter
498 1135 1555 1184 Filippo Loschi hin, ihre Phantasie hängt aber noch an
513 1178 1555 1231 Höherem, als der Herzog selbst ihr begegnet und sie für die
506 1213 1539 1271 letzte Nacht für sich begehrt, wird sie sein, nur fordert sie das
504 1259 1534 1311 Recht der angetrauten Gattin. Trotzdem verläßt sie das
505 1283 1547 1347 Hochzeitsfest und eilt zu dem Dichter, von ihm die Seligkeit
491 1343 1538 1393 einer Bravtnacht fordernd. Als der sich zum zweiten
502 1379 1543 1423 Mal angewidert von diesem Weiberherzen und an
497 1414 1544 1458 der Jämmerlichkeit des Menschenwesens verzweifelnd durch
511 1444 1538 1502 Gist vor ihren Augen das Leben nimmt, gehl sie mit der Lüge,
508 1493 1547 1544 sie sei in der Kirche beten gewesen, in die Hochzeitsgesellschaft
506 1533 1556 1589 zurück. Ihr Schleier fehlt, sie hat ihn inder Wohnung Filippos.
508 1574 1551 1613 zurückgelassen. In der Hoffnung, aus dem dunkeln
516 1606 1555 1673 Zimmer, wo die Leiche liegt, ihn zu holen, kehrt sie in
504 1649 1546 1705 Begleitung des Gatten dorthin zurück. Der aber entdeckt
505 1691 1557 1743 den Leichnam und hat damit den Beweis der Untreue
509 1732 1566 1767 Beatricens, die ihre Strafe durch den Dolch ihres eigenen
504 1771 1550 1818 Bruders empfängt. „Was ist das für ein Wesen?“ so
507 1809 1546 1860 fragen wir mit dem Herzog, „dieses Weib?“ Sie ist nicht
512 1839 1564 1911 anders, als die anderen Kinder ihrer Zeit und dieser
500 1882 1559 1939 tollen Nacht. Auch der Dichter Filippo hat seine Braut,
500 1929 1553 1986 die Schwester seines Freundes, des Grasen Andrea Fan¬
501 1969 1556 2012 tuzzi, verlassen, um Beatricens Mädchenschönheit willen.
512 2008 1560 2054 Als sie den hochfliegenden Dichtergeist nicht befriedigt,
515 2051 1563 2099 stürzt er sich in den Sinnentaumel einer durchzechten
504 2088 1565 2135 Nacht mit zwei Florentiner Dirnen. Nachdem er sie aus
513 2124 1561 2162 Ekel wieder hinausgetrieben, erscheint Rache fordernd
511 2158 611 2212 für
606 2164 1558 2209 die verlassene, der Schwermuth verfallenden
521 2193 1261 2245 Schwester Graf Andrea (Herr Marr).
1274 2201 1566 2257 Des Dichters
515 2232 1568 2288 Stimmung schlägt um, er will Versöhnung heischend mit
508 2282 1556 2326 zu Teresina gehen, da ruft ihn Beatricens Stimme; er
507 2323 1562 2379 drängt den Freund zur Thür hinaus und läßt die schor
518 2360 1566 2412 einmal verstoßene Geliebte wieder ein, um nach wildem
510 2396 1567 2455 Gedankenaustausch vor ihren Augen den Giftbecher zu
519 2434 1565 2483 trinken. Das gleiche frivole Spiel mit dem Menschen¬
516 2479 1571 2524 leben und Sittlichkeit treibt das ganze Volk in Bologna.
510 2519 1560 2575 Die morgen ins Feld ziehenden Soldaten suchen sich für
506 2560 1571 2604 die letzte Nacht, da der Feind noch nicht zum Angriff ge¬
516 2596 1575 2643 schritten, ihre „Dirnen“ unter den dafür empfänglichen
523 2625 1571 2692 Bürgertöchtern Bolognas Doch das Stück hat auch seine
517 2678 1561 2719 Höhen. Die Höhen der Leidenschaft im Dichterherzen und
521 2722 1574 2770 ein Lettinger, der den Filippo spielte, riß uns an mehreren
520 2753 1575 2803 Stellen hin, daß man auf Augenblicke vergessen konnte,
512 2795 1564 2839 wie wenig sonst der Abend uns befriedigte. Unzweifelhaft
506 2834 1572 2877 ist das Schnitzler'sche Drama groß angelegt und unter
510 2872 1572 2928 dem Bewußtsein, welche Zeiten und Menschen, Italiener
514 2915 1558 2949 in den Kriegszeiten des 16. Jahrhunderts, vor uns
514 2945 1562 3002 lebendig werden sollen, verständlich. Klar herausgezeichnet
511 2991 1566 3045 aus allem Beiwerk der allzu zahlreichen Nebenpersonen
512 3032 1567 3077 und der vom Dichter gewollten Darstellung des Straßen¬
514 3065 1556 3133 trubels und der Kriegsunruhen sind aber auch die Haupt¬
521 3108 1561 3161 figuren nicht. Mag sein, daß die mangelhafte Aufführung
517 3143 1573 3197 dazu beitrug. Fräulein Conrad, die so schön in naive,
521 3185 1572 3237 mädchenhafte Rollen hineinpaßt, versagte, wenn sie die
515 3227 1556 3273 männerbestrickende Schönheit Bolognas darstellen sollte
515 3265 1560 3321 Ihre Kräfte reichten zur Darstellung leidenschaftlieher
528 3306 1569 3349 Größe nicht aus. Außer Herrn Leilinger und
520 3349 1573 3401 Herrn Jessen, der den Herzog spielte, waren
524 3386 1572 3429 vielleicht auch manche andere nicht am Platz. Uns
526 3420 1572 3479 schien aber auch, als wenn das Stück selbst — der Dichter
515 3464 1575 3506 war ja zu den Proben selbst da und konnte sich seine
515 3506 1577 3555 Schauspieler formen — den Darstellern nicht die zur Hin¬
522 3542 1570 3587 gabe erforderliche Lust erweckte. Die Herren Johow, Reitz,
530 3584 1574 3622 Lehrmann, Stange u. a. sind doch sonst nicht so matt.
520 3634 1563 3670 Auch die Regie versagte in so vielen Stücken. Herr
524 3665 1570 3709 Runge leistet doch sonst so Treffliches. Kurz, „der Schleier
528 3699 1572 3744 der Beatrice“ hat keinen durchschlagenden Erfolg auf der
521 3743 1570 3789 Bühne des Lobet# aters gefunden. Wem die Hauptschuld
526 3782 1568 3827 beizumessen, überlassen wir dem Urtheil des Publikums,
522 3817 1581 3874 dem wir den Besuch dieser Novität, und wenn es nun
532 3851 1575 3905 aus Neugierde wäre, empfehlen. Wir können aber
531 3893 1578 3960 voraussagen, ungetheiltes Lob wird an den Aufführungen
534 3938 1573 3998 dieses Stückes im Lobetheater nur Herr Lettinger ernten.]
2323 608 2737 677 Telefon 12801.
1849 736 3200 791 Alex. Weigl’s Unternehmen für Zeitungs-Ausschnitte
2872 768 3060 831 Ausschnltt
1978 799 2834 926 „OBSERVER“
2898 824 3098 913 Nr. 2
1789 902 3242 992 I. österr. behördl. conc. Bureau für Zeitungsberichte u. Personalnachrichten
1981 1005 3090 1083 Wien, IX/, Türkenstrasse 17.
2167 1070 2878 1152 — Filiale. in Budapest: „Figyelé“ —
1806 1125 3237 1204 Vertretungen in Berlin, Chicago, Genf, London, Newyork, Paris, Rom, Stockbolm.
2398 1205 2968 1301 Frendenblatt
1797 1262 2338 1352 Ausschnitt aus:
1802 1400 2363 1511 vom 6. 000
2827 1413 3096 1635 644
1949 1773 3261 1867 — Ueber den Inhalt von Arthur Schnitzler's jüngstem Stück „Der
1839 1843 3264 1898 Schleierder Beatrice“ (bekannt geworden durch die seitens Doktor
1842 1890 3263 1940 Schlenther's erfolgte Ablehnung), das am letzten Samstag im Bres¬
1841 1931 3265 1993 lauer Stadttheater zum erstenmale aufgeführt worden ist, schreibt der „Berl.
1841 1980 3264 2041 Börsen=Cour.“: „Filippo Loschi, der von den Frauen Bolognas gehätschelte
1838 2031 3265 2094 Dichter, ist der gräflichen Braut untreu geworden, um der süßen Minne mit
1840 2080 3258 2147 dem schönsten Bürgerkinde der Stadt, mit Beatrice Nardi, zu plegen. Aber
1844 2124 3253 2182 dieses seltsame Geschöpf, an Jahren ein Kind, im Wesen halb sinnliche Teuselin,
1842 2179 3257 2237 halb hysterische Somnambule, erzählt eines Abends in naiver Perversität dem
1851 2222 3264 2281 Dichter einen Traum, in dem des jungen Herzogs von Bologna Mund sie ge¬
1850 2271 3258 2321 küßt hat. Der sensible Poet stößt die Gedankensünderin von sich. Nun ist Bea¬
1850 2317 3258 2380 trice drauf und dran, die ihr vom wackeren Bruder empfohlene Versorgung,
1841 2366 3256 2423 einen braven Brackenburg, zu nehmen. Schon will sie mit ihm zur Kirche, als
1838 2406 3252 2457 der Herzog zufällig des Weges kommt. Unter seinem Blick steht Beatrice ge¬
1838 2458 3249 2501 bannt, wie Käthchen vor Wetter vom Strahl, und erst als der herzogliche Bon¬
1824 2504 3257 2568 4 vivant sie aufs Schloß ladet, wacht Beatrice wieder auf und sagt schlicht und
1847 2533 3251 2604 dreist: „Ich möchte schon, aber nicht als Dirne, sondern als Herzogin.“ Der
1841 2597 3256 2668 Herzog ist auch damit einverstanden, und statt mit ihrem Brackenburg, geht
1824 2643 3261 2711 Beatrice mit ihrem Souvevän zur Kirche, während sich der Verschmähte
1826 2692 3266 2762 hinter der Szene erdolcht. Kaum ist Beatrice kirchlich getraut, als sie den sonder¬
1828 2746 3252 2798 baren Einfall hat, zwischen Zeremonie und Hochzeitsmahl ihrem früheren An¬
1835 2779 3258 2841 ( beter Loschi eine Visite abzustatten. Sie trifft den Geliebten nach einer Orgie
1836 2824 3264 2895 in mißmuthiger Stimmung. Nach einem kurzen, wilden Liebesduo mit Beatrice
1842 2878 3280 2937 vergiftet sich Loschi aus Ekel vor sich und der gefürsteten Ungetreuen. Schreiend
1838 2918 3262 2980 entläuft Beatrice und verliert ihren kostbaren Schleier, des Herzogs Hochzeits¬
1850 2987 3251 3041 gabe. Der Fürst und die Seinen feiern derweil die Hochzeit ohne die Braut.
1853 3019 3273 3091 Politische Aktionen: Vertheidigungsmaßregeln gegen die päpstlichen Truppen des
1853 3066 3259 3134 verruchten Borgia, Folterung eines Spions, dem ein Auge ausgestochen wird,
1851 3122 3260 3178 „würzen“ den Gästen das Fest, bis Beatrice zurückkehrt und vom Herzog ins
1844 3162 3259 3220 Gebet genommen wird. Erst durch Androhung der Todesstrafe läßt sie sich
1844 3210 3265 3279 bewegen, den Gemal dorthin zu führen, wo sie den Schleier verloren hat. In
1850 3253 3246 3314 düsterer Nacht erscheinen Beide an Loschi's von einem Vorhang verdeckter Leiche.
1857 3292 3259 3383 Beatrice nimmt den Schleier und will den Gatten rasch entfernen. Der aber
1848 3350 3257 3420 zwingt sie, mit ihm den Morgen abzuwarten und entdeckt dann den Leichnam
1842 3391 3242 3462 des von ihm hochverehrten Dichters. Dev Herzog vertieft sich in die Züge des
1850 3441 3259 3500 Todten. Unterdessen bringt der tugendheldische Brudes Beatrice's die Lösunge
1841 3488 3304 3539 indem e die Schwester, die dreifache Verrätherin, ersticht. — Diese blur
1847 3538 3278 3602 rünstigen Vorgänge hat Schnitzler in den Purpurmantel einer blühendschenen
1848 3590 3120 3655 Sprache (Vers und Prosa) gehüllt, mit glänzenden Episoden, wuchtigen
1840 3628 3022 3691 teren und starken theatralischen Effekten ausgestattet, die durchaus
1845 3674 3139 3746 Dolch= und Giftmomenten gipseln.“ Die Darstellung findet der Vorres##
1838 3716 2987 3784 mangelhaft, da die Breslauer Bühne Mangel an Sprechern hat.
1849 3754 3130 3837 Schnitzler's hätte deshalb nicht gerade in Breslau seine Premie#e erleben
1852 3805 3256 3904 Schnitzler wurde oft gerufen — nach den beiden letzten Akten allerduigs
1833 3849 2274 3928 nicht ohne Opposition.
2801 4061 2937 4139 Serncgu
2309 4064 2361 4134 125
