3484 4224
1938 185 2387 275 box 20/6
276 185 1795 299 14: Der Schleier der Beatrice
1181 1197 1263 1310 4
1327 1328 2548 1463 Kainz und Michaélis g
1605 1447 2697 1522 [ophus Michaëlis hat das Schauspiel, mit dem das
1436 1498 2699 1592 Hebbeltheater seinen Anschauungsunterricht in der skandi¬
1579 1548 2692 1642 navischen Literatur der Gegenwart fortsetzt, dramatischer und
1376 1593 2707 1698 83) Kpoetischer betitelt als gestaltet. Revolutionsbochzeit.
1409 1661 2699 1755 ElKlang und Inhalt des Wortes wecken ein Vierteljahr¬
1363 1716 2700 1796 hundert nach Renan die Erinnerung an einen seiner geschichtsphilosophischen
1350 1768 2714 1843 Einfälle. „Von allen Seiten müßte die Liebe hervorbrechen, wenn die
1361 1826 2710 1906 Menschheit die Gewißheit hätte, daß die Welt in zwei, drei Tagen auf¬
1362 1879 2709 1969 hören wird. Denn was sonst die Liebe in Schranken hält — die uner¬
1363 1935 2701 2010 läßlichen Bedingungen des moralischen Bestandes unsrer Gesellschaft —
1360 1983 2721 2069 das fiele angesichts eines raschen, sichern Todes hinweg. Ein Jubelruf
1367 2042 2718 2128 aller Kreatur würde laut werden. Die Menschheit würde in vollen
1367 2095 2712 2186 Zügen einen berauschenden Liebestrank leeren und dann an diesem Taumel¬
1366 2149 2701 2238 kelch zugrunde gehen.“ Renan hat seinen Einfall auch als Dichter aus¬
1356 2209 2721 2301 zusprechen versucht. Aber er hat der Abbesse de Jouarre keinen Jubelruf
1357 2264 2712 2327 entlockt, sondern nur kühle Spitzfindigkeiten und verschlungene Sophismen,
1362 2313 2720 2403 die freilich das Problem in seiner Weite und Tiefe erschöpfen. Schnitzler,
1362 2373 2725 2448 im „Schleier der Beatrice', war ebenso klug und, trotz einer vorgeschrittenen
1371 2422 2725 2509 Kompliziertheit aller Motive, ein Schöpfer. Von diesen Namen wird
1372 2479 2720 2547 Michaëlis weggeblasen. Er gibt nicht einmal den kahlen Einfall in vollem
1376 2536 2720 2608 Umfang. Er muß ihn sich, um ihn zu bewältigen, erst noch verkleinern
1377 2587 2724 2676 und isolieren, und glaubt dabei, durch historische Ueber= und Unter¬
1379 2638 2726 2719 malung den umgekehrten Eindruck großer Perspektiven hervorrufen zu
1380 2698 2730 2788 können. Er glaubt das ganz naiv, ohne die Absicht der Täuschung,
1376 2753 2729 2837 aber sicherlich auch ohne ihren Effekt. Kratzt man dem Schauspiel das
1386 2814 2732 2884 aufgetünchte Revolutionsmileu herunter, so bleibt ein Ereignis ohne
1376 2866 2725 2945 jede Allgemeingiltigkeit, eine einzelne Verwicklung mit letalem Ausgang.
1383 2939 2741 2993 Stammte jenes Zeitkolorit von einem Franzosen und nicht von einem un¬
1379 2994 2729 3058 beteiligten Dänen, es ließe sich wahrscheinlich nicht so leicht herunterkratzen.
1390 3028 2725 3115 Käme die Verwicklung an ein reines Theaterblut, sie würde für ein Schau¬
1396 3076 2733 3174 spiel ausreichen, an dem mehr als der pure Stoff fesseln müßte. Im Jahre
1393 3145 2735 3212 1793 rettet ein Offizier der Republik einem eben getrauten Emigranten dadurch
1386 3184 2738 3262 das Leben, daß er die Kleider mit ihm tauscht, und wird dafür aus der
1388 3246 2740 3318 Welt durch den Himmel einer primae noctis in die Hölle befördert. Wie
1387 3287 2741 3382 Michaëlis diesen Vorfall behandelt, ist mir alles an ihm gleichgültig. Er
1385 3362 2741 3422 hat nicht das wilde Totentanztempo, das uns in seinen Wirbel schlänge.
1388 3407 2733 3482 Er schleicht schneckenhaft durch die Wüste gutgemeinter Betrachtungen, deren
1393 3479 2745 3543 geistiger Ertrag sicherlich auch in einer brauchbaren Uebersetzung ganz un¬
1410 3588 1526 3661 106
