3436 4384
310 281 1849 385 14. Der Schleier der Beatrice
1002 1164 1419 1233 Telefon 12801.
525 1264 1886 1367 Alex. Weigl’s Unternehmen für Zeitungs-Ausschnitte
1551 1345 1730 1414 Ausschnftt
615 1363 1860 1490 2/4 „OBSERVER“ Nr. 20
460 1480 1843 1567 I. österr. behördl. conc. Bureau für Zeitungsberichte u. Personalnachriel
639 1540 1749 1633 Wien, IX, Türkenstrasse 17.
857 1615 1544 1718 Filiale in Budapest: „Figyelö“ —
459 1685 1851 1813 Vertretungen in Berlin, Chicago, Genf, London, Newyork, Paris, Rom, Stockh
451 1807 995 1904 Ausschnitt aus:
1073 1836 1706 1947 Pesti Hirle5
458 1933 1012 2067 vo 1½ /000
610 2120 1651 2234 —(A burgszinhäz s a drämairök.) A Schnitz¬
583 2187 1644 2265 ler-féle „Beatrix-fätyla“ körül megindult häborn
585 2224 1622 2321 apröbb esatdrozäsokban folyik toväbb. A mai lapok¬
584 2269 1637 2366 ban Jenisch-Hohenried Lujza irönö panaszolja, hogy
578 2322 1631 2401 „Ugyvéd, mint vö“ cimü egyfelvonásos vigjätékät,
578 2355 1637 2450 melyet még Sonnentbal igazgatäsa alatt fogadott el
574 2415 1627 2493 a burgszinhäz — nem adtäk elö, holott ezt azôta
576 2453 1631 2544 kôt igazgató is megigèrte. Hät még ha a mi iröink
582 2489 1088 2576 elkezdenck rekriminälni?
890 2694 1446 2800 Bezugs-Bedingungen.
459 2754 1598 2854 Für 50 Zeitungsausschnitte (Artikel oder Notizen) . Kr. 15.—
539 2808 653 2859 100
1484 2812 1804 2918 28 — inclusi:
476 2851 648 2910 „ 200
1657 2871 1806 2917 Porto
1250 2879 1340 2935 „
1480 2886 1586 2934 50.—
538 2892 649 2940 500
476 2899 543 2946 „
1650 2891 1812 2961 Zahlba
485 2930 650 2987 „ 1000
1448 2915 1811 3028 200.— im Vora
1248 2928 1326 3006 7
552 2971 1789 3081 Im Gegensatze zu anderen Bureaux für Zeitungsausschnitte ist
425 3037 1795 3119 Abonnement durch keine bestimmte Zeitdauer begrenzt; — auch stcht es
428 3071 1727 3145 Abonnenten frei die aufgegebenen Themen zu ergänzen oder zu ändern.
533 3130 1790 3244 Der „OBSERVER“ veranstaltet täglich einen Auszug enthaltend
426 3186 1794 3287 Tuhaltsangabe aller wichtigen Mittheilungen der Wiener Morg,
425 3231 1790 3321 blätter (Tagesjournale ausser „Neue Freie Presse“ und „Wiener Zeitu
422 3270 1785 3356 wodurch eine Uebersicht über das gesammte politische und wirthschaftliche Le
427 3316 1792 3409 des In- und Auslandes in drastischer Kürze geboten wird. Diese Mittheiluf
427 3352 1238 3424 werden in Wien um 9 Uhr Früh verschickt.
722 3418 1556 3532 Prospecte gratis und franco.
1991 283 2433 388 box 20/1
2413 1170 2824 1241 Telefon 12801.
1931 1262 3293 1371 Alex. Weigl’s Unternehmen für Zeitungs-Ausschnitte
2933 1348 3152 1409 Ausschnttt
1938 1342 2215 1480 729
2272 1377 3273 1500 „OBSERVER“ Nr. 12
1867 1476 3321 1558 I. österr. behördl. conc. Bureau für Zeitungsberichte u. Personalnachrichten
2049 1546 3152 1643 Wien, IX, Türkenstrasse 17.
2265 1618 2923 1725 Filiale in Budapest: „Figyelö“
2917 1637 2960 1707 —
1868 1701 3299 1788 Vertretungen in Berlin, Chicago, Genf, London, Newyork, Paris, Rom, Stockholm.
1863 1803 3062 1915 Ausschnitt aus: #/2 7ezew.
1859 1947 2374 2055 NoK H/91000
2092 2245 3150 2340 Zwischen Director Schlenther und Arthur
1963 2298 3141 2402 Schnitzler ist eine grimmige Zeitungsfehde entbrannt.
1983 2373 3151 2446 (Wir möchten über die ganze Affaire am liebsten nicht
1988 2416 3147 2498 nur den „Schleier der Beatrice", sondern auch den
1985 2466 2740 2558 Schleier der Vergessenheit breiten.
2300 2725 2864 2805 Bezugs-Bedingungen:
1865 2780 3006 2860 Für 50 Zeitungsausschnitte (Artikel oder Notizen) Kr. 15.—
1959 2824 2069 2875 100
3060 2818 3267 2893 inclusive
2895 2845 3016 2900 28 —
2679 2846 2746 2901 „
1960 2868 2061 2925 200
3068 2874 3239 2927 Porto.
2895 2888 3009 2945 50.—
1926 2908 2060 2956 „ 500
3060 2908 3241 2964 Zahlbar
2820 2923 3020 2983 „ 110.—
1870 2925 2076 3021 „ 1000
2816 2945 3272 3033 „ 200.—] im Voraus.
1972 3010 3289 3081 Im Gegensatze zu anderen Bureaux für Zeitungsausschnitte ist das
1843 3042 3288 3137 Abonnement durch keine bestimmte Zeitdauer begrenzt; — auch steht es den
1847 3077 3132 3180 Abonnenten frei die aufgegebenen Themen zu ergänzen oder zu ändern.
1963 3166 3293 3251 Der „OBSERVER“ veranstaltet täglich einen Auszug enthaltend die
1842 3212 3294 3296 Inhaltsangabe aller wichtigen Mittheilungen der Wiener Morgen¬
1844 3243 3280 3333 blätter (Tagesjournale ausser „Neue Freie Presse“ und Wiener Zeitung“)
1855 3287 3286 3362 wodurch eine Uebersicht über das gesammte politische und wirthschaftliche Leben
1859 3330 3282 3425 des In- und Auslandes in drastischer Kürze geboten wird. Diese Mittheilungen
1859 3365 2641 3440 werden in Wien um 9 Uhr Früh verschickt.
2140 3442 2978 3520 Prospecte gratis und franco.
