3436 4320
241 185 2365 270 14. Der Schleier der Beatrice box 20/4
2265 883 2428 978 259
1602 887 1826 989 Theater.
1006 986 2417 1077 logisches Interesse, da er nachweist, wie der große Kosmologe dem ge¬
1009 1060 2412 1129 waltigen Ernst seiner späteren Lehr= und Lebensaufgabe eine tüchtige Mit¬
1018 1120 2421 1170 gift an froher Sinnlichkeit, saftiger Derbheit, übersprudelnder Laune zu¬
1009 1145 2420 1230 brachte. Dieser allein in Betracht kommende Gehalt des im übrigen für
1011 1198 2420 1259 uns interesselosen, durchaus nicht mehr bühnenfähigen Schwanks war dank
1006 1257 2417 1313 der fürsorglichen Aufsicht des — Berliner Zensors aber so arg verstümmelt
1007 1314 2421 1363 worden, daß die ganze Aufführung eine dramatische Spottgeburt wurde.
1013 1345 2419 1417 Ist es wohl zu glauben, was die liebe Zensur alles anrichtet? Daß der
1021 1407 2416 1457 Verfasser vor dreihundert Jahren als Ketzer nachweislich laut Inquisitions¬
1011 1448 2418 1507 beschluß auf dem Scheiterhaufen gerichtet wurd,, hat anscheinend in den
1020 1503 2423 1558 Augen einer scharfspähenden Obrigkeit keineswegs seine Abscheulichkeiten
1006 1551 2433 1611 gefühnt, noch immer unterliegen seine Werke der strengen Sittenwacht des
1016 1588 2427 1682 Staates und sogar ein harmloses Lustspielchen aus seiner Jugendzeit wird
1012 1641 2431 1715 am Berliner Alexanderplatz von den Fängen des preußischen Adlers gerupft
1018 1688 2419 1775 und entstellt, damit es nur nicht unsere leicht verführbaren, kindlichen Ge¬
1023 1742 2421 1816 müter auf sittliche Abwege leite. Giordano Bruno! Ist es zu glauben? ...
1023 1788 2424 1857 Das leidige Kapitel der Zensur erregt in unserer Zeit mit Recht die Ge¬
1029 1849 2427 1914 müter. Daß eine Kunstbevormundung, wie die gegenwärtige, eines mündigen
1022 1890 2435 1955 Volkes durchaus unwürdig ist, steht in der # ffassung aller freien Köpfe
1015 1938 2434 2007 unserer Zeit fest. Es wäre erheiternd, wenn ei nicht zu beschämend wäre,
1012 1990 2429 2065 daß irgend ein angehender Jurist, dem die schöne Literatur vielleicht Hekuba
1023 2036 2427 2112 ist, Dichtungen nach Gutdünken verstümmeln darf, in die er vielleicht aus
1019 2086 2438 2139 Mangel an — sagen wir — Zeit, oder Geschmack, oder Anlage gar nicht
1018 2142 2434 2219 hinreichend einzudringen vermag. Durch derartige Vandalismen unserer
1030 2186 2433 2246 Staatseinrichtung wird eine heillose Verwirrung in unserer Literatur ange¬
1021 2236 2440 2295 richtet. Nicht nur, daß das freie dichterische Schaffen befangen gemacht,
1027 2282 2443 2357 gehemmt und gehindert ist und Berufsdichter um ihren rechtmäßigen
1025 2334 2439 2402 Arbeitserwerb gebracht werden, das rücksichtslose Vorgehen der Zensur hat
1027 2400 2428 2452 auch zur Folge, daß so mißlungene Werke, wie Heyses „Maria und
1022 2446 2420 2494 Magdala“ nur weil sie verboten worden sind, aus erklärlichen Oppositions¬
1025 2475 2441 2558 gelüsten auf den Schild gehobenwerden und bessere Werke unserer Literatur
1017 2530 2420 2586 in den Hintergrund drängen Die Entwickelung unserer Kunst leidet ohne¬
1029 2577 2430 2645 dies hinreichend an Geumdheitsstörungen, ihrer Hemmungen sind wahrlich
1025 2633 2432 2709 genug im eigenen=Schoß. Es ist keine rühmliche Aufgabe des Staates,
1039 2680 2269 2757 diese Hemmungen noch mit Bedacht ins Anerträgliche zu steigern.
1127 2813 2433 2891 Wie wenig übrigens jene ideale Forderung Renans, von der wir
1041 2876 2442 2946 sprachen, in unserer Zeit auf Verständnis bei der Menge rechnen darf,
1025 2923 2432 2997 zeigt das Schicksal, das einem der feinsinnigsten Dramen der letzten Jahr¬
1035 2979 2449 3044 zehnte in dem ... erleuchteten Berlin am ... erleuchteten Deutschen
1032 3034 2427 3084 Theater beschieden war. Arthur Schnitzlers „Schleier der Beatrice",
1030 3096 2444 3151 dessen Aufführung ich noch im Oktoberheft dieser Zeitschrift forderte, hat
1022 3118 2446 3192 endlich seinen Einzug auf dem Deutschen Theater gehalten. Von der
1022 3164 2443 3253 großenteils literarischen Hörerschar des ersten Aufführungsabends würdig
1952 3228 2448 3288 eit warmer Anerkennung
1036 3232 1899 3295 empfangen, und von der Kritik im allgem:.
1026 3270 2451 3348 besprochen, wurde das Drama — — alsbald in Spielplan abgesetzt, weil
1027 3325 2443 3381 es von jener Durchschnittsmasse, die (halb ad sie satt, halb sind sie 2##)
1024 3367 2454 3438 das Parkettfüllsel unserer Theater ausmcht, zu unbequemes Denken, zu
