3436 4224
1923 203 2381 312 box 20/6
1329 232 1381 299 B
251 223 1773 354 14: Der Schleier der beatrice
1010 1158 2360 1252 erheblich wäre, und deren dramatische Verdienste lediglich negativer Natur
1015 1228 2373 1300 sind. Diese Tiraden fressen immerhin soviel Raum, daß keiner für die Sorte
1013 1280 2373 1357 von Wirkungen übrig ist, welche die Dichter des „Katzenstegs und der Tragödie
1025 1349 2377 1422 „Endlich allein“ aus der möglichen, zu erwartenden, unmittelbar bevor¬
1012 1396 2374 1459 stehenden, im letzten Augenblick verhinderten, langsam wieder angebahnten,
1015 1447 2373 1517 nochmals aufgehaltenen, schließlich aber doch Gott sei Lob und Dank un¬
1018 1504 2379 1567 widerruflich vollzogenen Vereinigung zweier Menschen verschiedenen Ge¬
1020 1548 2376 1639 schlechts herauszuschlagen die gesegnete Fähigkeit bewiesen haben. Sophus
1023 1615 2376 1678 Michaëlis ist durchaus sauber. Er lüstelt nicht und er kitzelt nicht und
1027 1671 2383 1743 er tut wer weiß was sonst alles nicht. Wäre er getrost ein bischen weniger
1033 1721 2382 1793 musterhaft und dafür nicht so erschreckend reizlos! Er sieht sein Ziel und
1027 1774 2375 1843 hält korrekt derauf zu, ohne einen Finger breit in die Gefilde artistischer
1036 1825 2390 1902 Besenderheiten abzuweichen, von holdem Dichterwahnsinn gar nicht zu
1038 1882 2385 1965 reden. Alles kommt, wie es — nicht etwa nach dem Spruch von Sibyllen
1026 1935 2372 2020 und Propheten, sondern nach der Berechnung einer primitivsten Menschen¬
1035 1992 2384 2075 kenntnis kommen muß. Man braucht von jeder der handelnden und
1041 2042 2393 2127 leidenden Personen nur einen Satz zu hören, um Inhalt und Zweck
1045 2099 2380 2184 aller folgenden zu kennen, ohne freilich deshalb ihre schier unendliche
1049 2155 2390 2236 Anzahl zu ahnen. Ueberraschungen der Psychologie bleiben ausge¬
1053 2214 2392 2309 schlossen. Davon sind die Figuren so nüchtern, farblos und dünn. Der
1048 2263 2397 2349 aristokratische Bräutigam liebt sein bischen Leben mehr als die simple
1041 2318 2403 2395 Braut und das Renommee der Tapferkeit und hat weiter keine Eigenschaft;
1052 2376 2401 2449 und der Republikaner ist in seinen anderthalb Charakterzügen und seinen
1051 2429 2397 2517 scheinbaren Schwankungen aus der aufgestörten und aufstörenden, beruhigten und
1042 2486 2390 2574 beruhigenden Sexualität der andersrassigen Braut erklärt. Schlichter kann kein
1054 2534 2405 2616 Dramatiker sein. Nachdem man das Stück gesehen hat, befürchtet man fast,
1045 2590 2399 2680 daß diese Dramatik selbst dem breiten Theaterpublikum zu schlicht sein wird;
1057 2641 2404 2741 man befürchtet es, weil das Hebbeltheater für seine Wahl nur die eine
1057 2699 2413 2779 Rechtfertigung hätte: vaß es, um zu existieren, endlich auch einmal den Ge¬
1060 2738 2408 2836 schmack der Plebs treffen müsse. Die Aufführung hat diesen Geschmack
1061 2813 2402 2894 sicherlich nicht getroffen. Kayßler kommt ihm von der Höhe seiner mensch¬
1058 2866 2405 2954 lichen Art und seiner künstlerischen Mittel, für die starre Republikaner wie
1058 2920 2416 3011 geschaffen sind, keinen Schritt weit entgegen, und Frau Ida Roland kann
1060 2973 2417 3052 ihn in tragenden Rollen ungalizische Färbung nicht einmal von unten her
1054 3030 2406 3112 erreichen. Sie war, als jugendlich schöne Aristokratenbraut voll gallischer
1061 3091 2419 3166 Kultur, in jeder Hinsicht „gemacht, von Sünden zu entwöhnen, nicht dazu
1055 3139 2423 3220 anzureizen“ Mag sein, daß diese Fehlbesetzung der Hauptfigur, die bei
1059 3196 2415 3284 dem Personalbestand des Theaters garnicht nötig gewesen wäre, die ganze
1073 3263 2415 3340 Aufführung verstört hat. Jedenfalls wurden die Schwächen des Stückes
1060 3317 2420 3401 entblößt statt verhüllt. Es fehlt ihm an Blut und Glut, mit einem Wort:
2285 3411 2415 3481 107
