3436 4320
256 176 2377 286 14. Der Schleier der Beatrige box 20/4
1617 827 1816 916 Theater.
2288 842 2436 931 263
1020 949 2429 1007 und Motive hineingewebt, es fehlt das Rückgrat eines aufrechten dramati¬
1028 997 2429 1065 schen Willens. Im einzelnen wird unser Genuß an den schönen Versen
1010 1047 2424 1107 nur selten gestört, so durch das aufdringliche Zugeständnis an die Ver¬
1014 1093 2426 1154 erbungsschnüffler: daß die Mutter der Beatrice als ein schlechtes Weib,
1022 1136 2428 1209 der Vater als irrsinnig geschildert wird, eine Aberflüssigkeit, die dem Sinn
1018 1198 2429 1260 des Dramas, wenn man tiefer hinlauscht, widerspricht. Gleichviel: wir
1019 1241 2428 1306 haben es hier mit einer feinen, sehr bedeutenden Dichtung zu tun, die
1014 1294 2438 1359 namentlich mit der gewaltigen Erhebung des tragischen Tones im letzten
1023 1343 2432 1398 Akt einen tiefen Eindruck hinterläßt, und wenn nicht als Bühnenwerk, so
1019 1399 2434 1455 doch als Buch, als Gedankenfreund im Hause ein bleibender Schatz der
1013 1438 2425 1495 deutschen Literatur ist, „rein und fein, dem Edelsteine gleich, bestraolt von
1018 1497 2013 1575 den Tugenden einer Welt, welche noch nicht da ist.“
1123 1631 2433 1710 Es ist ein sehr bemerkenswerter Zug im literarischen Weben unserer
1027 1679 2423 1753 Tage, daß zu einer ähnlichen Auffassung der Weibes= und Menschheit¬
1019 1748 2435 1801 sendung wie Schnitzler im Schleier der Beakrice ein anderer der wenigen
1025 1787 2426 1848 Ragenden unter den gegenwärtigen Dramatikern gekommen ist, freilich auf
1017 1836 2439 1907 ganz anderen Wegen nach Sonderheit seiner Beanlagung: Maeterlinck in
1018 1893 2429 1951 seiner Dichtung „Pelleas und Melisande“. Die beiden Dichter, die
1031 1937 2437 1998 hier das Rätselhafte, Traumhafte, Anbewußte in der weiblichen Psyche
1018 1986 2440 2038 schildern, haben ohnehin viel Gemeinsames, man sieht es nur nicht auf den
1023 2029 2442 2092 ersten Blick, weil sie sich eben auf dem Grunde ihrer Dichtungen begegnen.
1032 2087 2441 2137 Der Kumpf zwischen Todesangst und Liebe ist eines der Grundmotive aller
1033 2123 2444 2207 Schnitzlerschen Werke. Und Maeterlinck singt uns in fast allen seinen
1021 2167 2432 2243 Dichtungen das eine Lied: daß wir Menschlein an den grausamen und un¬
1019 2226 2443 2294 beugsamen Spielen, die Tod und Liebe mit den Lebenden spielen, nichts
1027 2294 2441 2341 ändern können ... Auch in „Delleas und Melisande“ ist dies das große
1032 2331 2438 2375 klagende Leitmotiv, das wie der stete dumpfbrausende Orgelton des hinter
1022 2379 2431 2434 der Szene brandenden Meeres die Dichtung von der ersten bis zur letzten
1028 2427 1348 2494 Zeile begleitet.
1119 2453 2431 2532 Das Drama ist 1892 entstanden und obwohl inzwischen hie und da
1026 2525 2433 2590 gelegentlich aufgeführt, ist es doch in diesem Winter erst zu seiner vollen
1022 2576 2439 2619 dramatischen Bedeutung gelungt, dank einer außerordentlich feinsinnigen
1034 2627 2433 2676 Inszenierung, die Max Reinhardt, der jetzige Direktor des Neuen Theaters
1038 2676 2431 2723 unter Mitarbeit der Maler Louis Corinth und Leo Impekoven mit
1033 2727 2437 2782 glänzendem künstlerischem Erfolg ins Werk setzte. Elf Jahre hat also dies
1038 2779 2437 2837 Drama eines bekannten Dichters auf Verständnis eines Bühnenleiters
1037 2818 2441 2891 warten müssen — ein beschämender Beweis für die Tatsache, daß wir mit
1039 2874 2440 2931 kaum einer Ausnahme Geschäftsbühnen statt Kunstbühnen haben. Elf Jahre
1094 2908 2440 2981 und das wunderliche Schicksal will es, daß gerade jetzt, wo diese alte
1041 2967 2452 3023 Dichtung zu neuen. Leben erwacht, ihr Dichter selber, fortschreitend mit den
1031 3018 2442 3074 Lustren, auf einem anderen Pol seiner Kunst angelangt ist und beinahe auf
1023 3061 2432 3116 dem Punkte steht, sie zu verleugnen. In der Vorrede zur neuen Gesamt¬
1035 3119 2438 3182 ausgabe seiner dramatischen Werke, die Herr von Oppeln=Bronikowski
1030 3169 2426 3224 besorgt hat (Leipzig, E. Diederichs), sagt Maeterlinck mit einem Rück¬
1027 3218 2433 3290 blick auf seine früheren Dramen, Pelleas und Melisande eingeschlossen:
1213 3268 2441 3329 heute scheint mir das alles nicht mehr hinreichend ... Es ist
1019 3310 2441 3391 dem Lyriker vielleicht erlaubt, etwas wie ein Theoretiker des Anbekannten
