3484 4448
1932 162 2382 263 box 20/4
298 163 1800 270 14. DenSchleiender-Beatrice
996 1537 1234 1623 Aseams
1587 1563 1758 1638 S
148 1627 864 1695 der Ernüchterte bemüht sich, die lästig
868 1612 2096 1698 Leichnam, den er wutentbrannt beschimpft. Von dem trotz seines
2086 1650 3325 1733 kein Fürst des Quinquecento, das waren robustere Naturen. Seine
148 1663 876 1728 leunigst wieder los zu werden. Das
868 1671 2091 1742 Verbotes nachgeeilten Gefolge hört er, daß der Tote Filippo
2088 1692 3320 1771 Begeisterung für Filippo Loschi, die Liebe zu Beatrice,
148 1708 864 1771 enn selbstverständlich sind auch diese
881 1702 2092 1769 ist; Francesco, der gleichfalls mit eingedrungen, ersticht die
2084 1729 3311 1794 oder was es sonst ist, hat etwas Krankhaftes, Exaltirtes ohne jede
163 1744 844 1805 großen Dichter verliebt und muß er
863 1729 2082 1827 Schwester, der Herzog aber hält dem Dichter eine rühmende Nach¬
2085 1763 3312 1841 Naturwüchsigkeit, er ist ein Phantast und noch manches andere,
158 1774 870 1843 cher mit Gewalt entreißen. Endlich
865 1790 2015 1850 rede und befiehlt, daß er in der Fürstengruft beigesetzt werbe.
2086 1807 3301 1875 aber kein Mann. Einzelne realistisch gezeichnete Nebenfiguren da¬
168 1821 869 1883 Nachricht von der Vermählung des
953 1821 2087 1902 „Wozu der Lärm?“ Die Frage ist gewiß nicht unberechtigt,
2087 1845 3316 1928 gegen sind dem Dichter vortrefflich gelungen, dessen Hippogryph
171 1862 867 1919 aufs Schloß und entführt die aben¬
867 1859 2087 1941 und von vieler Zuschauer Lippen glaubte ich ganz deutlich zu ver¬
2077 1890 3319 1968 beim Ritt ins alte romantische Land sich im Allgemeinen so hart¬
147 1893 863 1952 dem Filippo noch mit dem Bruder
867 1908 2082 1972 nehmen: „ich weiß nicht, was soll es bedeuten.“ Traurig war
2086 1921 3306 2010 mäulig und widerspenstig gezeigt hut. Allerdings verraten auch
176 1942 864 2003 Auseinandersetzung gehabt, erscheint
863 1928 2094 2014 allerdings das Publikum nicht gestimmt, diese sonderbaren Personen
2077 1957 3064 2038 Verse von hinreißendem Schwung den echten Dichter.
147 1979 878 2049 Sochzeitsstaat. Ungeheuere Sehnsucht
859 1982 2102 2063 und die verworrenen und verschlungenen Vorgänge vermochten eine
2152 2003 3294 2071 Abgesehen von den Aeußerlichkeiten, die zum Teil glänzend
155 2014 863 2088 en, sie will mit ihm sterben.
863 2017 2082 2096 tiefer gehende Anteilnahme, ein wahres Interesse nicht zu er¬
2079 2031 3310 2120 waren, ließ die Darstellung viel zu wünschen übrig. Irene
202 2047 867 2125 Probe und erklärt ihr, daß
866 2068 2089 2132 wecken, ein gewisses Gefühl der Unklarheit herrschte vor, und es
2075 2072 3302 2160 Triesch glich dem Bilde der Beatrice, das der Dichter ge¬
168 2085 865 2158 sei vergiftet. Da verfällt sie in solch
870 2107 2073 2170 gab Augenblicke, in denen das ganze Kartenhaus mit all' seinen
2072 2128 3303 2200 zeichnet, vollkommen, hatte Momente höchster künstlerischer Voll¬
152 2116 865 2196 r, von Ekel ergriffen, den unheilvollen
856 2147 2087 2217 gemalten Figuren bedenklich ins Wanken geriet. Ueber dem Ganzen
2074 2172 3309 2234 endung, wie die Todesangst bei der vermeintlichen Vergiftung, die
147 2163 863 2243 ilt. Vor brennender Begierde nach dem
862 2180 2086 2255 liegt ein zuweilen recht duftig und fein gesponnener Schleier, der
2077 2203 3312 2271 wahrhaft erschütternd wirkte, aber einen glaubhaften einheitlichen
158 2207 499 2270 keschnell davon.
863 2220 2086 2293 aber die Mängel und Unebenheiten nicht zu verdecken vermag. Die
2069 2252 3308 2305 Charakter zu schaffen, vermochte auch sie nicht und half sich über
165 2241 858 2314 nden „Blumensälen“ — doch nein, im
859 2264 2090 2329 Heldin Beatrice ist so dicht verschleiert, daß ihre eigent¬
2069 2283 3308 2333 alle Klippen und Untiefen mit einem wirklich bezaubernden Lächeln
161 2294 862 2351 so wüste Orgie wäre in keinem öffent¬
862 2299 2081 2361 lichen Züge nicht zu erkennen. Ein kaum erblühtes, von dem Gift¬
2079 2323 3295 2391 fort. Ganz unzulänglich war Rudolf Rittner als Filippo
151 2323 867 2391 dlig geboren nenn' ich die Sprossen
856 2349 2083 2405 hauch ihrer Umgebung vielleicht noch unberührtes Mädchen, lebens¬
2076 2352 3306 2441 Loschi, nicht die Spur eines poetischen Hauches, kein weicher
141 2363 858 2429 it Beatrice Nardi Hochzeit hält.“ Diese
857 2376 2088 2461 lustig und nicht ohne sinnliche Regungen, ist sie doch wieder von
2079 2403 3290 2476 Ton, nichts Gefälliges und Berückendes alles hart, rauh
138 2405 862 2482 stgeber verkündet, thut ihr Schuldigkeit.
857 2416 2080 2486 einer fast erschreckenden Passivität, die ohne jede Gefühlsäußerung
2072 2432 3303 2512 und abstoßend. Es ist kein Zufall, daß derselbe Künstler der des
153 2460 866 2507 *Pest in Florenz gedenken, es ist, als
857 2462 2083 2525 alles geduldig über sich ergehen läßt, und zuletzt die ganz un¬
2065 2476 3300 2563 Autors frühere Stücke, wie „Liebelei“ und „Freiwild“, zum
149 2488 858 2548 keinmal in toller Selbstvergessenheit all
856 2496 2075 2564 genügende Erklärung giebt, daß die Furcht vor dem Tode sie „die
2070 2513 3293 2588 Triumphe führte, hier völlig versagte; das ist vielmehr für den
146 2522 867 2595 en. Aber zur Hochzeitsfeier fehlt die
850 2532 2081 2607 fürchterlichen Wege jagte von Lüg' in Lüge, Schmach in Schmach“
2059 2539 3294 2636 Dichter wie den Darsteller und ihr eigentliches Können bezeichnend.
141 2560 865 2636 Khrend des Mahles davongeschlichen.
848 2576 2071 2640 obgleich sie keinem Böses wollte. Danach wäre Lebensgier ihres
2065 2591 3296 2671 Friedrich Kayßler als Herzog Bentivaglio entbehrte
169 2604 850 2669 bemerkt, und die Umgebung des
855 2615 2075 2690 Wesens Grund und Ursache, vielleicht auch gedankenloser Leichtsinn.
2066 2632 3296 2713 der Anmut und Hoheit und schrie stellenweise zu stark. Aus¬
164 2638 865 2719 xe hält, beginnt sich zu regen. Endlich
856 2651 2076 2723 Und da haben wir das süße Mädel im Schleier der Beatrice.
2074 2677 3290 2755 gezeichnet war Luise Dumont, die der kleinen Rolle der heiß¬
169 2690 867 2744 ein, aber ohne Schleier, den
851 2693 2067 2761 Schon die knappe Inhaltsangabe zeigt, daß manche vertraute
2066 2727 3297 2790 blütigen Rosine hervorragende Bedeutung verlieh. Otto
163 2727 860 2778 von wunderbarer Schönheit und
854 2732 2069 2804 Figur, meist klassischen Ursprungs, in diesem Stücke wieder auf¬
2060 2761 3299 2823 Sommerstorff (Graf Fantuzzi) bewies wieder einmal, daß
154 2757 866 2826 der Gemahl verehrt. Der Fürst will
850 2765 2074 2841 erstanden, und so gemahnt auch Beatrice an Rahel,
2063 2797 3293 2857 auch an dieser Stätte Verse noch gesprochen werden können, in
149 2788 857 2869 rschen, alles ihr vergeben, nur den
852 2802 2079 2889 „Die Jüdin von Toledo“, freilich nur ganz ent¬
2061 2831 3288 2903 keiner und charakteristischer Haltung repräsentirte Oskar Sauer
190 2835 863 2912 Schon ist sie ihren Henkern ausge¬
848 2853 3294 2911 fient. Noch weniger anziehend ist Filippo Loschi dessen den Geheimschreiber Cosini. Noch mancher und manche andere
134 2881 850 2949 ntschließt, den Schleier zu holen, der
851 2889 2070 2961 angeblicher Dichterruhm die vollständige Haltlosigkeit, stellenweise
2062 2910 3289 2993 wären lobend zu erwähnen, aber es standen vierzig Personen auf
136 2919 857 2993 ner gelobt, sie nach nichts zu fragen.
857 2932 2064 3000 segar Niedrigkeit dieses schwankenden Charakters nicht zu mildern
2058 2951 3119 3023 dem Zettel, und das geht über die Kraft und den Raum.
141 2962 838 3013 os Haus. Nachdem der Schleier ge¬
840 2973 2067 3044 bermag. „Blasirt“ und „dekadent“ würden die modernen Be¬
2137 2989 3280 3069 Der Erfolg war nicht durchschlagend, obwohl der Dichter viel¬
143 3003 860 3067 tgehen, der Herzog will aber durchaus
844 3012 3290 3115 zechnungen für ihn sein, die damals noch unbekannt waren und fach gerufen wurde. Wenn er das nächste Mal wieder unver¬
153 3052 3286 3158 n, bei der Gelegenheit entdeckt er den jetzt bereits etwas veraltet erscheinen. Der Herzog endlich ist auch schleiert kommt, wird ihn auch der alte Jubel begrüßen. ——
