3484 4352
1327 279 1385 360 B
248 267 2360 401 14. Der Schleier der eatrice box 20/3
1614 1196 2046 1293 Telefon 12801.
1140 1277 2513 1370 Llex. Weigl’s Unternehmen für Zeitungs-Ausschnitte
2173 1353 2380 1426 Ausschullt
2186 1398 2487 1504 Nr. 57
1492 1365 2126 1514 „OBSERVER“
1181 1426 1349 1533 105
1091 1514 2560 1585 I. österr. behördl. cone. Bureau für Zeitungsberichte u. Personalnachrichten
1284 1562 2402 1678 Wien, IX/. Türkenstrasse 17.
1500 1646 2168 1742 Filiale in Budapest: „Flgyelö“ —
1099 1732 2561 1813 Vertretungen in Berlin, Chicago, Genf, London, Newyork, Paris, Rom, Stockholm.
1098 1840 1651 1939 Ausschnitt aus:
1718 1862 2238 1978 Prager Tachl
1304 1916 1589 2054 4 4139)
1101 1984 1306 2082 vom
1309 2433 1643 2518 eut-Ser
1427 2469 2279 2556 * Der Schleier der Beatrice. In der
1266 2541 2253 2622 neuesten Nummer der Wiener „Zeit“ unterzieht der
1251 2602 2262 2660 bekannte Literarhistoriter Prof. Mar Koch Arthur
1266 2640 2264 2718 Schnitzlers Schauspiel „Der Schleier der
1261 2689 2259 2765 Beatrice“ einer ausführlichen Würdigung und zollt
1254 2740 2258 2800 dem Stück, in welchem er einen Hauch echter Shake¬
1151 2780 2267 2887 pa, spearescher Renaissance findet, begeisterten Beifall. Den
2318 2797 2536 2889 inclasive
1231 2836 2291 2893 (äußeren Anlaß zur Besprechung bietet dem Gelehrten —
2354 2873 2513 2921 Porto.
1223 2873 2281 2956 Aeine Aufführung des Stückes am Breslauer Stadt¬ —
2329 2907 2527 2965 Zahlbar
1233 2940 2270 2992 5(theater, die mit all ihren Besetzungsfehlern, ihren Regie¬ —
2239 2945 2554 3043 im Voraus.
1181 2960 2254 3041 „ 10mängeln und der durftigen Ausstattung die grandiose
1248 3002 2574 3088 Wirkung des Schauspiels nicht vermindern konnte. schnitte ist das
1112 3060 2587 3142 Abonner Bekanntlich hatte auch Director Dr. Schlenther das ich steht es den
1113 3119 2423 3190 Abonnel Stück für das Burgtheater ursprünglich ange= ändern.
1260 3182 2579 3257 nommen, dann aber nach längerem Zögern wieder zurück= g enthaltend die
1122 3224 2584 3295 Inhalt gewiesen, eine Thatsache, an die sich damals eine erbit= jer Morgen¬
1126 3271 2580 3321 blüttterte Zeitungsfehde knüpfte. Es erscheint uns nun „Wiener Zeitung“)
1133 3328 2579 3382 wodurel geradezu unglaublich, daß sich keine deutsche Bühne lschaftliche Leben“
1119 3367 1277 3414 des In
1274 3345 2584 3428 findet, die der Ehre theilhaftig zu werden sucht, ein soese Mittheilungen
1123 3399 1285 3461 werden
1274 3413 2266 3467 bedeutendes Kunstwerk dem Theater zu gewinnen. Weder
1262 3475 2273 3533 Rücksichten der Prüderie noch auch Abneigung gegen,
1263 3501 2261 3577 einzelne Producte der neueren Richtung werden auf die
1279 3556 2269 3630 Dauer stork genug sein, um dem Schnitzlerschen Stück
1257 3604 2265 3690 den Eingang zu verwehren. Auch wir in Prag haben
1261 3659 2251 3730 ein Anrecht darauf und bedauern, daß in dem Ver¬
1268 3711 2255 3785 zeichniß der Novitäten, die uns für die Wintersaisoni
1270 3760 2250 3826 Anssicht gestellt wurden, vom „Schleier der Beatrice
1270 3800 1679 3886 Lnicht die Rede war.
