3248 4256
1440 190 1488 252 F
2032 188 2471 276 box 20/1
369 183 1892 295 14. Der Schleiender eatrige
1188 1259 2434 1327 loge gesessen, wehe thun wollte; und das ist’s, was man dem
1192 1319 2439 1402 Burgtheaterdirector eigentlich verübeln könnte. Aber Herr Schnitzler
1204 1368 2431 1434 verstand nicht. Als er kategorisch zu werden begann, musste ihm
1200 1403 2440 1475 endlich mit einem kategorischen Nein geantwortet werden. Schon
1208 1449 2440 1511 der erste Brief des Herrn Schlenther hatte ihm einen geeigneten Vor¬
1206 1488 2433 1536 wand geliefert, auf eine Aufführung freiwillig zu verzichten; nach dem
1199 1514 2433 1589 letzten musste er's unfreiwillig thun, Die „Affaires hat natürlich zahl¬
1203 1567 2437 1632 reiche andere vAffairene im Gefolge, und die Blätter, deren Kritiker
1203 1602 2438 1666 den Protest unterzeichnet haben, sind eifrig auf der Suche nach miss¬
1199 1637 2428 1710 handelten Burgtheaterautoren. So muss sich jetzt Arthur Schnitzler
1203 1673 2430 1752 die Gesellschaft des J. Herzog, Eigenthümers der „Montagsrevue“ und
1200 1720 2431 1796 Verfassers mehrerer eingereichter Stücke, gefallen lassen. Aber wahrlich,
1196 1755 2431 1837 wenn die Theaterdirectoren keine anderen Verbrechen gegen die
1190 1800 2421 1861 Literaturentwicklung begehen, als dass sie Herrn Herzog unterdrücken,
1197 1837 2424 1903 so haben wir uns nicht zu beklagen. Wie viel hat schon Herr Herzog
1193 1870 2413 1947 unterdrückt! Nicht jeder muss für die Bühne schreiben, und Schweig¬
1190 1919 2424 1972 gelder lassen sich noch immer leichter als Tantièmen verdienen. Oder
1187 1957 2422 2023 gehört am Ende Herr Herzog zu den vnoch nicht beglaubigten
1188 1992 2424 2061 Talenten? Die sechs Recensenten mögen nur den nächstbesten
1188 2016 2424 2103 Börsencomptoirsinhaber fragen, ob er Herrn Herzog nicht kennt! Das
1181 2058 2413 2146 letzte Bulletin vom Kriegsschauplatz lautet übrigens: „Gedeftetl..
1179 2105 2430 2176 Den greulichsten Katzenjammer soll Herr Speidel haben. Er erklärt,
1184 2147 2506 2234 überrumpelt und dupiert worden zu sein, schwört, nie wieder für ein
1184 2189 2409 2244 verletztes Autorrecht einzutreten, und die sorgende Gattin, die bei¬
1183 2236 2422 2303 zeiten vor dem Unterschreiben gewarnt „hatte, hat alle Mühe, den
1441 2263 1473 2293 —
1192 2272 2421 2338 fassungslosen Führer der Wiener Kritik zu trösten. Er ist so sehr gegen
1189 2312 2405 2377 alle schon beglaubigten und noch nicht beglaubigten Talente aufge¬
1190 2346 2414 2417 bracht, dass er neulich nicht einmal den Besuch des Herrn Schnitzler
1194 2391 2414 2446 empfangen wollte. Auch über J. J. David, der als stiller Dichter sich
1187 2421 2419 2476 übel genug unter den Protestlern ausnahm, sind die Tage der Reue ge¬
1181 2462 2507 2535 kommen, Beide empfinden es als besonders hart, mit den Bauer und Salten
1188 2508 2502 2580 auf einer Liste zu stehen, ohne- durch die Nachbarschaft der Herren
1180 2530 2403 2604 Hevesi und Kalbeck entschädigt zu sein. Herr Kalbeck war in den
1188 2574 2410 2652 ereignisvollen Tagen, in denen ein Stück des Herrn Schnitzler nicht
1183 2626 2402 2690 angenommen wurde, nicht in Wien; vertritt als Kritiker übrigens auch
1175 2661 2403 2728 eigene Interessen besser als fremde. Herr Hevesi wollte unter¬
1185 2707 2408 2769 zeichnen; aber der Chebredacteur des „Fremdenblatt“, das bekanntlich
1185 2743 2412 2811 auch die Theaterzettel der Hoftheater druckt, hat’s ihm nicht erlaubt.
1177 2786 2409 2829 Herr Dr. Robert Hirschfeld bereut nichts, Sein Hass gegen Schlenther
1178 2814 2407 2887 ist noch immer die weitaus überwiegende seiner Empfindungen. Auch
1170 2859 2412 2913 bei Herrn Bahr hat sich nichts geändert; ihm ist die Sache, für die
1181 2892 2395 2971 er sich eingesetzt hat, nach wie vor „Wurstr, und eine gute Gelegen¬
1168 2944 2038 3011 heit, von sich reden zu machen, war’s immerhin.
1296 2978 2418 3073 Schülerin des Projessors Stein in Beru. Ihre Darlegungen kann
1179 3016 2410 3111 ich nicht zum Abdruck bringen, so sehr ich auch die Meinung theile.
1175 3071 2415 3147 Gewiss ist es unerträglich, dass der Breitschwätzer Stein die Banalitäten,
1179 3117 2399 3201 die er als oseine Philosophies bezeichnet, der Lehre Nietzsches ent¬
