3484 4256
290 201 1805 301 14. Der Schleier der Beatrice
870 1058 1317 1139 Telephon 12801.
486 1147 1724 1220 Alex. Weigl’s Unternehmen für Zeitungs-Ausschnitte
1487 1211 1719 1285 Ausschnitt
560 1254 597 1315 9
726 1229 1408 1355 „OBSERYER“
1525 1271 1786 1365 Nr. 75
418 1276 726 1377 NeL
373 1359 1818 1430 L. österr. behördl. conc. Bureau für Zeitungsberichte u. Personalnachrichten
604 1418 1607 1482 Wien, IX/1, Türkenstrasse 17.
791 1478 1412 1562 Filiale in Budapest: „Figyelö“
392 1550 1813 1615 Vertretungen in Berlin, Chicago, Genf, London, Newyork, Paris, Rom, Stockhelm.
1312 1636 1408 1709 22 1
384 1652 1616 1780 Ausschnitt aus: Kielereitung
385 1804 1035 1915 vom: 7% 1405
641 2068 1739 2142 Arthur Schnitzler's fünsaktiges Drama „Der
563 2127 1736 2195 Schleier der Beatrice“ erfuhr bei der heutigen Pre¬
564 2184 1734 2239 miere im Hrutschen Theater eine ziemlich unzweideutige Ab¬
587 2221 951 2292 sehnung.—
851 2528 1369 2607 Bezugs-Bedingungen:
380 2595 1547 2674 Für 50 Zeitungsausschnitte (Artikel oder Notizen) Kr. 15.—
1581 2615 1793 2675 inclusive
1424 2643 1567 2705 28.—
496 2640 597 2689 100
1607 2664 1768 2713 Porto.
1433 2685 1538 2738 50.—
492 2685 605 2728 200
1381 2699 1431 2748 9
1591 2699 1782 2752 Zahlbar
497 2718 600 2767 500
1377 2723 1537 2789 „ 110.—
1013 2730 1074 2796 „
1132 2743 1182 2780 „
1243 2728 1296 2784 „
1365 2737 1800 2812 200.— im Voraus.
476 2758 616 2820 1000
1126 2769 1191 2813 „
414 2774 478 2823 „
506 2789 1817 2857 Im Gegensatze zu anderen Bureaux für Zeitungsausschnitte ist das
1457 2846 1829 2906 auch stcht es den
389 2850 1422 2896 Abonnement durch keine bestimmte Zeitdauer begrenzt;
392 2903 1705 2950 Abonnenten frei die aufgegebenen Themen zu ergänzen oder zu ändern.
500 2942 1831 3025 Der „OBSERVER“ veranstaltet täglich einen Auszug enthaltend die
394 3014 1821 3063 Inhaltsangabe aller wichtigen Mittheilungen der Wiener Morgen¬
400 3051 1804 3103 blätter (Tagesjournale ausser „Neue Freie Presse“ und „Wiener Zeitung
390 3088 1815 3138 wodurch eine Uebersicht über das gesammte politische und wirthschaftliche
396 3125 1823 3185 Leben des In- und Auslandes in drastischer Kürze geboten wird. Diese Mit¬
399 3176 1413 3235 theilungen werden in Wien um 9 Uhr Früh verschickt.
719 3234 1495 3331 Prospecte gnatis und franco.
1902 200 2407 293 box 20/4
2371 1057 2847 1146 Telephon 12801.
2011 1152 3236 1212 Alex. Weigl’s Unternehmen für Zeitungs-Ausschnitte
2884 1219 3229 1313 Ausschnitt
1923 1262 2926 1372 NEIOS „OBSLRVEN
3055 1278 3298 1371 Nr. 92
1879 1369 3331 1429 I. österr. behördl. conc. Bureau für Zeitungsberichte u. Personalnachrichten
2110 1413 3111 1493 Wien, IX/1, Türkenstrasse 17.
2294 1491 2936 1558 Filiale in Budapest: „Figyelö“ -
1890 1537 3343 1615 Vertretungen in Berlin, Chicago, Genf, London, Newyork, Paris, Rom, Stockholm.
1881 1648 3274 1779 Ausschnitt aus: 0070/0 Mnucrte
1891 1810 2424 1916 vom:
2219 2167 2531 2224 .
2186 2175 3133 2247 Arthur Schnitzler's Drama „Der Schleier der
2159 2240 3128 2291 Beatrice“ hat im Deutschen Theater in Berlin einen
2176 2277 3124 2325 nicht unbesrittenen Erfolg errungen. Vom zweiten
2181 2312 3128 2368 Akt ab kone# der Dichter wiederholt erscheinen, aber
2178 2352 3130 2397 dem sehr starken Beifall stellte sich gestern nach dem
2176 2387 3121 2442 dritten A#e eine lebhafte Opposition entgegen. Auch
2180 2432 3119 2473 „Der Schleier der Beatrice“ ist das Werk eines
2181 2463 3129 2511 Dichters — er will die Buntheit des Lebens auf die
2181 2497 3125 2548 Bühne bringen, all den Farbenglanz, den er sieht,
2175 2546 3127 2587 und all das Leid,, das aus den Schicksalen der Seele
2177 2574 3120 2625 fließt, das Leben in all seiner krausen Gestaltung.
1872 2601 3125 2673 Für 50 Zeitr Aber allzu jäh für die Bühnenwirkung wechseln die
1993 2645 2093 2691 100
2176 2616 3296 2704 Stimmungen; um den Kern der Handlung, um die inclusive
2175 2682 3277 2736 allein interessierenden drei Hauptpersonen, schlingt Porto.
1979 2725 2094 2769 500
2213 2703 3287 2790 ich eine Ueberfülle von Gestalten und Geschehnissen Zahlbar
3028 2749 3304 2820 im Voraus.
2171 2763 2560 2816 die uns kübl lassen.
1914 2760 2102 2832 „ 1000
1997 2799 3333 2857 Im Gegensatze zu anderen Bureanx für Zeitungsausschnitte ist das
1892 2859 3327 2901 Abonnement durch keine bestimmte Zeitdauer begrenzt; — auch steht es den
1893 2897 3197 2964 Abonnenten frei die aufgegebenen Themen zu ergänzen oder zu ändern.
1995 2983 3333 3036 Der „OBSERVER“ veranstaltet täglich einen Auszug enthaltend die
1874 3015 3321 3062 Inhaltsangabe aller wichtigen Mittheilungen der Wiener Morgen¬
3278 3054 3325 3114 9
1896 3061 3295 3099 blätter (Tagesjournale ausser „Neue Freie Presse“ und Wiener Zeitung“
1891 3083 3333 3148 wodurch eine Uebersicht über das gesammte politische und wirthschaftliche
1895 3131 3333 3200 Leben des In- und Auslandes in drastischer Kürze geboten wird. Diese Mit¬
1905 3174 2908 3238 theilungen werden in Wien um 9 Uhr Früh verschickt.
2202 3263 2995 3340 Prospecte gratis und franco.
