3436 4448
1923 158 2382 254 box 20/4
262 159 1775 258 14: Der schleier der Bestrige
424 1411 3238 1506 deln“ zum Rein=Menschlichen, zum Großen, zum über den Weg läuft; der auch diese Heißgeliebte Vorgia, die wir fünf Akte lang vor den Toren
1361 1455 2471 1518 verläßt, weil sie — geträumt hat, die Gemahlin! wissen.
423 1462 1377 1528 Stil der Tragödie erheben sollte. Ob sein Talent
127 1459 292 1544 er.
422 1513 1365 1570 dazu ausreichte; ob er über das Milieu, aus dessen
1357 1502 2300 1576 des Herzogs zu sein; der sich schließlich vergiftet,
2355 1494 3242 1573 Der Aufführung gebührt kein uneingeschränk¬
141 1525 428 1607 chleier der
424 1559 1360 1624 sentimentaler, leicht koketter Genußfreude er kam,
1364 1554 2297 1607 da sie ihn, wirklich die Gattin des Herzogs ge¬
2293 1536 3240 1616 tes Lob. Irene Triesch war gut. Fast am
140 1593 427 1663 tten von Ar¬
1358 1602 2283 1644 worden, in der Brautnacht besucht ... Ein Her¬
429 1597 1365 1662 und dessen liebenswürdige Reize und kleine Schwä¬
2297 1598 3237 1660 besten, wenn sie nicht sprach. Ihr stummes Spiel
1356 1639 2299 1691 zog, der am Vorabend der Entscheidungsschlacht
426 1642 1362 1697 chen er meisterhaft beherrschte, hinauszuwachsen im¬
2298 1644 3237 1700 im vierten Akt, der Aufschrei ihrer Todesangst, das
140 1664 436 1755 Schnitzlers
1363 1674 2299 1740 ein hübsches Mädel, das er sich für die Lust einer
424 1683 1367 1737 stande sein würde, das war die Frage, die er im
2288 1678 3245 1751 waren die beiden bedeutendsten Momente des
150 1730 429 1786 ine „Liebelei“,
1355 1727 2301 1787 Nacht ausersehen hatte, flugs zur Herzogin macht;
428 1734 1363 1787 „Grünen Kakadu“ angerührt, und die die wohl¬
2295 1734 3241 1783 Abends. Auch Kayßler legte seinen Herzog in
1363 1761 2306 1827 dem sofort der schwärzeste Verdacht aufsteigt, da
133 1776 436 1831 Mädel, ein Bild¬
431 1775 1363 1823 wollenden Beurteiler seines schönen, biegsamen
2295 1776 3234 1831 edlen Linien an. Rudolf Rittner betonte alles
1364 1819 2290 1871 sich die junge Gattin am Abend des Festes aus
430 1806 1359 1887 Talentes zunächst sehr verschieden beantworten
145 1819 428 1881 getönten Far¬
2290 1817 3243 1873 Moderne in seiner Rolle. Den Vers behandelt der
429 1859 635 1928 mochten.
1365 1848 2294 1914 dem Park verliert und ohne Schleier zurückkommt;
136 1860 433 1920 er Arzt in die
2291 1864 3240 1930 vortreffliche Künstler leider ohne Glück. Albert
1359 1886 2295 1952 der endlich ruhig in den Tod geht, da er sie, von
146 1903 446 1964 ie aus der Mi¬
506 1890 1365 1963 „Der Schleier der Beatrice", das fünfaktige
2304 1906 3250 1965 Bassermann gab einer kleinen Valentinrolle
156 1954 439 2016 ihre Stärke
1367 1949 2300 2000 ihrem eigenen Bruder erdolcht, bei der Leiche ihres
426 1935 1358 2021 Schauspiel, dessen Premiere wir heute abend mit
2301 1953 3237 2012 einen herrischen Ton. Oskar Sauer charakteri¬
1872 1991 2307 2049 Endlich das Mädchen
1364 1991 1886 2054 Buhlen liegen sieht ..
217 1993 437 2052 Die zier¬
429 1986 1365 2048 sehr geteilten Empfindungen miterlebten, kommt
136 1997 226 2049 n.
2299 1997 3235 2046 sierte mit Glück einen feinen und geschmeidigen
130 2035 436 2101 ott gepinselten
1365 2030 2305 2091 selbst: ein Gemisch von Sentimentalität und
430 2035 1372 2098 über den ehrlichen Versuch in dieser Richtung
2299 2043 3239 2091 Hofmann. In den Nebenrollen war viel falsch be¬
1363 2070 2306 2136 Brunst, von Hingebung und Verderbtheit. Im
134 2083 430 2139 stärkten, ohne
433 2079 1376 2145 des Dramas großen Stils nicht hinaus. Wohl
2296 2079 3242 2138 setzt. Auch Louise Dumont war am falschen Platz;
1365 2124 2301 2180 ersten Akt noch verwandt jenen harmlos plauschen¬
432 2131 1372 2197 drapiert sich Schnitzlers Muse mit dem schweren,
133 2126 436 2186 rlung zu üben,
2306 2111 3235 2180 sie ist nicht mehr jung genug für die Rosina und
1369 2162 2308 2221 den Wiener Madeln, die der Schnitzler von ehemals
143 2171 428 2224 Arbeiten ver¬
436 2170 1371 2223 golddurchwirkten Mantel der Renaissance; wohl
2305 2172 3244 2221 spricht nauerdings peinlich manieriert. Das Stadt¬
1362 2202 2305 2270 liebte; später näher rückend der Verderberin des
429 2213 1375 2273 spielt sie mit Dolch und Gift und Menschenleben
146 2208 432 2274 shaftes, kleines
2302 2214 3241 2282 bild von Bologna hielt sich in den Grenzen beschei¬
1367 2251 2307 2313 Hauses Clémenceau und jenen Cocotten¬
2301 2254 2653 2318 dener Schönheit.
158 2255 441 2318 verriet, daß
429 2257 1368 2310 und läßt uns manches schöne, klug gefaßte Wort
1364 2292 2311 2351 Naturen, die sich Gold, Kränze und Kronen listig
139 2277 439 2359 väre, dem dar¬
428 2300 1374 2352 hören; aber der näher Zuschauende kommt nicht
2372 2284 3256 2369 Beifall und Widerspruch hielten sich nach den
1368 2326 2308 2396 erschmeicheln, um eines Tages, als Dirnen er¬
133 2339 447 2416 #fzuhelfen, ihm
434 2339 1374 2396 darüber hinaus, daß es doch nur die maskierte
2306 2324 3245 2406 Aktschlüssen die Wage. So können die Freunde
1361 2379 2300 2448 kannt, von der Wut der Getäuschten bespieen, tot
148 2383 441 2443 statt der öden
437 2376 1383 2439 blonde Wienerin ist, die da als tragische Muse das
2298 2385 3251 2441 solcher Renaissancetragödien sagen: es war ein
1368 2415 2141 2492 oder lebendig auf die Straße zu fliegen.
171 2436 436 2502 mit denen es
430 2428 1369 2492 Zeitalter des verruchten italienischen Gewalt¬
2311 2428 3250 2482 Erfolg, und die Gegner: es war ein Durchfall.
1441 2472 2770 2539 Es ist ein schwerer Fehler, die große Zeit der #####nd beide haben Recht.
425 2467 1375 2530 menschen Cäsar Borgia abhandelt; daß diese
3005 2472 3178 2539 R. P.
433 2512 1376 2578 Edlen von Bologna, Herzöge, Höflinge und Poeten,
1370 2504 2306 2575 Renaissance heraufbeschwören zu wollen, ohne
124 2497 437 2584 chauspiel eines
1371 2557 2321 2609 einen echten Renaissance=Menschen aus dem Grab
140 2557 425 2627 rünen Kakadu“
430 2563 1380 2619 dem Wiener Anatol=Krois der neunziger Jahre
441 2601 1377 2677 des letzten Jahrhunderts näher stehen, als jenen
1371 2607 2303 2652 zu rufen. Es ist kein kleinerer Fehler, das Zeit¬
139 2609 438 2661 und ein wenig
433 2643 1098 2716 Bolognesern des 16. Jahrhunderts.
1369 2632 2319 2706 kolorit so einzig durch ein Schwelgen in Namen
136 2642 435 2707 gestrebt, daß er
1368 2689 2325 2755 zu geben und ein Riesenpersonal auf die Beine
514 2675 1373 2752 Das Schlimme bei dieser Tragödie ist: die
137 2600 442 2791 mirtat
436 2724 1365 2785 Handlung erscheint so verworren, wie die Men¬
1371 2739 2328 2802 zu bringen, ohne mehr zu erzielen, als Lärm und
1365 2784 1992 2847 Getöse von Worten und Waffen.
121 2784 438 2839 us der Revolu¬
427 2775 1367 2851 schen. Es sind Sklaven des Augenblicks, die ihrer
438 2827 1374 2886 Laune nachleben und. ihr flüchtiges Begehren zu
133 2818 437 2883 .kecken Szenen
1451 2805 2314 2885 So bleibt der letzte Eindruck ein peinlicher.
1365 2857 2314 2926 Wir sehen ein starkes Talent, das sich auch in
140 2865 436 2922 Fersuchtstragödie
446 2870 1382 2933 adeln, gutklingende Worte prägen. Nervöse, halt¬
135 2910 445 2969 nem ungeschrie¬
434 2906 1370 2956 lose, umhergerüttelte Menschen im Grunde, pro¬
1376 2907 2326 2973 Mindergelungenem nicht verleugnet, sich vergebens
439 2955 1375 3015 blematische Naturen, vom Talent durchblitzt, durch
1367 2955 2314 3017 mühen, uns zu fesseln, uns zu erwärmen, uns gru¬
135 2955 442 3013 terten Adel des
440 3002 1373 3057 Gewand und Sprache für kurze Momente der Jetzt¬
129 2995 443 3059 elnden Zeitver¬
1381 2995 2317 3062 seln zu machen. Aber seine Renaissance=Menschen
147 3042 447 3102 der Guillotine
437 3046 1380 3108 zeit entrückt und immer wieder verratend, daß sie
1372 3042 2322 3098 ragen nicht in blutiger Größe vor uns auf; sie er¬
140 3088 446 3147 ersuch, eine An¬
444 3086 1373 3163 das heiße Bomühen eines strebsamen Dichters nur
1369 3082 2319 3145 schrecken uns nur durch die Ungereimtheit ihrer
137 3128 445 3196 will, für eine
443 3124 864 3204 ins Kostüm gesteckt.
1368 3135 2332 3195 Handlungen und durch die peinliche Plötzlichkeit
131 3173 446 3237 ben, die sich
1375 3176 2322 3240 ihrer erstaunlichen Entschlüsse. Das ist alles. Und
516 3162 1378 3242 Ein Dichter, der eine geliebte Braut verläßt
131 3217 455 3287 n, aus dem
443 3219 2332 3275 um einer Sechzehnjährigen willen, die ihm mit zuweilen langweilen sie uns ein bischen und lassen
142 3266 2334 3326 ben, süßen Mä= dunklen Augen und schweren, schwarzen Flechten] uns ungeduldig warten auf die Henkersknechte des
