3248 4256
2015 175 2456 268 box 20/1
343 184 2002 296 14. Der Schleier der Beatriee
936 622 1011 688 99
1806 635 2100 715 Weltrundschau.
2856 645 2981 742 100
930 718 1539 788 Künstlerin in Frau Schratt betrifft,
2375 747 2972 818 trice Poppe. Unsere relativ beste
932 770 1533 836 so ist diese vor dem Altern bewahrt,
2375 795 2980 861 Beatrice wäre doch wohl Fräulein
932 817 1546 872 denn mädchenhafte Leidenschaft war
2366 843 2959 907 Witt. Mit herzlichem Gruß 2c. 2c.“
923 856 1546 918 nie ihre Sache. Als ganz junges
2425 890 2973 947 Um die Bedeutung dieses Brie¬
926 909 1533 963 Mädchen war sie am holdesten dann,
2364 928 2979 984 fes hat sich nun ein Kampf entspon¬
930 939 1525 1007 wenn sie nicht Mädchen spielte, son¬
2366 983 2973 1041 nen. Direktor Schleuther erfüllte
927 985 1530 1047 dern Jünglinge. Und in der Folge
2359 1009 2972 1087 nämlich Schnitzlers Wunsch nach einer
926 1041 1529 1098 lag ihre Stärke einerseits auf dem
2362 1069 2975 1138 Bestimmung des Aufführungstermins
926 1081 1533 1135 Gebiet der Salondamen und ander¬
2365 1114 2970 1176 nicht und auf die neuerliche Mah¬
923 1108 1536 1177 seits auf dem der volkstümlich öster¬
2360 1161 2960 1218 nung des Autors vom 1. Septem¬
919 1163 1526 1226 reichischen Gestalten. Die Darstelle¬
2349 1196 2974 1260 ber erfolgte die Ablehnung. Direktor
922 1204 1527 1276 rinnen der einen wie der anderen
2361 1250 2972 1304 Schlenther, der übrigens bedauert,
911 1247 1522 1319 können noch viel älter sein als Frau
2350 1286 2967 1358 nicht dem Rat des jungen Mannes
918 1292 1525 1366 Schratt — sie können sogar älter
2361 1322 2968 1390 aus Schnitzlers Liebelei „Man soll
914 1338 1522 1398 aussehen, als Frau Schratt aussieht.
2357 1368 2960 1437 nicht Briefe schreiben,“ gefolgt zu
909 1382 1526 1447 Warum verläßt also diese Künstlerin
2356 1417 2966 1472 sein, behauptet, daß der Inhalt jenes
916 1427 1518 1496 die Bühne? Warum ist sie des Thea¬
2351 1459 2960 1534 Briefes bei allem „vertraulichen
915 1462 1526 1539 ters müde? Sollte es vielleicht ein
2355 1508 2957 1556 freundschaftlichen Charakter“ doch „zu¬
912 1512 1523 1583 höherer Wunsch sein, daß die Freun¬
2358 1557 2955 1616 rückhaltend und völlig unverbindlich“
906 1559 1516 1627 din des kaiserlichen Hauses dem In¬
2359 1590 2954 1659 sei. Doktor Schnitzler dagegen, der
912 1608 1527 1670 triguenkampf auf den Brettern, die die
2362 1640 2955 1710 den Brief damals mit Erteilung des
907 1648 1511 1725 Welt des Burgtheaters bedeuten, ent¬
2348 1667 2943 1744 Erstaufführungsrechts an das Burg¬
902 1689 1138 1767 zogen wird?
2342 1731 2955 1790 theater beantwortet hat, bringt zur
967 1721 1508 1797 Der Kampf scheint ja jetzt aufs
2346 1770 2955 1833 Unterstützung seiner Auffassung des
905 1766 1504 1846 neue zu entbrennen. Zwei Jahre sind
1771 1802 2091 1881 Katharina Schratt.
2348 1807 2953 1880 „freundschaftlichen" Briefes noch einen
909 1824 1508 1889 erst vergangen, seitdem Herr Max
2347 1865 2946 1924 weiteren vom 17. Juni, in welchem
900 1868 1921 1931 Burkhardt aus dem Direktionsfessel geschleudert wurde und nun
1917 1885 2948 1967 Direktor Schleuther auf das Recht der ersten Aufführung ver¬
899 1916 1911 1979 zupft und zerrt es auch schon an seinem Nachfolger Paul Schlen¬
1924 1938 2944 2015 zichtete. Man kann doch logischerweise, so meint er, auf das
904 1969 1922 2023 ther von allen Seiten. Doktor Schleuther war früher als Kriti¬
1932 1988 2942 2051 Aufführungsrecht eines Stückes nicht verzichten, das man nie¬
902 2006 1916 2065 ker ausgesprochener Parteimann. Seiner kritischen Thätigkeit in
1930 2029 2942 2089 mals augenommen haben will. Und auf seine Seite sind sechs
901 2040 1909 2115 Berlin verdankt Gerhart Hauptmann zum großen Teil seine
1932 2070 2948 2144 namhafte Wiener Kritiker getreten, die Herren Hermann Bahr,
892 2090 1912 2149 Bühnenerfolge. Der Hauptmannschen Partei gehört nun auch
2512 2118 2947 2191 Julius Bauer, J. J. Da¬
893 2137 1910 2208 der Wiener Arthur Schnitzler-an,' insoweit eben ein Wiener
2512 2168 2941 2229 vid, Robert Hirschfeld,
891 2188 1920 2254 mit einem Norddentschen Gemeinsames haben kann. Direktor
2503 2202 2938 2277 Felix Salten und Ludwig
892 2228 1914 2292 Schlenther kam also als Schnitzlers Freund nach Wien und
2506 2255 2933 2320 Speidel, die in den Wie¬
888 2270 1918 2326 er brachte ja auch bereits einen Schnitzler=Abend, wie er einen
2496 2304 2931 2364 ner Zeitungen eine lange
897 2312 1919 2384 Hauptmann=Abend gebracht hat. Aber dann schien es doch, als
2491 2341 2930 2409 Erklärung veröffentlich¬
891 2373 1913 2430 ob Schleuthers alter Parteieifer erkaltet wäre. „Jedes zu große
2503 2387 2932 2453 ten, die mit den Worten
894 2405 1915 2469 Übergewicht auf einer Seite stört die Freundschaft,“ hat schon
2495 2432 2940 2497 schließt: „Wir erachten es
883 2450 1908 2515 der alte Knigge gesagt. Im Dezember vorigen Jahres reichte
2498 2483 2924 2541 im Interesse der Autori¬
889 2486 1911 2547 nun Arthur Schnitzler, der Verfasser der auch in Deutschland
2493 2527 2939 2585 tät des Direktors des
879 2533 1913 2606 wiederholt aufgeführten Stücke „Liebelei“ und „Freiwild,“ sein
2500 2557 2927 2635 Burgtheaters für geboten,
882 2576 1912 2647 neuestes Werk „Der Schleier der Beatrice“ dem Burgtheater ein
2497 2610 2930 2671 daß sein in Ausübung des
879 2625 1898 2682 und nach der Erklärung des Autors besprach er mit dem Direktor
2499 2655 2934 2711 Amtes hinausgegebenes
885 2669 1901 2721 schon bei einer bald darauf erfolgten Begegnung Besetzungs¬
2500 2697 2933 2760 Wort einer gewissen Ver¬
886 2711 1899 2782 fragen. Ein Bedenken gegen die Aufführbarkeit wurde nicht
2496 2740 2919 2806 läßlichkeit nicht entbehre.“
879 2762 1895 2823 geäußert. Hierauf erfolgte die Übergabe der gedruckten Exem¬
2065 2761 2364 2835 Arthur Schnitzler.
2492 2778 2921 2845 Dagegen bestreitet aller¬
881 2807 1897 2862 plare und sechs Wochen später traf folgendes Schreiben des
1901 2800 2927 2888 dings Direltor Schleuther in seiner Eutgegnung, ein bindendes
876 2847 1896 2913 Direktors im Hause Schnitzler ein: „Lieber Dr. Schnitzler!
1908 2857 2347 2920 Wort gegeben zu haben.
885 2890 1882 2948 Anbei das Resultat meiner ersten flüchtigen Durcharbeitung.
1958 2892 2911 2979 Die ganze Streitfrage geht über eine Theatersensation eigent¬
879 2924 1897 3004 Nicht alle meine Striche sind mir selbst schon zweifelsohne.
1904 2936 2913 3016 lich hinaus. Sie hat auch abgesehen davon ein Recht darauf,
875 2974 1897 3048 Am strittigsten wohl die Weglassung des Andrea. Freund¬
1901 2983 2921 3062 in einer Weltrundschau als pikante Zeitillustration vermerkt zu
1463 3018 1888 3087 schaftlich warnen möchte
1904 3022 2916 3091 werden, und ein Philosoph könnte daraus ein ganzes Buch spinnen.
1458 3074 1890 3124 ich Sie vor dem Deutschen
1900 3075 2914 3158 Aber überlassen wir das den Philosophen und schließen wir
1449 3111 1888 3177 Theater, das bei seinem
1900 3130 2928 3184 unsere Zeilen mit der Hoffnung, daß sich vom alten herrlichen
1455 3152 1886 3226 jetzigen Personal, ohne
1895 3166 2916 3243 Burgtheater bald wieder glänzende Thaten berichten lassen und
1459 3202 1894 3260 Kainz und Sorma, der
1899 3218 2920 3282 nicht bloß ein Zank zwischen Autor, Kritikern und Direktor
1459 3249 1889 3308 Riesenaufgabe nicht ge¬
1893 3260 2912 3333 und der Rücktritt einer so interessanten Künstlerin wie Katha¬
1451 3286 1883 3350 wachsen ist. Übrigens
1894 3298 2159 3360 rina Schratt.
1454 3331 1880 3393 würde ich die Erstauffüh¬
1949 3339 2911 3411 Zu unseren Porträts bemerken wir noch, daß Ludwig
1452 3383 1882 3445 rung am Burgtheater zur
1893 3391 2909 3465 Speidel, einer unserer hervorragendsten Feuilletonisten, der
1444 3411 1881 3485 Vorbedingung der An¬
1887 3432 2908 3499 langjährige Schauspiel=Kritiker der Neuen Freien Presse ist.
1450 3466 1872 3528 nahme machen. Ichglaube,
1890 3483 2906 3551 Zugleich schreibt er für das Fremdenblatt Musik=Rezensionen.
1448 3511 1874 3573 nur das Burgtheater kann
1892 3519 2906 3598 Speidel ist ein geborener Schwabe, im April dieses Jahres
1447 3558 1880 3609 dieses Stück spielen. In
1887 3560 2911 3641 hat er seinen siebzigsten Geburtstag gefeiert. Die Würde des
1447 3595 1874 3654 Berlin allenfalls die Hof¬
1889 3602 2913 3686 Burgtheaterdirektors, die ihm einmal angetragen wurde, lehnte
1440 3637 1881 3703 bühne. Filippo Christians,
1884 3650 2904 3720 er damals ab. Hermann Bahr hat in den letzten Jahren
986 3660 1339 3738 Direktor Schlenther.
1449 3688 2914 3786 Herzog Matkowski, Bea=, mit seinem Wiener Stück „Das Tschaperl“ und der Komödie
