3484 4224
1915 135 2365 238 box 20/6
234 154 1763 269 14. Der Schleien der Bestrice
1563 726 2002 817 Burgtheater=Première.
953 769 1043 851 36
1926 805 2618 876 ernster, sagte mir Franz, welcher
989 832 1848 953 Dörmann, filtenberg. Bahr, Ebermann, Schnitzler.
1927 866 2622 946 glaubt, daß ihn die engen, manch¬
1934 904 2636 990 mal wohl unerquicklichen Verhält¬
1929 965 2407 1039 nisse Wiens bedrücken.
2008 1003 2640 1083 Franz meint, er möchte um
1942 1046 2638 1124 keinen Preis der Welt ein Wiener
1479 1089 1537 1175 9
1944 1109 2642 1172 Dichter sein. Keine Stadt der Welt
1941 1149 2642 1233 benehme sich so unfreundlich und
1950 1201 2641 1275 gehässig gegen ihre Dichter — aber
1259 1233 1335 1268 44
1938 1245 2642 1326 ich glaube, Franz übertreibt, und er
1055 1208 1668 1498 geree
1934 1291 2648 1363 möchte doch ganz gern ein Dichter
1948 1352 2635 1433 sein, selbst auf die Gefahr hin, ver¬
1954 1400 2591 1470 kannt und angepöbelt zu werden —
1950 1437 2639 1517 weißt Du, hart ist es doch, daß
1946 1498 2650 1581 das Burgtheater nicht den Mut
1954 1538 2645 1615 besessen hat, Schnitzlers Versstück
1964 1591 2649 1670 Beatrice“ aufzuführen. Franz sagt,
1963 1640 2660 1723 Kainz wäre schuld, dem hätte das
1964 1694 2663 1767 Stück nicht gefallen. Ich ärgere
1975 1735 2660 1806 mich immer, wenn Schauspieler über
1972 1793 2657 1866 ein Stück urteilen und Meinungen
996 1791 1937 1918 SRR TWENSRVNSNLE
1971 1838 2661 1908 haben dürfen. Schauspieler verstehen
1979 1883 2659 1958 doch am allerwenigsten ein Stück, und
1016 1868 1910 1959 Eine Blattseite aus der secessionistischen Zeitung
1164 1927 1770 2009 der Concordia vom 17. April 1899.
1966 1934 2664 2012 vielleicht Kainz am wenigsten, der seine
997 1978 2668 2076 Leben in den Gängen des Parketts und Meinungen so rasch wie seine Stimmungen
1824 2029 2676 2110 und Hemden wechselt. Weißt Du noch, wie
994 2055 1833 2138 zwischen den Logen ist in Wien viel leb¬
989 2074 2668 2174 hafter entwickelt wie bei uns. Man hat das er sich einmal bei uns für das öde Stück
1841 2134 2671 2216 „Die Könige“ begeisterte, das dann so jäm¬
999 2155 1839 2233 Gefühl, in einem großen Salon zu sein, in
997 2182 2676 2280 dem sich alle Leute kennen. Zwei Logen von merlich durchfiel — und mit Recht. Nun,
1006 2224 2685 2325 mir entfernt saß Marie Engenie delle Schnitzler ist ja Gott sei Dank noch jung,
1001 2292 2691 2376 Grazie. Eine mittelgroße, zarte Erscheinung wird noch sehr viel schreiben, und was die
1001 2350 1850 2434 mit einem blassen, beweglichen Gesicht, einer
1005 2396 1848 2479 eleganten, leichtgebogenen Nase und einem
1006 2442 1858 2528 energischen, zusammengepreßten Mund. Ich
1009 2497 1855 2563 mußte unwillkürlich an einen herben Kraben¬
1007 2553 1861 2617 kopf des Trecento denken. Diesem Kopf glaubt
1014 2608 1866 2669 man seine Werke, über diese Lippen konnten
1015 2635 1850 2726 die wilden Versfluten des „Robespierre“ ge¬
1023 2683 1858 2768 rollt sein, und hinter dieser tiefernsten Stirn
1014 2741 1872 2817 wohnte die Energie, die alle Gedankenwelten
1018 2793 1869 2878 durchforscht, um sich ihr aufgehäuftes Gold
1020 2822 1876 2924 eigen zu machen und es in neuer Prägung
1023 2894 1869 2970 weiter zu schenken. Neben ihr ein blasses,
1027 2932 1880 3017 durchgeistigtes bartloses Antlitz: Laurenz
1031 2979 1874 3071 Müllner, Priester und Philosoph, Professor
1042 3027 1877 3099 und ehemaliger Rektor der Universität, der
1034 3082 1878 3166 Mentor, sagt man, und der Lehrer delle Grazies.
1117 3125 1871 3212 Den vielumschwärmten, ach so interes¬
1034 3173 1873 3248 santen Arthur Schnitzler erkannte ich
1049 3217 1886 3304 natürlich, ohne Vetter Franz zu brauchen; er
1037 3273 1884 3359 ist ja in Berlin gerade so oft und gern ge¬
1040 3308 1879 3401 sehen wie in Wien. Er wäre mein Ideal,
1040 3371 1879 3444 wenn er ein bißchen schlanker wäre. Schnitzler
2056 3404 2525 3500 Hugo von Hofmannsthal.
1040 3422 1887 3516 sah sehr ernst aus, er wird überhaupt immer
