3484 4256
1943 181 2392 290 box 20/4
273 179 1804 287 14: Der Schleien derBeatrice
466 1524 3369 1579 kann des großen Gefühls nicht entbehren. Stimmungen, ernstlich ein Renaissance=Drama zeigen will. Die Politik der wendig und darum nicht
469 1575 3367 1674 Anatol=Stimmungen können nicht die Ursachen sein für Zeit nimmt einen breiten Ranm ein in dem Stücke. Die nur das Nothwendige wi
465 1613 2851 1719 die furchtbaren Peripetien eines Trauerspiels. Stimmungen, bedeutenden Gestalten der Epoche tauchen auf. Kein Gerin¬
2839 1652 3314 1732 nicht immer, was
470 1665 1657 1734 wie gesagt, sind keine Schicksale. Und Anatol, der
1648 1684 2853 1752 gerer als Cesare Borgia selbst zieht vor die Mauern von
2840 1693 3379 1768 Charaktere unklar und
467 1720 1654 1793 paradoxe Anatol, ist unmöglich im Augenblick, wo er sich
1654 1717 3367 1815 Bologna, um den Herzog, einen Bentivovlio, aus derschließlich, daß das, wa
463 1754 1669 1844 ernst nimmt und den Anspruch erhebt, für tragisch zu
1658 1777 2852 1862 Stadt zu verjagen. Es wird gemordet vor und hinter der
2833 1789 3376 1871 macht, eigentlich nur di
457 1804 1655 1871 gelten. Da also Schnitzler's Tragödie nicht mit einem
1644 1819 2850 1900 Scene, Todesurtheile werden gefällt, Frauen werden ge¬
2843 1840 3150 1917 Personen ist.
460 1863 1622 1932 starken Gesühl, sondern mit Stimmungen erfüllt ist, so is
1645 1872 2847 1949 peitscht, Augen werden ausgestochen, weil es eben die Sitten
2920 1882 3367 1962 Launisch vor Allem
471 1901 1655 1992 es, als fehlte ihr die Seele; und da ihr die Seele fehlt,
1649 1915 2848 1995 der Zeit so mit sich brachten. Da der Dichter so viel histo¬
2844 1929 3370 2000 aus Bologna, Tochter des
453 1944 1654 2012 bewegt sie auch nicht die Seelen der Zuschauer. Das
1655 1966 2846 2058 rische Prätentionen kundgibt, da er so beflissen ist, die Sitten
2836 1989 3369 2058 Dichter Filippo Loschi u
462 1996 1657 2073 Glück und das Leid in diesem Drama gehen nicht zu
1655 2014 2843 2087 der Zeit zu schildern, erwartet man nun auch, daß er die
2838 2027 3364 2104 und will mit ihm entfliel
455 2042 1650 2126 Herzen, weil sie nicht aus der Tiefe des Herzens kommen.
1647 2066 2842 2131 Gefühle der Zeit schildern, oder vielmehr, daß er Gefühle
2831 2069 3364 2150 wandlung von Eifersucht
455 2090 1660 2152 Und alle die Stimmungen, die es schildert, so fein und
1653 2107 2841 2197 schildern wird, die zu seiner Zeitschilderung passen. Die
2831 2129 3367 2201 Eltern zurück und schen
457 2130 1659 2205 reizend auch manchmal die Schilderung ist, vermögen
1644 2151 3367 2243 Renaissance erscheint bei Schnitzler als eine Epoche der! Vaters, Gehör, der sie all
457 2179 1659 2244 nicht zu erwärmen und zu ergreifen, weil eben diese
1650 2205 3365 2293 entfesselten Leidenschaften: die Dolche fahren im Nu in die läßt Vittorino die Hochz
461 2236 1645 2317 Stimmungen aus gar zu kleinen Gefühlen hervor¬
1648 2247 3360 2331 Herzen. So muß denn auch wol die Liebe unter Donner Beatrice will lieber dem
450 2281 796 2369 gegangen sind.
1644 2301 3356 2377 und Bliz sich entladen haben. Man erwartet ein Wüthen) vor dem Entscheidungskan
547 2332 1644 2401 Dabei will „Der Schleier der Beatrice“ sogar eine
1654 2347 3312 2429 der Liebesleidenschaften. Und es gleiten nur dämmerige Nacht also, die viellei
457 2356 1645 2452 Renaissance=Tragödie sein. Daß ein moderner Dichter die
1643 2395 2863 2478 Liebesstimmungen vorüber. Nein, wirklich, der Contrast ist
2840 2412 3308 2482 Stadt sein wird, das
454 2423 1648 2496 echte Renaissance=Liebe schildert, wird Niemand bean¬
1639 2433 2837 2519 zu schroff zwischen der großen Zeit, die in dem Drama
2826 2463 3362 2536 Liebesgefährtin umfangen
455 2470 1650 2545 spruchen. Sie ist seit vier= bis fünfhundert Jahren todt,
1639 2479 2837 2554 vorgestellt werden soll, und den kleinen Gefühlen, die in
2829 2509 3014 2577 Herzog
3076 2502 3324 2578 gefällt ihm
469 2529 1653 2604 und ihr Geheimniß ruht im Grabe bei den Männeru und
1643 2537 2838 2611 ihm wirken — zwischen den grausigen Thaten und ihren
2829 2546 3325 2628 nun einmal nicht anders
455 2574 1653 2633 Frauen, die sich damals geliebt haben. Allerdings erhält
1641 2584 2836 2672 winzigen Beweggründen. Und Anatol kann nicht als Re¬
2832 2602 3361 2680 fährt und sie nicht als Ge
460 2623 1651 2670 man Kunde durch einige Bücher. In den „Gesprächen“
1637 2634 2669 2706 naissance=Mensch zu Cesare Borgia gesellt werden.
2828 2657 3358 2725 regelrechter Trauung im
450 2662 1649 2734 des Aretin beispielsweise, die kürzlich in meisterhafter Ver¬
1744 2675 2837 2756 Stimmungen, wie gesagt, bilden die Motive der
2832 2680 3376 2775 Schloß geleitet. So wen
462 2714 1653 2790 deutschung erschienen sind, hat auch die Liebe jenen ge¬
1643 2707 2838 2806 Handlungen in diesem Drama, Stimmungen, denen man
2819 2747 3359 2820 dreimal im Laufe eines
461 2763 1645 2845 waltthätigen Zug, welcher der Zug der Zeit war. Aber,
1639 2778 3358 2866 es nicht anmerkt, daß sie durch ein starkes Gefühl ein= Abend noch nicht zu Ende
457 2806 1644 2881 wie gesagt, historische Treue kann hier nicht verlangt
1644 2833 3370 2919 gegeben sind. Daß auch solche Stimmungen im Leben eine male zu wenden. Denn nach
458 2867 1653 2942 werden, umsoweniger, als die Möglichkeit der Controle
1634 2871 2829 2943 Rolle spielen, ist zweifellos; und daß sie künstlerisch sich
2812 2886 3323 2965 dem Dichter zu flieben,
462 2908 1639 2984 fehlt. „Monna Vanna“ nennt sich auch ein Renaissance¬
1642 2916 2822 2984 verwerthen lassen, hat Schnitzler eben in seinen Anatol¬
2825 2931 3358 3004 die Hand hat reichen woll
454 2966 1642 3027 Drama, und es hat der Wirkung des Stückes nichts ge¬
1644 2973 2820 3036 Scenen gezeigt. Für diese zarten und anmuthigen Werke
2826 2974 3365 3059 des Herzogs geworden ist,
450 2993 1655 3075 schadet, daß Maeterlinck von der Renaissance sich nur das
1640 3010 2828 3095 der Kleinkunst reichen sie aus. Im Drama, im ernsten
2811 3032 3379 3106 ihrem herzoglicher Gatten
449 3046 1655 3119 Costüm ausgeliehen hat um moderne Menschen darein zu
1637 3068 2832 3158 Drama, sind sie nicht zu gebrauchen; und sie sind hier
2819 3082 3348 3150 heimlich das Schloß und
451 3092 1642 3170 kleiden. Maeterlinck freilich schlägt nur hie und da ein
1634 3107 3363 3197 namentlich unmöglich als dramatische Motive. Es geht sicht, mit diesem zu sterben
457 3137 1637 3199 Renaissance=Motiv an und läßt im Uebrigen die Hand¬
1639 3165 2827 3241 nicht an, im Drama Handlungen durch Stimmungen zu
2808 3186 3374 3243 dieser Absicht dadurch geh
456 3195 1651 3276 lung seines Dramas sich abspielen, ohne sich viel um die
1639 3207 2820 3288 motiviren, die selbst nicht genügend motivirt sind. Und da
2812 3216 3326 3295 kenntniß kommt, Leben
454 3238 1642 3310 historische Epoche zu kümmern. Der Zuschauer merkt bald,
1641 3254 2818 3335 die Hauptpersonen des „Schleier der Beatrice“ fast nie¬
2811 3269 3373 3357 sie wieder den Dichter ve
448 3276 1646 3358 daß er lediglich eine Maskerade sieht, aber der Autor be¬
1630 3296 2825 3388 mals unter der Einwirkung eines starken Gefühles, sondern
2804 3308 3027 3400 zukehren.
447 3329 1642 3410 müht sich nicht erst, zu widersprechen. Schnitzler hingegen
1642 3351 2819 3433 fast immer unter der Herrschaft solcher Stimmungen
2905 3347 3373 3431 Bei alledem ist Beatr
452 3388 3383 3507 bringt immer wieder in Erinnerung, daß er wirklich uns handeln, so erscheint das, was sie thun, nicht immer noth= echt Schnitzlei'sche Mädchen
