3248 4256
298 157 1823 255 14. Der Schleien der Beatrice
879 1095 1281 1172 Telefon 12801.
409 1183 1761 1294 Alex. Weigl's Unternehmen für Zeitungs-Ausschnitte
1420 1267 1613 1332 Ausschnitt
757 1291 806 1367 1
750 1309 1758 1429 „JBSERVER“ Nr. 42
411 1306 632 1443 105
366 1417 1816 1485 I. österr. behördl. conc. Bureau für Zeitungsberichte u. Personalnachrichten
530 1473 1649 1588 Wien, IX Türkenstrasse 17.
717 1571 1399 1657 — Filiale in Budapest: „Figyelé“
362 1625 1808 1734 Vertretungen in Berlin. Chicago, Genf, London, Newyork, Paris, Rom, Stockholm.
361 1747 890 1853 Ausschnitt aus:
996 1734 1717 1870 Der Floh, Wien
364 1887 792 2021 vom %
608 2504 1629 2596 Jemehr „Erklärungen“ in der Affaire Schlenther¬
514 2566 1642 2646 Schnitzler veröffentlicht werden, desto unerklärlicher
530 2626 990 2684 st der ganze Vorgang.
812 2644 1364 2740 Bezugs-Bedingungen:
390 2721 1511 2797 Für 50 Zeitungsausschnitte (Artikel oder Notizen) Kr. 15.—
1574 2727 1763 2818 inclusive
473 2774 576 2821 100
1404 2736 1583 2844 28—
1583 2797 1737 2849 Porto
468 2813 576 2858 200
1404 2814 1533 2873 50 —
1372 2834 1750 2914 110—. Zahlbar
468 2852 573 2902 500
1356 2873 1772 2956 „ 200 — im Voraus.
429 2870 590 2962 „ 1000
475 2938 1810 3009 Im Gegensatze zu anderen Bureaux für Zeitungsausschnitte ist das
358 2983 1810 3051 Abonnement durch keine bestimmte Zeitdauer begrenzt: — auch steht es den
368 3033 1643 3095 Abonnenten frei die aufgegebenen Themen zn ergänzen oder zu ändern.
480 3107 1800 3174 Der „OBSERVER“ veranstaltet täglich einen Auszug enthaltend die
357 3129 1797 3198 Inhaltsangabe aller wichtigen Mittheilungen der Wiener Morgen¬
357 3195 1780 3253 blätter (Tagesjournale ausser „Neue Freie Presse“ und „Wiener Zeitung
359 3240 1807 3289 wodurch einer Uehersicht über das gesammte politische und wirthschaftliche Leben
357 3273 1813 3344 des in- und Aßslandes in drastischer Kürze geboten wird. Diese Mittheilungen
366 3315 1172 3385 werden in Wienum 9 Uhr Früh verschickt.
624 3388 1492 3479 Prospecte gratis und franco
1976 145 2395 246 box 20/1
2364 441 2706 536 Telefon 12801.
2036 513 3148 624 Weigl's. Baternehmen für Zeitungs-Ausschnitte
2873 598 3038 655 Ausschhlft
2147 646 2651 771 „Aeden
1832 719 3252 860 I. österr. behördl. conc. Bureau für Zeitungsberichte u. Perschalnaenrinten
2002 810 3092 912 Wien. IX Türkenstrasse 17.
2200 902 2869 1002 - Filiale in Budapest: „Figyeló“ -
1814 944 3253 1069 Vertretungen in Berlin. Chicago, Genf, London, Newyork, Paris, Rom, Stockholms
1810 1093 2338 1194 Ausschnitt aus:
2256 1167 3028 1246 Die Bombe, Wien
1819 1228 2257 1350 vor  3
2218 1645 2275 1728 2
2182 1782 2248 1858 0
2755 1795 2923 1905 K
2105 1851 2242 1984 g.
3074 1960 3111 2000 —
3154 2034 3249 2121 ive
1875 2078 1994 2147 Für
2113 2078 2687 2186 EHENEIEI
3136 2151 3250 2262 ale.
2618 2136 3140 2285 Pr WOCHE
2172 2229 2968 2370 Den Schnitzlen-Rummel.
3138 2299 3254 2371 es d6
1856 2323 1984 2394 Abor
2060 2335 3173 2452 Wäre Director Schienther der Leiter einer Privatbühne
1853 2381 2604 2459 Abo — so hätte er bereits ausgespielt.
3130 2419 3234 2489 Ind
2046 2439 3257 2539 Nahezu die ganze deutsch-liberale Presse hat sich gegen ihn#
1860 2492 1947 2558 Inl
1959 2484 3173 2594 erhoben und in ungewöhnlicher Form die bedenklichsten Beschwerden
1956 2521 2390 2598 gegen ihn vorgebracht.
1853 2520 1904 2597 1
1869 2584 1957 2631 Wo
2038 2583 3164 2710 Sechs namhafte Kritiker haben in den ihnen zur Verfügung
1869 2622 1924 2669 (1%
1947 2632 3153 2750 stehenden Blättern einen Collectivprotest veröffentlicht, deg unter
1944 2688 3144 2788 den „Mittheilungen aus dem Publicum“ erschienen ist und
1942 2725 3140 2836 Director Schlenther in bedenklicher Beleuchtung erscheinen
1945 2770 3147 2899 lüsst. Wer aber glaubt, die Stellung des Angegriffenen sei dadurch
1939 2832 3149 2947 erschüttert, irrt sich. Im Gegentheil, jetzt gerade wird verkündigt,
1938 2877 3036 2982 die Stellung Schlenther’s sei eine definitive geworden.
2015 2938 3145 3043 Nach unserer Privatmeinung ist der ganze Rummel unnöthiger
1938 2974 3139 3087 Weise inscenirt worden. Herr Schnitzler, der ungewöhnliche
1925 3010 3143 3134 Erfolge als dramatischer Dichter davongetragen hat, ist ein bischen“
1931 3071 3132 3165 wehleidiger als nothwendig und betrachtet die Ablehnung eines
1923 3127 3140 3251 seiner Stüch:  Sacrilegium. Nach Allem, was man hort, hat
1919 3159 2152 3234 Diraghar
2309 3183 2982 3262 er von Haus aus den „Schleie
1919 3207 2154 3274 Beamnsc
2773 3223 3123 3295 äillelzegne ur der
2260 3219 2808 3332 recht gemocht und nur ge###
2968 3258 3124 3343 ens-
2787 3277 3010 3349 #r Freicn¬
2060 3303 3036 3441 ürdigen Dichter klipp und klar seine Meinung zu#“
2019 3326 2195 3418 Sagen.
2125 3394 3002 3513 Schnitzler, der holde Träumer, konnte es“
2023 3441 2985 3568 gar nicht fassen, dass er, der Dichter der „Liebelei“,
2019 3496 2992 3600 nicht sofort mit weitgeöffneten Armen aufgenommen
2012 3536 2988 3660 wurde, und war naturgemäss höchst betroffen, als diet
2014 3585 2983 3720 endliche Ablehnung schwarz auf weiss zu lesen war.
2096 3654 2975 3777 Seine erbiterte Stimmung Anden wir verscihlich,
2007 3698 2974 3822 denn die Dichter sind nach Horaz ein reizbares;
2002 3752 2966 3867 Geschlecht. — Man kann es ihnen sogar nicht ver¬
1996 3794 2971 3917 anen, von schon Verminderungen oder Vereögerungen!
1990 3847 2965 3971 des Tantiemenbezuges sie in wehmüthige Stimmung
1984 3902 2963 4029 versetzen, denn auch Dichter wollen leben, und
1980 3948 2955 4062 namentlich moderne Dichter müssen viel ausgeben.
1982 3986 2941 4117 Der deutsche Poct von heute ist nämlich nicht mehr
1972 4049 2949 4153 das verlumpte Genie, welches nie einen ganzen
1976 4086 2934 4196 Rock trägt und oft kein Hemd hat. Ein moderner
1974 4133 2310 4219 —
