3436 4256
1350 206 1424 269 B
263 195 1903 309 14: Der Schleier der atrice
892 926 1300 991 Telefon 12801.
418 1022 1773 1114 Alex. Weigl's Unternehmen für Zeitungs-Ausschnitte
1427 1089 1628 1153 Ausschnitt
336 1076 617 1201 Sa (,
748 1144 1740 1230 JODSENVER Nr. 40
348 1248 1731 1319 I. österr. behördl. conc. Bureau für Zeitungsberichte u. Personalnachri
548 1301 1654 1384 Wien, IX/1, Türkenstrasse 17.
745 1398 1456 1465 — Filiale in Budapest: „Figyeló“ —
359 1473 1726 1547 Vertretungen in Berlin, Chicago, Genf, London, Newyork, Paris, Rom, Stock
353 1541 1597 1654 Ausschnitt aus: „Oesterrecliien
367 1707 942 1856 vom 3.WLI G0V
627 1997 1441 2107 „Der Schleier der Beatrice.“
611 2055 1547 2167 Am Samstag fand im Breslauer Lobe¬
530 2112 1538 2206 theater die Erstaufführung von Schnitzler's
530 2163 1521 2248 fünfaktigem Drama „Der Schleier der Beatrice“
523 2200 1538 2293 statt. Der Dichter, der der Premiere beiwohnte, durfte
518 2230 1537 2338 sich nach dem dritten Akte zweimal, nach dem vierten
528 2286 1526 2366 Akte einmal zeigen. Auch die ganderen Akte fanden
512 2334 1528 2427 Beifall, doch auch nicht wegzuleugnenden Widerspruch.
527 2381 1522 2466 „Es sei von vornherein bemerkt, daß der Erfolg und
522 2417 1528 2510 der Beifall sicherlich wesentlich größer gewesen wären,
506 2450 1531 2557 wenn nicht die Aufführung, vor Allem durch die Besetzung
521 2500 1557 2602 der Hauptrolle, dem Eindrucke wesentlichen Abbruch ge¬)
392 2538 498 2611 Für
495 2548 1727 2656 lthan hätte. Aber es will mir scheinen,“ schreibt Doktor— ineiu
1607 2612 1716 2668 Por
491 2593 1542 2686 1(Hamburger in der „Breslauer Zeitung", „daß auch bei—
1588 2649 1723 2700 Zahl
473 2642 1711 2759 2besserer Aufführung ein stärkerer Beifall wohl mehr dey— im Vo
470 2683 1521 2766 5(Schönheiten des Werkes, als dem schönen Werke ge
413 2712 1706 2815 „ l0sgolten haben würde. Denn Schnitzler ist hinter der schnitte ie
491 2771 1689 2860 I Ziel, das er sich gesteckt, zurückgeblieben; es ging überich steht
363 2793 1664 2900 Abonneibie Kraft ... Im „Schleier der Beatrice“ schildert gé ändern.
360 2852 1510 2944 AbonneiItalien zu den Zeiten der Borgia, in denen kraft¬
508 2901 1704 2989 volle Männer und schöne Frauen in heißerg enthalte
488 2934 1709 3025 WLust und starker Begierde sich als skrupellosejer Nor
366 2953 1712 3068 Inhali=Lebenskünstler das Leben herrlich gestalteten, in denen WWiener Zei
367 3011 1704 3112 blüttsich die Natur des Menschen in ihrer gewaltigsten Größe schaftliche
368 3054 1701 3158 wodureloder in ihrer tollsten Verzerrung zeigte. Aber Schnitzler###e Mittnei
369 3086 1503 3200 des Ingenügte es noch nicht, jene gluthvolle Epoche zu
364 3127 516 3192 werden
498 3139 1508 3238 schildern; er thürmte einen Berg auf den anderen. Denn
499 3198 1508 3299 er führt uns nach Bologna an jenem Abend und in
492 3234 1495 3322 jener Nacht, die dem Tage scheinbar sicheren Unterganges
486 3286 1495 3383 durch die Heerschaaren des Cesare Borgia vorangehen, also
479 3309 1483 3408 in eine Zeit, in der das Leben ein tausendfach köstliches
479 3376 1492 3465 Gut wird, in der jede Sekunde eine Ewigkeit bedeutet.
487 3399 1475 3487 Sollten wir aber den Taumel solcher Zeit verstehen, so
480 3454 1489 3564 muß das Schauspiel von solcher Gluth und Leidenschaft
475 3492 1486 3610 überströmen, daß es den Hörer stürmisch mit fortreißt,
466 3543 1489 3642 und es muß in solchem Glanze und in solcher Schönheit
474 3592 1489 3694 strahlen, daß es wie die Verkörperung der Lebenslust
461 3637 1478 3716 und Lebensfreudigkeit erscheint. Diese Kraft und dieser
462 3678 1485 3767 Glanz finden sich aber wohl an einzelnen Stellen, dem
455 3713 1059 3812 Drama als Ganzen fehlen sie.“
1939 203 2392 309 box 20/2
2315 1202 2728 1276 Telefon 12801.
1849 1301 3214 1382 Alex. Weigl’s Unternehmen für Zeitungs-Ausschnitte
2875 1368 3062 1420 Ausschallt
2183 1412 3196 1504 „OBSERVEK Nr. 68
1792 1517 3252 1593 I. österr. behördl. conc. Bureau für Zeitungsberichte u. Personzlnachrichten
1974 1588 3088 1677 Wien, IX, Türkenstrasse 17.
2200 1656 2899 1753 Fillale in Budapest: „Figyelé“ —
1799 1734 3241 1810 Vertretungen in Berlin, Chicago, Genf, London, Newyork, Paris, Rom, Stockholm.
1797 1837 3076 1946 Ausschnitt aus:
1803 2002 2362 2129 vom I000
2020 2338 2770 2436 Breslau, 1. Dez. Im Lobe=Theat
2990 2380 3085 2451 heute
1942 2392 2711 2467 Schnitzlers „Schleier der Beatri
1954 2440 2706 2516 aufgeführt. Das Haus war überfüllt.
1951 2471 2680 2556 in den ersten Akten überaus wirk
1951 2515 2065 2567 war
2063 2523 2667 2593 glänzend. Nach dem ersten
1943 2553 2657 2633 spruch laut, der vierte Akt hatte sta
1943 2595 2647 2671 war schwächer. Schnitzler erschier
1940 2628 2668 2711 Rampe. Das Schauspiel, ein mächtige
1945 2676 2705 2747 des Cesare Borgia, jener Zeit voll L#
1945 2711 2778 2802 lust, zeigt mehr den Dichter als
1932 2743 2222 2824 in Schnitzler.
1838 2807 2928 2894 Für 50 Zeitungsausschnitte (Artikel oder Notizen) . Kr. 15.
2841 2844 3219 2934 28 — inelusive
1922 2872 2020 2922 100
3029 2887 3198 2935 Porto.
2850 2911 2966 2958 50.—
1923 2915 2024 2962 200
3019 2911 3205 2975 Zahlbar
2796 2943 2974 3001 „ 110.—
1909 2949 2028 3004 500
2620 2929 2690 3007 3
2801 2955 3231 3053 „ 200.— im Voraus.
2624 2992 2704 3044 „
1848 2987 2031 3067 „ 1000
1935 3027 3261 3096 Im Gegensatze zu anderen Bureaux für Zeitungsausschnitte ist das
1804 3074 3265 3142 Abonnement durch keine bestimmte Zeitdauer begrenzt; — auch steht es den
1804 3115 3105 3182 Abonnenten frei die aufgegebenen Themen zu ergänzen oder zu ändern.
1927 3198 3262 3249 Der „OBSERVER“ veranstaltet täglich einen Auszug enthaltend die
1813 3256 3269 3301 Inhaltsangabe aller wichtigen Mittheilungen der Wiener Morgen¬
1810 3281 3256 3338 biätter (Tagesjournale ausser „Neue Freie Presse“ und „Wiener Zeitung“)
1805 3324 3256 3383 wodurch eine Uebersicht über das gesammte politische und wirthschaftliche Leben
1814 3363 3258 3404 des In- und Auslandes in drastischer Kürze geboten wird. Diese Mittheilungen
1810 3401 2633 3468 werden in Wien um 9 Uhr Früh verschickt.
2105 3474 2952 3561 Prospecte gratis und franco.
