3156 4320
528 264 930 351 Lobetheater.
170 311 1300 402 „Der Schleier der Beatrice". Schauspiel in 5 Akten
513 369 935 438 von Arthur Schnitzler.
121 418 1374 462 Der Wiener Schnitzier hat uns bislang nur kleine „Wiener Schnitzel“
59 446 1382 527 beschert, pikante Sächelchen, zumeist stark gewürzt und in der Butter
59 498 1374 567 moderner Lüsternheit gebraten. Diesmal serolent er uns etwas Großes,
65 540 1384 617 einen umfangreichen Wiener Rostbratel. Gunz frisch von der Pfanne
57 569 1376 656 kam er auf den Beeslauer Tisch. Und es hatten sich sehr, sehr viele
55 625 1379 679 Feinschmecker eingefunden, die mit gierigen Nasen den prickelnden haut
56 671 1375 728 goüt zu riechen schmachteten. Nun glauben wir aber, sie sind nicht
49 694 1392 749 pöllig auf ihre Rechnung gelommen; denn das mächtige Stück!
57 736 1362 804 „Schweinernes“ (wie man in Wien sagt) war nicht so
52 772 1376 845 gut durchgebraten, wie seine Einakter und kleineren Dramen.
52 830 1375 898 Es war sogar stellenweise erschrecklich zähe und bis zum Ende des zweiten
57 871 1369 919 Aktes nur mit Mühe genießbar. Herr Schnitzler wollte einmal so recht
27 913 1372 969 was Großes, Saftiges zubereiten, aber, wie Kollege Björnstjerne Bisenson
57 948 1376 998 sagt, es ging „über die Kraft“, Seine fünffüßigen Jampen (es ist ein
56 984 1370 1027 Jambendrama) sind ja zum Teil voll Schwunges und edlen Pathos:
56 1020 1374 1082 daß Schnitzler ein Mann von starkem Talent ist können wir nicht
56 1055 1372 1127 leugnen. Aber das Talent zu einem fünfaktigen Versdrama, das uns
52 1100 1374 1165 im großen geschichtlichen Rahmen, in der Glut südlicher Farben und
50 1133 1366 1196 Töne die letzte in Sinnenrausch getauchte Freiheitsnacht einer unter¬
66 1178 1365 1246 gehenden italienischen Stadt, der Heimat der Bologenser Hündchen.
58 1215 1382 1276 schildert, ohne uns zu langweilen und zu verwirren, dies Talent
45 1256 1378 1320 hat er mit seiner bislang unaufgeführten Tragödie nicht dokumentiert.
55 1297 1384 1338 Da wimmelt es wohl von allerlei bunten Gestalten. Da fallen wohl!e
50 1346 1401 1397 allerlei zauberische Farben und Töne uns in Auge und Ohr; da #
63 1381 1399 1436 müht sich wohl der Dichter mit vollen Backen südliche Sinnensglut
56 1414 1405 1481 und wollüstige Gerüche uns zuzublasen: aber sein Mühen bleibt ohne!
51 1471 1367 1516 rechten Erfolg; wir werden nicht warm bei diesem Kunterbunt; Schnitzler
55 1504 1370 1556 redet seine Zuhörer tot, verwirrt sie durch die Unklarheit der ersten zwei
57 1536 1376 1592 Akte und durch das erdrückende Beiwerk an Straßenscenen. Und was
54 1567 1370 1623 einen gesunden Geschmack besonders abstößt, das sind die wahren Unmög¬
62 1609 1371 1672 lichkeiten (z. B. Beatricens unbemerkte Flucht vom Trqualtar weg) und
59 1654 1384 1712 der Sirocco offener und versteckter Sinnenglut, der versengend durch
57 1687 1375 1751 Bolognas nächtliche Straßen weht. Und Inhalt und Titel des Dramas?
58 1730 1373 1792 Wir sind in der Stadt Bologna in Italien. Die Stadt ist eingeschlossen
54 1760 1385 1816 von Feinden an deren Spitze Cäsar Borgia. Sie verteidigt Lionardo
63 1807 1367 1861 Bentivoglio, Herzog von Bologna. Es ist die letzte Nacht vor Bolognas
62 1845 1378 1896 Falle. Unddiese letzte Nacht vor dem Verderben benutzen die degenerierten
59 1893 1358 1950 Einwohner zu letzten Orgien aller Art nach dem Grundsatze: Ap#s
55 1910 1368 1977 nous le delnge“ Der Bologneser Dichter Filippo Loschi hat eine Ge¬
27 1959 1370 2030 kliebke namens Beatrice, Tochter der Familie Nardi. Die Mutter
40 1981 1365 2050 ## übel berüchtigt. Beatrice hat neben ihrem Filippo noch einen
39 2039 1364 2110 Reserveanbeter, Vittorio, der ehrliche Absichten hat. Filippo, der Dichter,
34 2068 1362 2138 macht sich bereit, mit Beatrice aus der belagerten Stadt zu fliehen.
113 2124 1369 2183 Als ihm aber Beatrice Nardi unbefangen erzählt, sie habe geträumt,
29 2157 884 2215 des Herzogs Geliebte zu sein, verstößt er sie.
879 2168 1357 2218 Er mag sie nicht mehr,
38 2198 1361 2248 weil sie „im Traum gesündigt“. So wendet Beatrice sich denn wieder
38 2242 1353 2297 ihrem soliden Liebhaber Vittorino zu, der schon auf dem Sprunge steht,
47 2260 1361 2336 sie zum Altare zu führen. Da gerade erscheint der Herzog am Vorabend
78 2317 1358 2376 des letzten Kampfes um seinen Besitz. Er durchstreift Bolognas
39 2327 1355 2414 Straßen, nach süßer Beute gelüstig; denn morgen ist ja alles aus und
54 2386 1365 2454 Borgia dringt in die Stadt ein. Also die letzte Nacht feiern in tollem
56 2437 1360 2495 Sinnesrausch. Er sieht Beatrice an der Seite ihres zukünftigen Gemahls.
44 2469 1371 2534 Ste lieben und #r# sich begehren ist eins. Die „holde“ Beatrice und
55 2509 1364 2553 ihre „ehrenwerten“ Eltern sind nicht abgeneigt. Sie will ihm auf sein
60 2552 1360 2605 Schloß folgen, aber nur als rechtmäßig angetraute Herzogin. Der
52 2583 1357 2642 Herzog willigt ein. Der Kardival vollzieht die Trauung. Aber sofort
52 2636 1361 2683 nach der heiligen Handlung reißt die schöne Beatrice im Brautkleide und
56 2663 1367 2721 mit ihrem kostbaren Schleier („Der Schleier der Beatrice") aus und
50 2711 1348 2762 sucht ihren ersten Geliebten, den Dichter Filippo, wieder auf.
40 2755 1365 2798 Nach einer wilden, wüsten Scene zwischen Beatrice und Filippo greift
26 2804 1363 2844 dieser zum Giftbecher: sie aber eilt mit Zurücklassung ihres berühmten
65 2832 1370 2882 Schleiers heim in den Herzogspalast. Dort hat man sie natürlich bereits
66 2858 1007 2924 ermißt. Die Zurückgekehrte wird von dem Her##
45 2885 1362 2950 ihres Schteiers gefrant. Der Schleier, ju der Schleier tiegr i es
54 2949 1364 3002 Hause bei Filippos Leiche. Sie verspricht dem Herzog, den Schleier
49 2979 1370 3030 wieder herbeizuschaffen, wenn er — Verzeihung verspricht, Das thut der
41 3029 1368 3073 gute Lionardo Bentivoglio auch. Beide huschen durch die Nacht in Felippos
48 3058 1359 3104 üppiges Gemach. Da liegen Dichter und Schleier noch so, wie Beatriee sie ver¬
47 3103 1363 3147 lassen. Hinzudrängt sich in des toten Dichters Klause das Volk und Beatrices
48 3137 1357 3191 Vater, Mutter und Bruder Francesco. An den Tag kommen alle „Vor¬
57 3173 1368 3236 züge“ der holden Beatrice und ihre unterschiedlichen Eigenschaften.
50 3211 1357 3265 Dennoch verzeiht ihr, dem Kinde (denn sie ist ja erst 16 Jahre alt),
56 3236 1363 3310 der Herzog. Francesco aber, ihr gestrenger Bruder stößt die „viel¬
56 3301 1370 3354 geliebte“ Schwester nieder und der „edle“ Herzog hält eine lange Lod¬
50 3334 1366 3385 reds auf die Dichter im allgemeinen und auf seinen Stadtpoeten Filippo Loschi#
95 3376 1352 3414 #inder herzaglichen. Gruft beigesetzt werden soll, im besonderen. —
64 3403 1371 3474 Alles dieses und noch viel, viel mehr. viel Wüstes und Unglauhliches.
61 3452 1366 3504 passiert in einer schönen Bologneser Nacht. Und um 11 Uhr fällt der
53 3491 1367 3523 Vorhang und wir stürmen hinaus in die frische Dezembernacht, entflohen
59 3519 1368 3592 der ermattenden Temperatur des überfüllten Hauses und der endlosen
58 3577 1361 3620 Schnitzler'schen Komödie. — Der anwesende Autor zeigte sich und neigte
63 3592 1368 3673 sich dem klatschenden und zischenden Publikum. — Die Vorstellung selbst
70 3645 1368 3705 agbörte nicht zu den besten der Saison. Sie war, entgegen der
68 3672 1366 3737 lbsicht des Autors, sehr wenig in südliche Glut getaucht Es lag
64 3717 1369 3778 Relmehr eine gewisse Mattigkeit und Gleichgültigkeit über dem
67 3750 1318 3810 Ganzen, und die Volksscenen wollten kein rechtes Leben zeigen —
69 3798 1374 3847 Nur drei Gestalten hoben sich aus dem verwirrenden Nebeneinander de¬
60 3844 1367 3890 Erscheinungen energisch ab: der Herzog von Bologna, den Herr Jessen
67 3878 1370 3936 mit wächsender Kraft und edlem Feuer spielte; der Dichter Filippo Loschi,
57 3913 1375 3969 den das großzügige Spiel unseres Herrn Lettinger in die allererste
63 3953 1374 4003 Linie rückte, und die schöne, naiv=verdorbene Wappenschneiderstochter
64 3972 1378 4047 Beatrice Nardi, die im Sinne des Autors zu kreieren weder Fräulein
54 4038 1364 4078 Konrads sonst schätzenswerte Darstellungskunst, noch ihre äußere Er¬
65 4067 1386 4145 scheinung zureichte. Wie konnte man nur das nicht frühzeitig genug
65 4121 263 4184 einsehen!
1992 602 2413 677 Telefon 12801.
1537 709 2873 783 Alex. Weigl's Unternehmen für Zeitungs-Ausschnitte
2539 750 2734 813 Ausschaltt
2548 769 2862 899 Nr. 57
1852 780 2502 924 „OBSERVER“
1469 906 2932 993 I. österr. behördl. conc. Bureau für Zeitungsberichte u. Personalnachrichten
1650 979 2757 1078 Wien, IX, Türkenstrasse 17.
1866 1069 2532 1156 - Filiale in Budapest: „Figyele“
1471 1115 2942 1201 Vertretungen in Berlin, Chicago, Genf, London, Newyork, Paris, Rom, Stockholm.
2007 1178 3013 1311 Tt ch aSi
1477 1273 2019 1360 Ausschnitt aus:
2347 1291 2837 1381 1. Sssch.
1825 1363 2132 1444 70 68
1495 1418 1836 1531 von%
2057 1588 2465 1704 Lobetheater.
1697 1672 2866 1781 Der Schleier der Beatrice. Schauspiel in fünf Akten von
1607 1712 1985 1784 Arthur Schnitzler.
1713 1769 2839 1886 Vor den Thoren Bologra's lauert der Tod. Cesare Borgia,
1610 1808 2833 1924 der gefürchtete Sohn des Papstes Alexander VI. (1492—1503), zieht
1608 1852 2839 1966 mit übnwältigender Macht gegen Lionardo Bentivoglio, den Herzog
1601 1891 2832 1992 der Stadt. Aber Lionardo ist ein echter Sohn der Renaissance,
1600 1921 2820 2040 jener bis zur Verruchtheit genußfreudigen Zeit. Ehe er sich dem
1598 1977 2817 2083 mörderischen Schwerte Cesares stellt, will er goch einmal eine Liebes¬
1592 1998 2821 2118 nacht genießen. Stine Wahl fällt auf Beatrice Nardi, Bologna's!
1585 2051 2814 2159 schönstes Mädchen. Ein seltsames Geschöpf, halb ein unschuldiges
1585 2099 2815 2206 Kind, halb eine Herodias an lasterhaftem Ehrgetz, hat sie vorher den
1585 2133 2815 2243 schwermüthigen Dichter Loschi seiner edlen Braut abtrünnig gemacht.
1587 2173 2936 2276 Aber Loscht verslößt sie, da sie ihm durch ihre Träume von einer fusive
1578 2211 2913 2324 Fürstenkione befleckt scheint. Schon will ihr Bruder sie dem ehr=sorto.
1588 2236 2913 2353 samen Handwerker Monaldi vermählen, da begehrt sie der Fürst. Jhlbar
1577 2282 2951 2414 Nur als Gattin, nicht als Buhlerin will sie ihn erhören, und von Woraus.
1568 2322 2793 2443 ibrem Stolze bezwungen, giebt der Fürst nach. Monaldi, der
1574 2369 2588 2466 Bräutigam Beatrice's, giebt sich verzweifelnd den Tod.
2794 2412 2980 2475 ist das
1664 2420 2984 2522 Während des rauschenden Hochzeitsfestes eilt Beatrice un¬It es den
1566 2428 2790 2560 bemerkt zu Loschi. Sie schwatzt ihm von gemeinsamem Sterben.
1564 2486 2790 2603 Aber als er den Gedanken begierig aufgreift und den Gistbecher
1555 2532 2978 2641 trinkt, da wird die unersättlich Lebenslustige von Furcht gepackt. hltend die
1555 2544 2976 2686 Bei ihrer hastigen Flucht vergißt sie den ihr vom Fürsten ge=Torgen¬
1556 2605 2428 2702 schenkten kostbaren Schleier im Hause Loschi's.
2774 2662 2983 2723 Zeirung“)
1641 2659 2987 2770 Ihre Abwesenheit ist von den neidischen Höflingen dem Fürsten siche Leben
1544 2686 2984 2812 hinterbracht worden. Auf seine Vorhaltungen sucht sie ihn mit sttheilungen
1556 2733 2776 2856 einem Lügengewebe zu umstricken. Jede Spur von Größe, ja auch
1548 2774 2781 2876 nur von Menschlichkeit, scheint durch ihre wahnsinnige Todesfurcht
1542 2808 2767 2928 ausgetilgt. Als ihre Schuld schließlich zu Tage tritt, verzeiht der
1549 2854 2777 2972 Herzog der Gemarierten. Der Bruder, ein Jüngling von rauher
1544 2887 2368 2981 Tugend, stößt ihr das Schwert in die Brust.
1624 2955 2769 3053 Von der Leiche der schönen Sünderin hinweg eilt der Herzog
1533 2982 2762 3094 neuem Genusse zu. „Das Leben ist die Fülle, nicht die Zeit!“ ruft
1532 3007 2770 3142 er. Noch einen tiefen Trunk aus den Quellen des Lebins will er
1535 3061 2058 3127 thun, ehe sie ihm versiegen.
1617 3110 2759 3212 Diese tiefen Gedanken, in einer hinreißend schönen Sprache
1520 3151 2761 3276 vorgetragen, müßten einen starken Eindruck hinterlassen, wenn die
1504 3188 2293 3273 Aufführung dem Werke ebenbürtig wäre.
1589 3247 2731 3386 Sie war es nicht. Wohl boten Herr Jessen als Herzog, Herr
1498 3281 2713 3410 Lettinger als Loschi gute Leistungen, aber die Beatrice des Fräu¬
1497 3318 2724 3464 leins Konrad genüg'e selbst bescheidenen Ansprüchen nicht. Sie
1485 3355 2710 3497 sprach die schönen Verse recht mangelhaft, und ihr hilflos von einer
1475 3401 2710 3556 Auffassung zur andern taumelndes Spiel bewies, daß sie sich über
1479 3423 2426 3550 den Crarakter der Beatrice nicht klar geworden war.
1577 3482 2712 3612 Es wird Sache des Herrn Regisseur Runge, dessen Regie sonst
1459 3483 2703 3668 Wen en lchseise Sagsbait die Schmiahn Bais min.
1463 3537 1904 3633 sein, hier zu bessern.
2574 3659 2684 3743 —
