3484 4320
1887 147 2388 245 box 20/4
268 150 1787 263 14. Der Schleien der Beatrice
1574 851 1768 921 Theater.
2217 851 2365 937 261
959 952 2353 1018 sie ihm, während ihr Verlobter verzweifelt Hand an sich legt. Und der
956 999 2353 1048 Herzog, dieser Mächtige, „der an jedem Tag sein Leben trinkt aus tausend
947 1047 2361 1112 klaren Quellen“ ladet ganz Bolognas Adel zu diesem Fest, „doch merkt!
954 1086 2362 1153 für heut ist Schönheit Adel, nicht Geburt, Kommt alle, nur seid schön!
955 1153 2355 1221 Ihr seid willkommen!“ — Doch wie nun der lärmende Hochzeitsjubel an¬
951 1211 2345 1262 hebt, ergreift Beatrice plötzlich eine zwingende Sehnsucht nach dem ver¬
958 1253 2350 1315 lassenen Geliebten, es treibt sie heimlich zu ihm, lieber mit dem Dichter zu
944 1299 2358 1353 sterben als mit einem anderen zu leben. Aber als Filippo Ernst macht,
957 1341 2354 1389 fährt ihr die Todesangst in die kindlichen Glieder, die Lebenslust flackert
954 1395 2364 1445 wieder auf — zitternd flieht sie zurück, während Filippo, angewidert von
952 1446 2358 1489 ihrer Furcht, in dem Gefühl grenzenloser Vereinsamung den Giftbecher
941 1498 2357 1563 leert. Sie stürzt zurück zum Gewühl des Hochzeitsfestes. Dort trifft sie
947 1549 2361 1598 alles in größter Aufregung. Der Herzog hat ihre Flucht bemerkt und läßt
942 1594 2358 1662 auf sie fahnden. Plötzlich ist sie wieder da! Bleich tritt sie hinter einer
941 1638 2357 1717 Säule Hervor. Und ihr Schleier? Die kostbare Hochzeitsgabe? Wo ist
945 1693 2183 1743 er? Die Ausflüchte der Erschrockenen werden bald durchschaut
2178 1695 2356 1758 — der
942 1745 2343 1806 Herzog zwingt sie, ihn dorthin zu führen, wo sie den Schleier verloren hat.
952 1792 2347 1845 Schweigsam ist ihre nächtliche Wanderung durch die Straßen. Hand in
943 1851 2359 1908 Hand treten sie in des Dichters Haus. Noch flackern die tiefherabgebrannten
941 1897 2355 1935 Kerzen im Gemach. Hinter den schweren Vorhängen stößt der Herzog auf
952 1933 2358 1982 Filippos Leiche. Wunderliche Fügung! so trifft er ihn tot, der ihm im
951 1988 2350 2030 Leben immer ausgewichen war! Hatte er diesen Sänger, dessen Rhythmen
939 2034 2343 2102 ihm von jeher liebe Begleiter in Lust und Schlacht waren, nicht noch diese
943 2084 2345 2137 letzte Nacht zu sich gebeten? um ihn endlich kennen zu lernen? um ein
953 2139 2352 2187 feineres geistigeres Fest mit ihm zu feiern als die sinnliche Menge in dieser
938 2183 1407 2251 letzten Nacht? Denn —
1311 2251 2048 2333 Denn dieser war ein Bote, ausgesandt,
1302 2321 2086 2374 Das Grüßen einer hingeschwundnen Welt
1295 2356 1946 2430 Lebendig jeder neuen zu bestellen
1300 2411 1983 2485 And hinzuwandeln über allen Tod.
1035 2474 2344 2547 Nun stößt er auf ihn, zum erstenmal und ... auf einen starren
932 2545 2342 2601 kalten Körper Neben ihm aber steht dies Frauenrätsel, das bei ihm
944 2578 2343 2649 seinen Schleier verlor .. Was ist die Wahrheit? Während der Herzog
944 2635 2354 2680 noch dem Geheimnis nachsinnt, das über diesen Dingen webt, fährt es wie
945 2683 2353 2739 ein Blitz durch die Luft, Beatricens Bruder, ein zweiter Valentin, stößt
935 2748 2349 2810 der Schwester den Dolch ins Herz. Sie selber hat zuletzt sich den Tod
938 2780 1179 2847 gewünscht:
1317 2820 1990 2895 .. Jetzt aber bin ich müd', so müd',
1171 2864 2036 2943 Glaub' ich, wie nie auf Erden jemand war —
1175 2942 1894 3000 Warum gerade mir dies alles, sagt?
1169 2981 1974 3049 Und warum war ich ausersehn vor allen,
1170 3039 2011 3091 So vielen Leid zu bringen, und weiß doch:
1174 3075 1686 3159 Ich wollte keinem Böses!
1040 3137 2341 3232 Sie wollte keinem Böses. Und doch log sie allen: den Eltern, dem
934 3223 2339 3268 Geliebten, dem Bräutigam, dem Herzog. So war sie „nur ein Kind, das
941 3271 2342 3316 mit der Krone spielte, weil sie glänzte? mit eines Dichters Seel, weil sie
939 3324 2341 3399 voll Rätsel? mit eines Jünglings Herzen, weil's ihr just geschenkt war?
3268 4083 3358 4135 LR MA 2
