3484 4320
1972 208 2416 324 box 20/4
302 216 1821 319 14: Der Schleier der Beatrice
1511 990 1955 1078 Der Schleier der Beatrice.
2303 997 2424 1079 523
1040 1081 2430 1158 Schuft, endlich auf!.. Der Mann ist tot. Der Mann, Herzog, hieß Filippo
1049 1128 2432 1208 Loschi. So sieht Bentivoglio seinen Dichter, den Menschen zum ersten Male
1045 1200 2420 1275 der Mensch. Für diese Nacht hatte er sich die feinste Freude aufgespart; und
1032 1259 2420 1317 steht, in dieser Nacht, nun vor des Sängers Leiche. Alle kleinen Gefühle
1044 1310 2430 1393 fallen, wie bunte Plunderfetzen von einem nackten Leib, und in der Seele bleibt
1041 1383 2423 1447 nur ein großes Staunen. Der starb um Dich, Beatrice? Den ließest Du um
1039 1437 2425 1515 ein Bischen Prunk? Und aus dem Staunen wird andächtig“s Weltempfin¬
1040 1508 2418 1568 den. So Vieles geschah in so wenigen Stunden; so blind tappten wir in Ver¬
1041 1562 2418 1643 hängnisse. Wer wagt, zu enträthseln, was uns der neue Morgen heraufbringt,
1037 1615 2417 1711 der eben erwacht? Kau zuckt das Herz noch, da die Herzogin vom Dolch
1026 1688 2423 1759 Francescos, ihres Bruders, fällt. Hundert werden fallen, Tausend vielleicht,
1026 1746 2426 1817 ehe der Sonne heißester Strahl unseren Scheitel sengt; ob ihre Leiber die
1028 1807 2418 1889 Siegesstraße pflastern oder den Wegdes Todes: wer weißes? Noch der nächste
1032 1873 2425 1929 Augenblick ist weit. Durch Schleier nur, die wir selbst webten, wir Klugen,
1038 1920 2419 2011 schauen wir ihn, und wundern uns dann, wenn das Gewebe reißt und eine
1020 1988 2419 2073 Wirklichkeit dröhnend ins Erleben tritt. Dort liegt ein Dichter, hier steht
1025 2057 2411 2130 ein Fürst und zwischen Beiden verblutet die schönste Frau von Bologna. Der
1024 2113 2416 2174 Dichter wollte ihr Gott sein, ihr Himmel, ihr Weltgericht; der Fürst nahm
1024 2174 2421 2234 sie, fragte den Wurzeln ihres Wesens nicht nach und glaubte, Alles, was ihr
1033 2234 2410 2298 vorher ins Bewußtsein gedrungen war, sei in der Glühhitze seiner Gunst bis
1023 2287 2407 2372 auf die letzte Faser weggebrannt; und der Bruder forderte, sie solle dem Ideal
1031 2359 2407 2415 seiner bürgerlichen Ehrbarkeit gleichen. Keiner sah sie, suchte in ihr den be¬
1032 2418 2405 2497 sonderen Menschen. Jeder sah sie anders; und als aus Morgen und Abend
1024 2478 2414 2562 ein Tag geworden war, zeigte sich, daß alle Drei, der Geliebte, der Gatte,
1029 2535 2413 2627 der Bruder, ein verschleiertes Bild in die Arme geschlossen hatten und daß
1023 2610 2407 2675 die Klügsten nicht viel klüger sind als der irre Greis, der die tote Tochter
1029 2656 2406 2741 fragt, ob der ungeschickte Junge Francesco ihr auch nicht wehgethan habe.
1134 2728 2407 2804 Ein schönes, von feinem Gewebe verhülltes Weib, um dessen Saum
1017 2781 2405 2871 die Männer sich drängen, in dessen Schleierfalten, wie auf glatter Wasser¬
1026 2826 2399 2922 fläche, die wechselnde Spiegelung alles Gewordenen sichtbar wird: die Ost¬
1019 2909 2401 2987 provinz ältester Mythologie thut sich auf und das Erinnern führt Frau Maja
1017 2973 2408 3037 heraus, die ewig=unsterbliche Trugschafferin, die Jeden täuscht, Jeden als
1012 3029 2396 3090 Werkzug des Geschlechtswillens verbraucht. Ansie mag Herr Arthur Schnitzler
1009 3112 2395 3160 gedacht haben, als er die reifende Kraft sammelte und ein Werk besann, das
1025 3154 2400 3231 mehr sein sollte als saubere Wiedergabe kleinen Lebensspieles. Allerlei Weibchen
1019 3215 2401 3270 hatte sein behender Finger schon geformt, meist nach Modellen vom Tändel¬
1013 3266 2406 3351 markt. Das genügte ihm nicht. Staunend stand der Arzt, der Dichter, der
2045 3341 2143 3408 39*
