3484 4256
189 571 340 669 . 1904.
1940 193 2398 294 box 20/4
265 207 1792 312 14. Der Schleien der Beatrice
370 674 608 806 ureau
441 862 547 943 127.
1334 1710 1961 1817 #tekaesenunen-er sien
2925 1753 3206 1852 Arener Preneen
822 1802 3208 1918 sie gleich nur in einer kleinen Nebenrolle auftreten, ihr undenkbar ist, das nicht erfüllt ist vom Walten eines
821 1847 2003 1926 eigenes Gesicht hat. Die fünf Acte sind kunstvoll aufge¬
2017 1868 3199 1951 starken Gefühles. Auch ein anderes Liebesdrama läßt sich
818 1894 2011 1966 baut; auch fehlt es nicht an bühnenwirksamen Scenen
1999 1918 3200 2005 zum Vergleiche heranziehen. Es heißt „Liebelei" und
831 1946 2006 2012 oder vielmehr an solchen, die nach allen Regeln der
1996 1968 3186 2043 nimmt aus der Stärke des Gefühles seine dramatische
817 1979 2014 2069 Bühnenwirksamkeit gestaltet sind. Trotzdem haben bei der
2006 2010 3199 2098 Kraft. Aber im „Schleier der Beatrice“ findet sich nicht
821 2041 2006 2116 Aufführung auch diese Scenen keinen rechten Eindruck
1994 2050 3197 2151 die Liebe aus der „Liebelei“, sondern diejenige aus dem
824 2081 2006 2170 hervorgebracht. Die Scenen können nicht wirken, da es
2004 2110 3204 2193 „Anatol“. Anatol ist. jener junge Wiener Lebemann,
814 2127 2007 2211 dem Schauspiel selbst an Wirkung fehlt. Es krankt an
1997 2143 2376 2223 den Schnitzler
2451 2160 3206 2232 meisterlich geschildert hat. In
816 2173 2006 2253 einem inneren Uebel. Der ganze Apparat eines großen
2003 2201 3208 2288 der vornehmen Nonchalance, mit der Anatol seinen
819 2226 2008 2310 Dramas ist aufgeboten; und doch ist dieses Drama nicht
1992 2241 3193 2329 Liebesstimmungen sich überläßt, in dem Geiste, mit
821 2281 1999 2366 groß — aus dem einzigen und entscheidenden Grunde
1998 2301 3207 2379 dem er, als ironischer Selbstbeobachter, die feinen
818 2316 1599 2399 nicht groß, weil ihm die Größe fehlt.
1995 2336 3207 2409 und feinsten Nüancen seiner Stimmungen aufzeigt, liegt.
895 2362 1999 2438 Groß sind in dem Schauspiel immer nur die Re¬
149 2225 633 2476 leion.
1999 2384 3196 2460 der Reiz dieser Figur. Charakteristisch für Anatol ist die
815 2416 2005 2505 sultate; und es entsteht ein unglückseliges Mißverhältniß
2001 2437 3195 2513 Wichtigkeit, die er seinen Stimmungen beimißt. Die
818 2464 2003 2545 dadurch, daß diese großen Resultate aus kleinen, aus zu
164 2464 485 2550 er Theater.
1995 2483 3203 2563 Stimmungen werden ihm zu Schicksalen. Das ist ein
812 2513 2001 2594 kleinen Motiven hervorgehen. Aus den Vorgängen des
185 2516 739 2606 ce“ von Arthur Schnitzler.)
1993 2527 3186 2618 amüsantes Paradoxon, über das Anatol gelegentlich sich
804 2546 2001 2620 Dramas ergeben sich die schwersten Katastrophen der Tra¬
1992 2584 3200 2678 selber lustig zu machen scheint, ein Paradoxon deßhalb,
192 2579 820 2667 „Der Schleier der Beatrice“
816 2609 1998 2674 gödie. Dolch, Schwert und Gift sind fortwährend in Thätig¬
1988 2626 3191 2692 weil eben die Stimmungen keine Schicksale sind oder viel¬
210 2626 820 2717 aufgeführt worden ist, hat
818 2633 1996 2740 keit. Das Blut fließt in Strömen. Fast kein Act ohne
1996 2670 3190 2759 mehr als solche nur demjenigen dünken, dessen Dasein den
160 2698 818 2759 Em hohen Ziele gestrebt. Wenn
807 2694 1993 2775 Leiche. Es wird ebensoviel und noch mehr gemordet, wie
1989 2728 3197 2799 größen Schicksalen entrückt ist. Anatol führt das Luxus¬
166 2741 817 2809 licht hat, so stellt jedenfalls schon
812 2754 1991 2836 in Shakespeare's „Othello“. Der Vergleich liegt nahe;
1991 2767 3199 2844 leben eines verwöhnten Menschen. In einem solchen Leben
168 2792 811 2853 rischen Ernst ein schönes Zeug¬
810 2799 1992 2867 denn „Othello“ ist ein Liebesdrama ganz wie „Der
1988 2811 3191 2909 mangeln die großen Schicksale vor Allem, weil die großen
185 2826 810 2905 t seinem Schauspiel, das theils
812 2841 1994 2925 Schleier der Beatrice". Im „Othello“ ist die Liebe eine zer¬
1995 2858 3193 2956 Gefühle mangeln. Ein Dasein, das alle Wünsche leicht
201 2881 815 2950 geschrieben ist und in der
808 2885 1990 2967 störende Macht von furchtbarer Gewalt; sie braust wie ein
1990 2911 3184 2994 erfüllt, erkältet die Herzen; es scheint, daß die Menschen
165 2925 819 3007 großes Drama in der Art der
807 2953 1989 3022 Sturm einher und vernichtet die Menschen. Im „Schleier der
1982 2955 3185 3028 viel ersehnen müssen, um groß zu empfinden, und daß die
176 2964 820 3047 Seine Kräfte haben zur Be¬
798 2974 1994 3068 Beatrice“ werden auch Menschen vernichtet; sie brechen
1990 3000 3180 3089 Kraft, zu fühlen, sich verringert, je weniger zu wünschen
163 3019 803 3098 icht genügt. Aber in der Form
798 3028 1995 3110 zusammen mit den stärksten drawatischen Geräuschen. Aber
1981 3052 3187 3139 und zu erringen bleibt. So ist auch Anatol's Liebe kein¬
151 3068 806 3139 gals ein würdiger Schüler der
794 3068 1995 3161 man fragt sich, warum sie eigentlich zusammenbrechen?
1984 3115 3177 3183 großes Gefühl. Er ist zu verwöhnt, um stark zu empfinden.
162 3108 810 3193 rt. Daß Schnitzler diese Form
805 3124 1991 3208 Denn niemals braust ein Sturm in dem Drama; es
1982 3143 3172 3243 Und weil Anatol von keinem großen Gefühl beherrscht
178 3162 807 3235 deutet auf eine künstlerische
807 3178 1985 3256 säuselt höchstens ein wenig. Und man sagt sich, daß die
1980 3192 2146 3267 wird,
2123 3193 3183 3284 beherrschen ihn die Stimmungen. So findet
156 3213 806 3285 nan bei den deutschen Autoren
794 3221 1986 3294 Leute auf der Bühne sich eigentlich in einem Irrthum be¬
1982 3241 2125 3309 man,
2114 3224 3185 3324 wenn man der Anatol=Liebe auf den Grund
180 3268 805 3335 ; es ist ein weiter, mühevoller,
796 3264 1989 3343 finden. Sie überschätzen sich und die Wichtigkeit ihrer
1980 3280 3174 3359 geht, einen Gegensatz heraus zwischen dem Gefühl,
151 3284 817 3379 atol“ bis zum „Schleier der
797 3313 1982 3393 Erlebnisse. Sie sind nicht tragisch genug, als daß sie ein
1985 3338 3190 3424 dem großen Gefühl, und den Stimmungen, indem nämlich
157 3354 804 3422 cht namentlich in seinen Versen
793 3357 1860 3441 Recht hätten sich so zu erdolchen und zu vergiften.
1984 3379 3172 3462 die Stimmungen, welche das Wesen dieser Liebe aus¬
164 3401 803 3473 von wienerischer Weichheit —
882 3402 1990 3478 Dieses Drama ist ein Liebesdrama mit allzu schwacher
1975 3431 3176 3507 machen, zumeist aus kleinen Gefühlen hervorgehen — aus
164 3441 800 3517 Mancherlei Feines, mancherlei
798 3456 1987 3541 Liebe. Nirgends ist das Ueberwältigende, das Schicksals¬
1985 3482 3171 3563 Gefühlen, die Charme und Originalität besitzen, weil sie
166 3495 802 3575 etisches wird gesagt. Auch ein
797 3505 1983 3586 volle der Liebe zu spüren. Man denke, wie gesagt, an
1972 3515 3168 3600 so zierlich und so capriciös sind, die jedoch zierlich und
158 3541 794 3620 er Arbeit ist geleistet. Das
803 3555 1974 3634 „Othello“, man denke an „Romeo und Julia“, Gewiß
1968 3576 3179 3641 capriciös eben nur deßhalb sind, weil sie nicht mit
155 3588 802 3669 Schauspiels ist ungewöhnlich
790 3602 1983 3676 darf man von Schnitzler nicht verlangen, daß er wie
1975 3617 3171 3702 mächtigem Drange aus der Tiefe der Seele strömen und
164 3644 811 3722 Autor leitet mit sicherer
798 3655 3172 3759 Shakespeare schreibt; es soll nur aus jenen beiden un= weil sie mehr mit den Nerven als mit dem Herzen zu
173 3688 3183 3816 Figuren, deren jede, mag sterblichen Dichtungen erkannt werden, daß ein Liebesdramassthun haben. Das Drama aber, die Tragödie vor Allem,
