3392 4320
1942 152 2398 248 box 20/4
294 169 1880 262 14. Der schleier der Beatrice
678 1012 974 1087 Kunstberichte.
2201 1015 2392 1094 Theater.
166 1013 264 1092 62
2872 1025 3010 1107 263
381 1102 1532 1167 so spricht der Herzog ernst — „sind allzustreng und leiden's
156 1101 348 1180 ber wir“
1606 1117 3010 1170 und Motive hineingewebt, es fehlt das Rückgrat eines aufrechten dramati¬
159 1164 1513 1227 icht und jeder von uns wollte nicht nur das einz'ge Spielzeug sein —
1609 1177 3003 1226 schen Willens. Im einzelnen wird unser Genuß an den schönen Versen
160 1221 1522 1274 ein, mehr! Die ganze Welt. So nannten wir dein Tun Betrug und
1615 1227 3002 1287 nur selten gestört, so durch das aufdringliche Zugeständnis an die Ver¬
170 1263 1538 1319 Frevel — und du warst ein Kind!“ So hebt der Herzog, während
1618 1278 3006 1341 erbungsschnüffler: daß die Mutter der Beatrice als ein schlechtes Weib,
162 1315 1533 1366 ie letzte Sonne, die sie alle sehen werden, heraufdämmert und vor den
1603 1325 3013 1387 der Vater als irrsinnig geschildert wird, eine Aberflüssigkeit, die dem Sinn
167 1361 1286 1415 doren schon der Kampf beginnt, den Schleier ihres Wesens.
1620 1369 3004 1446 des Dramas, wenn man tiefer hinlauscht, widerspricht. Gleichviel: wir
312 1405 1534 1465 Was ist's mit diesem Schleier, der nun als leere Hülle zwischen
1617 1422 3017 1489 haben es hier mit einer feinen, sehr bedeutenden Dichtung zu tun, die
163 1464 1529 1525 en beiden Toten, dem Dichter und dem Mädchen liegt? Ist es das, was
1621 1480 3023 1543 namentlich mit der gewaltigen Erhebung des tragischen Tones im letzten
155 1512 1532 1574 ie Alltagsmenschen „Gewissen“ nennen? Das dieses Kind nicht kannte,
1617 1529 3004 1591 Akt einen tiefen Eindruck hinterläßt, und wenn nicht als Bühnenwerk, so
159 1569 1533 1624 las sie, an solche Tracht nicht gewöhnt, bei der ersten Gelegenheit abstreift,
1623 1566 3006 1634 doch als Buch, als Gedankenfreund im Hause ein bleibender Schatz der
160 1607 1529 1666 hne es zu merken, und das — als sie es wiederfindet — zum erstenmal
1633 1622 3017 1675 deutschen Literatur ist, „rein und fein, dem Edelsteine gleich, bestrahlt von
168 1657 898 1714 n müdes Todesverlangen in ihr weckt¬
1625 1669 2655 1724 den Tugenden einer Welt, welche noch nicht da ist.“...
221 1695 1523 1750 Ist es der Schleier, den Mutter Natur uns allen geheimnisvoll mit¬
163 1753 1530 1818 egeben, unserer Bestimmung, unseres Wesens Kern verhüllend? Das
166 1804 1521 1856 Kätsel des Geschöpfes wie der Schöpfung? Das, wenn es unser Tun ent¬
1704 1797 3004 1865 Es ist ein sehr bemerkenswerter Zug im literarischen Weben unserer
164 1870 1530 1928 füillt, unsere große Schuld zeigt und zugleich unsere große Anschuld? Und
1613 1866 2995 1916 Tage, daß zu einer ähnlichen Auffassung der Weibes= und Menschheit¬
171 1914 1531 1964 egt hier nicht das rätselechteste aller Schöpfungsrätsel, das große Geheimnis
1620 1905 3009 1988 sendung wie Schnitzler im Schleier der Beatrice ein anderer der wenigen
167 1956 1526 2003 ks Weibes, das verschleierte Bild der Frauenseele? die alles Große und
1615 1969 3011 2018 Ragenden unter den gegenwärtigen Dramatikern gekommen ist, freilich auf
163 1999 1527 2053 blänzende im Leben nur als ein buntes Spielzeug ihrer Triebe ansieht?
1604 2025 3004 2078 ganz anderen Wegen nach Sonderheit seiner Beanlagung: Maeterlinck in
163 2054 1531 2118 in geheimnisvolles Walten, verderblich und doch immer neu das Leben
1619 2068 3007 2120 seiner Dichtung „Pelleas und Melisande“. Die beiden Dichter, die
167 2104 1529 2167 ebärend, erbärmlich und doch groß wie das Genie, das auch rein instinktiv
1616 2116 3014 2183 hier das Rätselhafte, Traumhafte, Anbewußte in der weiblichen Psyche
169 2153 1534 2202 hndelt! Alle diese Männer hielten nur ein verschleiertes Bild in ihren
1621 2164 2999 2228 schildern, haben ohnehin viel Gemeinsames, man sieht es nur nicht auf den
167 2203 1536 2260 rmen. Allen log der Schleier der Beatrice, dieser seltsame Schleier, der
1617 2212 2993 2271 ersten Blick, weil sie sich eben auf dem Grunde ihrer Dichtungen begegnen.
162 2254 1540 2304 s Nächste und Fernste verknüpft. Hinter dem sich die Arkeime aller
1616 2258 3004 2325 Der Kampf zwischen Todesangst und Liebe ist eines der Grundmotive aller
165 2302 1527 2353 kreatur regen. Der des Weibes Bewegungen wohl erkennen läßt, aber
1632 2312 3010 2362 Schnitzlerschen Werke. Und Maeterlinck singt uns in fast allen seinen
164 2350 1536 2401 hre Seele verhüllt. „Dein Schleier ist ein Teil von deinem Selbst
1628 2359 3003 2424 Dichtungen das eine Lied: daß wir Menschlein an den grausamen und un¬
157 2399 1529 2458 nd dennoch zupf und zerr' ich stets an ihm und hätt' ihn gestern gern dir
1617 2403 3009 2478 beugsamen Spielen, die Tod und Liebe mit den Lebenden spielen, nichts
166 2446 1534 2503 bgerissen“. Und als sie ihn endlich abgerissen haben, diese begehrenden
1620 2454 3004 2519 ändern können ... Auch in „Pelleas und Melisande“ ist dies das große
163 2494 1527 2553 Männer, da stehen sie enttäuscht, vergrämt, zornig. So liebt der Mann
1612 2499 3005 2573 klagende Leitmotiv, das wie der stete dumpfbrausende Orgelton des hinter
167 2545 1533 2608 #ur die Hülle des Weibes, die glänzende, berückende. And wenn diese
1611 2553 3013 2637 der Szene brandenden Meeres die Dichtung von der ersten bis zur letzten
160 2592 1526 2658 ülle fällt, wird das Wort des Einsiedlers von Maria — Sils wahr:
1622 2595 1926 2664 Zeile begleitet.
171 2648 1514 2710 Wer begriff es ganz, wie fremd sich Mann und Weib sind?“
1701 2633 2999 2709 Das Drama ist 1892 entstanden und obwohl inzwischen hie und da
165 2691 1529 2747 der auch sprach das Wort: „Wer von euch Schleier und Aberwürfe und
1612 2716 2999 2768 gelegentlich aufgeführt, ist es doch in diesem Winter erst zu seiner vollen
157 2741 1537 2792 Farben und Gebärden abzöge: gerade genug würde er übrig behalten, um
1616 2754 3006 2807 dramatischen Bedeutung gelangt, dank einer außerordentlich feinsinnigen
166 2791 1542 2842 ke Vögel damit zu erschrecken“. And an anderer Stelle: „Alles am Weibe
1618 2808 3004 2851 Inszenierung, die Max Reinhardt, der jetzige Direktor des Neuen Theaters
165 2841 1535 2909 st ein Rätsel .... Der Mann ist für das Weib ein Mittel ... Wenig
1631 2856 3005 2906 unter Mitarbeit der Maler Louis Corinth und Leo Impekoven mit
158 2893 1532 2954 lersteht sich sonst das Weib auf Ehre. Aber dies sei eure Ehre, immer
1623 2907 2994 2964 glänzendem künstlerischem Erfolg ins Werk setzte. Elf Jahre hat also dies
174 2951 1531 3000 zehr zu lieben als ihr geliebt werdet . . . Der Mann fürchte sich vor dem
1631 2953 2996 2998 Drama eines bekannten Dichters auf Verständnis eines Bühnenleiters
171 2984 1537 3038 Weibe, wenn es liebt: da bringt es jedes Opfer und jedes andere Ding
1615 3001 3003 3049 warten müssen — ein beschämender Beweis für die Tatsache, daß wir mit
168 3038 1539 3091 filt ihm ohne Wert. ... Also sprach das Eisen zum Magneten: ich hasse
1607 3057 2999 3113 kaum einer Ausnahme Geschäftsbühnen statt Kunstbühnen haben. Elf Jahre
168 3080 1541 3135 sich am meisten, weil du anziehst, aber nicht stark genug bist, an dich zu
1676 3097 3002 3152 und das wunderliche Schicksal will es, daß gerade jetzt, wo diese alte
165 3134 1531 3190 ehen... Der Mann ist im Grunde der Seele nur böse, das Weib aber
1617 3150 3005 3209 Dichtung zu neuem Leben erwacht, ihr Dichter selber, fortschreitend mit den
170 3184 1538 3240 st dort schlecht Und gehorchen muß das Weib und eine Tiefe finden
1603 3195 2997 3275 Lustren, auf einem anderen Pol seiner Kunst angelangt ist und beinahe auf
199 3238 1544 3295 seiner Oberfläche ... Des Mannes Gemüt aber ist tief, sein Strom
1614 3237 2993 3310 dem Dunkte steht, sie zu verleugnen. In der Vorrede zur neuen Gesamt¬
168 3290 1542 3367 uscht in unterirdischen Höhlen: das Weib ahnt seine Kraft, aber begreift
1610 3296 3002 3343 ausgabe seiner dramatischen Werke, die Herr von Oppeln=Bronikowski
183 3330 416 3398 enicht ...“
1619 3344 2985 3403 besorgt hat (Leipzig, E. Diederichs), sagt Maeterlinck mit einem Rück¬
231 3362 1544 3440 In der Tat, es ist erstaunlich, wie greifbar die Philosophie Nietzsches
1638 3391 2995 3452 lick auf seine früheren Dramen, Pelleas und Melisande eingeschlossen:
191 3439 1541 3496 diesen Schleier der Beatrice verwoben ist. Und das ist die Schwäche
1746 3446 2999 3503 .. heute scheint mir das alles nicht mehr hinreichend ... Es ist
180 3486 1533 3535 es Werkes als Drama: es sind zuviel Gedanken und Symbole und Bilder
1606 3486 3000 3559 dem Lyriker vielleicht erlaubt, etwas wie ein Theoretiker des Anbekannten
