3484 4448
1984 149 2426 243 box 20/4
309 142 1841 260 14. Der Schleier der Beatrice
2037 1263 3250 1326 sie von einem sußen Traum, den sie gehabt hat und in dem
825 1271 2045 1345 spielt sich die Liebestragödie des Stückes ab. Ein Fieber zuckt
193 1282 532 1351 verboten.
837 1343 3254 1377 in der Bevölkerung, die das Leben noch einmal voll genießen sie sich als Geliebte, als Gattin des Herzogs erblickte.
2031 1355 3258 1418 Filippo sieht in diesem Bekenntniß nur einen frechen Wunsch,
825 1375 2045 1427 will, da sie es vielleicht in wenigen Stunden preisgeben muß.
182 1355 465 1435 s Theater.
2030 1399 3250 1449 der aus der Tiefe ihrer Seele emportaucht. Er stößt das
829 1410 2049 1475 Diese Stimmung soll uns selbst Unverständliches begreiflich
194 1401 843 1480 er großen Kunst, die hoch¬
2026 1439 3250 1499 Mädchen empört zurück, für immer, wie er sagt. Aber wenn
837 1451 2046 1509 machen mit dem wilden Wogenschlag von Leidenschaften, die
194 1472 846 1522 ke Leidenschaften darstellen will,
838 1478 3258 1549 ihre Opfer unvermuthet mit sich fortreißen. Neben der Ver= Beatrice den Dichter im Leben nicht wiedersehen soll, so denkt
198 1504 842 1569 ischen Literatur immer lebhafter
2039 1525 3251 1603 sie doch an den Tod, der sie mit ihm vereinigen kann, während
833 1533 2045 1597 feinerung der Kunst, die Dichtern, Malern und Musikern zu
185 1561 849 1625 #r Schnitzler bereits vor
2030 1575 2847 1647 sie langsam seinen Blicken entschwindet.
837 1576 2042 1639 höchstem Ansehen verhilft, herrscht der Eigenwille des Herzogs,
190 1589 850 1659 aßte ihn, zunächst in einaktigen
2114 1597 3269 1672 Zur Verwunderung Aller geht der Traum des Mädchens.
839 1628 2051 1680 der für jede Begierde Erfüllung fordert und dem die ge¬
192 1644 848 1702 Piener Lebensanschauung, den er
2043 1658 3251 1719 wirklich in Erfüllung. Der Herzog trifft sie Abends auf
851 1665 2041 1722 schmeidigen Hofleute wie Sklaven gehorchen. Reich bis zum
185 1686 852 1751 gefüllt hatte, durch das Studium
2040 1706 3253 1762 der Straße und, von der Lust entflammt, der Schönsten in
846 1716 2047 1767 Ueberladenen baut sich dies Stoffgebiet vor den Augen des
190 1729 850 1790 weitern. Wie Maeterlinck und
848 1741 3260 1816 Dichters auf Ein jäher Blitz durchzuckt diese im Innersten der Stadt seine Gunst zuzuwenden, ladet er sie ein, ihm in
205 1767 854 1827 in das Wesen der italienischen
2033 1779 3260 1848 den Palast zu folgen. Er ist mit Schätzen seltener Art von
848 1776 2053 1857 aufgeregte Welt und ruft Erstaunen und Schreck hervor, bis
194 1817 846 1872 kraus den Stoff zu seinem fünf¬
2036 1821 3267 1886 seinen Reisen zurückgekehrt. Dies Alles und noch viel mehr
839 1840 2059 1908 Gift und Dolch das Strafgericht vollziehen, während beim
194 1846 862 1929 chleier der Beatrice“,
2041 1871 3265 1937 soll ihr gehören, wenn sie ihm nur eine Nacht gönnt, denn er
839 1889 2040 1954 Morgengrauen die Schwerter erbitterter Gegner gegen ein¬
200 1910 844 1961 diese Dichtung im Keim zu er¬
2036 1930 3267 1988 fühlt, daß er aus ihren Armen als Sieger gegen den Feind
847 1924 1332 2001 ander gezogen werden.
189 1947 849 2004 gtheater, das sofort die Hand auf
2036 1964 3264 2023 erwachen werde. Den Eltern Beatricens will der Herzog
918 1982 2043 2040 In den Mittelpunkt der Handlung stellt Schnitzler ein
189 1979 860 2063 gerte sich nachher, es zur Dar¬
2042 2007 3269 2063 Haus und Garten schenken, ihren Bruder zum Hauptmann
839 2011 2040 2084 junges, verführerisches Weib, Beatrice, die Tochter eines
194 2036 858 2089 ist es bei uns im Deutschen
2039 2047 3255 2116 befördern und sie selbst soll mit einem Schleier aus Damast
853 2067 2053 2125 Wappenschneiders, den der Gram über die Untreue seines
190 2076 850 2128 und mit voller Würdigung der
2046 2090 3274 2159 und Perlen geschmückt werden, wie ihn niemals ein Mädchen.
844 2107 2053 2177 Weibes in Schwachsinn verfallen ließ. Das von der Mutter
194 2125 843 2184 strebenden Begabung des Autors
2039 2141 3259 2190 seines Landes und sogar keine Herzogin bisher getragen hat.
849 2159 2046 2213 ererbte Blut will sich in einem Temperament austoben, das
184 2163 860 2220 weichen Wienerischen Zug seines
2049 2181 3261 2242 Das Mädchen sieht den Fürsten ruhig an und weidet sich an
196 2195 2056 2266 n überraschend überwunden, die schnell entflammt, sich jedem ersten Eindruck sofort hingiebt
2048 2217 3256 2288 dem Aufruhr, der sich seiner Seele bemächtigt. Sie vergißt,
176 2235 2056 2297 llen scharf angelegt und ihre Em=und sinnverwirrend wirkt, ohne ein Bewußtsein über die
2046 2252 3266 2324 daß sie sich mittlerweile einem braven Jüngling angelobt
844 2283 2056 2349 unheilvolle Kraft zu besitzen, die von ihr ausströmt. Beatrice
183 2292 861 2348 auf einander prallen lassen, daß
2049 2298 3266 2378 hatte, und ahnt nicht, daß dieser alsbald voll Verzweiflung
853 2332 2050 2385 ist mit sechzehn Jahren fast noch ein Kind, das mit den Leiden¬
185 2338 849 2403 her Gluth darauf fällt. Ort und
853 2356 3274 2429 schaften Anderer wie mit einem Spielzeug umgeht. Während Hand an sich legen werde. Sie wird jedoch durch all die
181 2371 860 2449 en, stehen lebendig vor uns. Wir
842 2395 3271 2474 sie ganz von einem Gefühl durchdrungen zu sein scheint, das Versprechungen, die lockend an sie herantreten, nicht verführt,
182 2428 854 2494 ung des Apennin, in dem durch
854 2452 3271 2520 höchstes Glück verheißt, wendet sich ihre Empfindung schon sondern verlangt mit schlichten Worten weit mehr, nämlich,
183 2458 858 2535 ausgezeichneten Bologna, wo wir
844 2509 3272 2566 einem anderen Ziel zu, das dem vorigen völlig entgegen=daß der Herzog sie zu seiner Gemahlin mache, bevor sie ihm
179 2512 851 2579 ganzen Entwickelung beobachten
2051 2524 3271 2586 in seinen Palast folge. Mit Entrüstung und Hohn wird dieser
851 2546 2063 2612 gesetzt ist. Ein zerbrochener Fächer erpreßt ihr dieselben
185 2553 860 2614 fette“, heißt die Stadt wegen der
2053 2571 3272 2629 Gedanke von dem Gefolge ausgenommen. Aber der Fürst
849 2579 2062 2652 Thränen, wie der Gedanke an Trennung und Tod. Der
181 2596 860 2662 s der sie ihre Kirchen und Paläste
2043 2613 3271 2674 willigt auch in das Unerhörte ein. Der Bischof soll ihn in
855 2630 2059 2692 Zauber einer Fürstenkrone beherrscht sie in derselben Stunde,
183 2646 862 2705 ne emporschimmern läßt, während
857 2687 3278 2736 in der sie das Herz eines verlorenen Geliebten wiedererobern einer Stunde mit Beatrice vermählen und zur Erhöhung des
179 2682 865 2747 aitten der Bogengänge aufhalten,
2044 2693 3271 2769 Hochzeitsjubels mag sich in dieser Nacht Alles in wilder Lust
842 2723 2051 2779 will. Ihr Wille dreht und wendet sich je nach der Stärke des
182 2726 449 2792 einfassen.
2055 2743 3031 2812 ergehen und sein Garten dem Volk geöffnet sein.
181 2762 2061 2834 u Anfang des sechzehnten Jahr=letzten Eindrucks, von dem sie berührt wird. Was Anderen
2140 2791 3260 2856 Die Motive, die in dem Stück angeschlagen werden,
229 2803 2066 2863 Autor versetzt, die römische surchtbarer Ernit ist, wird ihr zu bunten Blumen, die sie
2044 2840 3264 2902 fangen sich von jetzt an zu verwirren an. Filippo, der Beatrice
178 2845 2061 2925 us, um mit der ganzen Romagnallächelnd betrachtet, dann zerpflückt und mit anderen ver¬
2052 2886 3264 2943 n Liebe eine Braut im Stiche gelassen hatte und von deren
853 2890 2054 2958 tauscht. Filippo, der Dichter, erscheint ihr mit seinem Ruhm
238 2889 879 2964 Die Schaaren Cesare Borgias
2050 2920 3270 2982 Bruder mit Rache bedroht wird, wollte sich über das Ver¬
862 2930 2056 2992 und seiner Liebe wie ein Wesen höherer Art. Erst bei seinem
182 2930 869 2998 oren der Stadt, besetzen die Land¬
2056 2974 3280 3035 lorene in leicht zu stillender Lust hinwegtäuschen. Er erfährt
195 2978 2063 3047 f, sich auf die Bewohner zu stürzen.Anblick versteht sie die Menschen, die ihr bisher nur als
191 3002 3271 3101 scheidungskampf, während Alles in Puppen erschienen waren. Sie ist bereit, mit ihm Eltern dabei was am Hofe des Herzogs vorgefallen ist. Beatrice
190 3048 3273 3150 dem Tod ins Antlitz zu blicken, lund Familie für immer zu verlassen. Aber zugleich sprichtl des Fürsten Gemahlin! Während ihn dieser Gedanke taub
