3436 4448
1994 209 2453 307 box 20/6
346 208 1842 341 14. Der Schleiender Beatrice
1444 521 2377 627 Tecst W. oel Lelo Nug, gertrp, 10 bup
3255 601 3391 672 Fäche
507 563 2173 677 reich auch heute noch in der Nähmaschinen=“ dieser abstürzte und tot liegen blieb.
1499 713 3265 776 Der Dichter Filippo Loschi liebt seit! Dirnen liegen sehr ermüdet umher. Die eine,
721 737 1147 835 Feuilleten
2336 766 3393 856 ein Renaissancemensch von unheimlicher zum
1411 782 2345 867 drei Tagen die sechzehnjährige Beatrice, die
3249 833 3378 891 nung
2345 821 3252 898 Leidenschaft, schüttet Gift in ihren Wein. Da
1429 836 2352 917 Tochter eines närrischen Wappenschneiders,
2350 869 3247 953 der Dichter sie wegschickt, führt sie den cher
1435 891 2336 958 derentwegen er seine vornehme Braut im
636 892 1302 1007 „Der Schleier der
2337 936 3240 996 zum Munde, den er ihr entreißt und beiseite
1431 937 2336 1009 Stiche ließ. Filippo ist ein berühmter Dichter
482 948 571 1070 11
2347 987 3241 1066 stellt. Sie erklärt, daß kein Jüngling mehr sie
787 954 1190 1079 Beatrice“
1428 984 2343 1058 „Seine Lieder sind so süß, wie der Hauch
2346 1033 3242 1116 umfangen wird, es sei denn, an seines Lebens
1430 1053 2340 1114 des Geliebten über schlafenden Wimpern, und
516 1047 1423 1167 Schauspiel in fünf Akten von Artur Schnitzler.
2346 1099 3244 1179 letztem Tag. Mit Hieser Drohung geht sie von
3245 1102 3331 1180 stör
1439 1097 2345 1179 so schmeichlerisch, wie göttliches Verzeihen für
2348 1148 2525 1226 hinnen.
3251 1148 3403 1226 Szene
1436 1156 2348 1235 alle Sünden“. Das sagt eine Dirne. So
2427 1206 3245 1268 Bald darauf kommt Beatrice im Braut¬
591 1168 1424 1283 Vor fünfundzwangig Jahren war
3256 1205 3382 1278 Oelg
1433 1200 2349 1288 wunderschön redeten die Hetären der
2348 1251 3242 1317 kleid und mit dem weißen Schleier auf dem
521 1253 1426 1318 Schlenther der Totengräber dieses inter¬
3253 1266 3398 1325 nur d
1440 1267 1719 1340 Renaissance!
2357 1304 3243 1367 Haupte. Sie ging ungesehen vom Hochzeitsfeste
522 1307 1431 1379 essanten Werkes. Er hatte es angenommen,
1515 1281 2344 1399 Die kleine Beatrice ist keine Schön¬
3250 1314 3392 1388 Schlu
2356 1356 3240 1420 durch, weil sie sich nach Filippo sehnte. Sie will
515 1364 1427 1427 dem Dichter Kürzungen und Aenderungen vor¬
1427 1373 2334 1440 rednerin, aber bereit, mit dem Dichter aus
3259 1373 3388 1441 wie
2351 1407 3248 1481 in seinen Armen ruh'n die Nacht und dann mit
526 1418 1423 1485 geschlagen und für das Burgtheater das Recht
1442 1420 2345 1484 Bologna zu flüchten, das von Cesare Borgia
3259 1419 3381 1497 fällt,
2352 1463 3249 1541 ihm zusammen sterben. Doch als er ihr mitteilt,
528 1472 1427 1534 der Uraufführung geltend gemacht. Vier
1430 1477 2337 1561 bedroht wird. Vorher begeht sie die Unvor¬
3261 1484 3395 1547 ins H
2358 1517 3255 1587 daß sie aus dem Glase Wein, das er ihr
526 1524 1422 1600 Monate später stellte er die Annahme glatt¬
1433 1521 2345 1606 sichtigkeit, zu erzählen, was sie in der letzten
3253 1536 3400 1613 für ei
2352 1573 3252 1636 soeben gereicht, bereits den Tod getrunken habe,
527 1575 1421 1651 weg in Abrede. Dem ungleichen Nachfolger des
1434 1583 2341 1662 Nacht geträumt hat. Sie träumte, daß Herzog
2353 1631 3256 1701 da fühlt sie sich um die Liebesnacht betrogen
1446 1643 2338 1715 Bentivoglio sie zur Herzogin erhoben, zu
524 1632 1422 1719 gestürzten Max Burckhard schwebte möglicher¬
3256 1646 3394 1717 die fe
2346 1669 3246 1751 und nennt den Geliebten tückisch und feig. Er
1434 1688 2334 1757 Bett geführt und ihr einen Kuß gegeben habe.
3264 1701 3402 1784 wahr
525 1686 1421 1768 weise die Mahnung vor Augen: Dreh' dich
2350 1731 3253 1805 aber schickt sie wieder fort wie schon früher
1439 1755 2154 1826 Das paßt dem Dichter nicht, denn
512 1756 1140 1831 um, die Erzherzogin geht um!
2358 1787 3271 1853 einmal. „Gehe, wohin du willst, es war kein
1477 1788 2260 1867 „Träume sind Begierden ohne Mut,
3277 1786 3395 1894 „Wasl
593 1809 1435 1898 Die Burgtheaterkritiker, Ludwig Speidel
2352 1842 3253 1907 Quentchen Tod in diesem Wein.“ Beatrice ist
1488 1853 2345 1945 Sind freche Wünsche, die das Licht des
3255 1877 3388 1940 ist w
525 1889 1443 1952 an der Spitze, erhoben damals öffentlich
2361 1907 3253 1964 außer sich; sie will bleiben, er aber greift nach
2094 1911 2273 1989 Tag's
3327 1927 3387 1986 8 b
520 1928 1443 2008 Protest gegen das Gehaben eines Bühnen¬
2358 1952 3252 2030 dem Giftbecher, den er der Hetäre entriß und
1468 1951 2312 2031 Zurückjagt in den Winkel uns’rer Seele,
3263 1972 3383 2044 ist lei
519 1989 1435 2057 leiters, der sonst bedenkenlos minderwertige, ja
2352 2003 3257 2084 stürzt tot zusammen. Großes Entsetzen der un¬
1475 2021 2352 2102 Daraus sie erst bei Nacht zu kriechen wagen.
3262 2039 3401 2103 Geträ
523 2038 1435 2122 durchfallssichere Stücke auf die Bretter brachte.
2356 2055 3253 2130 glücklichen Herzogsbraut, die die Hochzeitsnacht
3261 2092 3401 2157 Wirk
521 2097 1439 2174 „Der Schleier der Beatrice“ blieb trotzdem un¬
2356 2112 3257 2197 in den Armen eines anderen feieren wollte. Sie
1476 2128 2344 2200 Willst du, daß dem gefäll'gen Ehmann gleich,
524 2153 1437 2216 aufgeführt. Direktor Schlenther gab nichts auf
2348 2173 3256 2252 eilt hinaus, der Schleier bleibt zurück. Schnitzler
1484 2195 2347 2251 Ich fremden Kuß von deinen Lippen trinke,
523 2210 1432 2293 Kritiker, denn er wur ja früher selbst einer!
3292 2193 3346 2282 der
2351 2227 3039 2313 erscheint und dankt für den Beifall
1477 2240 2340 2308 Und kommst daher als Dirne deines Traums?“
601 2264 1443 2336 Das Werk blieb indes nur für Wien tot.
1516 2279 2358 2370 Ich weiß nicht, ob diese herrlichen Verse
2737 2310 2848 2385 IV.
526 2339 1429 2403 Draußen im Reich gab es dann und wann ein
1441 2342 2346 2409 der Theorie des Professors Freud entsprechen,
2445 2356 3261 2445 Gartensaal und Park mit dem Ausblick
3266 2380 3361 2453 The
530 2388 1426 2444 Lebenszeichen on sich. Seine Seele fuhr sogar
1440 2401 2349 2472 aber grau ist alle Theovie und grün ist auch
2362 2417 3252 2495 auf die prachtstrotzende Schloßfassade. In
3263 2444 3393 2509 war
521 2446 1420 2515 Ballerinen in die Beine, denn aus dem Schau¬
1440 2452 2356 2527 der Poesie gold'ner Baum. Filippo heißt seine
2358 2482 3263 2539 diesem, von Remigius Geyling gedichteten
3270 2487 3399 2553 Sach
512 2509 1432 2562 spiel wurde eine Pantomime gemacht, die über
1436 2504 2346 2579 Beatrice gehen, die wiederkommen und ihn
2355 2530 3252 2599 Wunderraum spielt der vierte Akt. Der Herzog
3259 2542 3398 2621 hohe
517 2554 1369 2635 mehrere Bühnen hüpfte. Seelenwanderung!
1452 2563 2339 2633 mitnehmen wird, wenn sie zu sterben Lust
2358 2587 3253 2649 lud Hoch und Nieder zum Hochzeitsfeste. Im
3263 2603 3401 2671 der
612 2604 1426 2686 Nun befreite Divektor Herterich das Werk
1450 2609 2351 2682 hat. Sie geht und der Dichter verbringt die
2350 2642 3255 2715 Park soll es so erotisch hergehen, als wäre jedes
3255 2656 3402 2728 And
530 2670 1424 2742 aus dem Archivgrab. Und es stellte sich heraus,
1439 2668 2340 2750 halbe Nacht mit zwei Kurtisanen, deren eine sich
2350 2699 3253 2764 Beet ein Bett. Und die Sprossen dieser Nacht
3258 2707 3399 2776 junge
1438 2723 1916 2813 sterblich in ihn verliebt.
520 2723 1434 2800 daß „Der Schleier der Beatrice“ nicht zer¬
2354 2746 3253 2820 sollen adelig geboren sein. Doch die Haupt¬
3264 2767 3401 2840 Er h
528 2777 1431 2868 rissen und nicht zerschlissen und auch nicht ver¬
2359 2805 3258 2875 person fehlt. Wo ist Beatrices Endlich kommt
1831 2820 1951 2874 III.
3259 2819 3382 2887 W a
520 2842 1447 2897 gilbt ist. Wohl werden schärfere Augen da und
2361 2863 3257 2925 sie. Wo war sie? Ein spannendes Verhör folgt.
1523 2849 2349 2943 Im zweiten Aufzug winkt dem Traum
520 2894 1445 2974 dort Flecken bemerken, die aber das feine Ge¬
2366 2908 3257 2975 Wo blieb der Schleier? Sie soll ihn herbei¬
1445 2917 2346 2991 Beatricens Erfüllung. Schon hat sie einge¬
3275 2932 3389 3004 merk
521 2939 1117 3034 #r#de nicht entwerten können.
2358 2965 3264 3050 schaffen. Sonst droht ihr der Tod. Nach langem
1443 2968 2354 3050 willigt, einen Arbeiter ihres Vaters zu hei¬
3272 2989 3390 3052 desse
2358 3025 3252 3099 Zagen und Zaudern entschließt sie sich, den
924 3024 1031 3102 II.
1443 3025 2347 3103 raten, als der Herzog erscheint und sie zum
3265 3038 3403 3112 Wohll
2368 3073 3258 3151 Herzog an den Ort zu führen, wo sie den
1442 3086 2347 3164 Zeitvertreib begehrt. Er verspricht ihr Kleider
610 3074 1439 3169 Die Zeit des großen Blut=, Farben= und
3267 3094 3393 3166 zuhel
2359 3111 3257 3203 Schleier ließ. Hand in Hand mit ihrem Ge¬
1451 3149 2358 3214 aus Damast, Brillanten und Perlen unb einen
534 3141 1430 3213 Liebesrausches, die Zeit der Renaissance in
3264 3154 3385 3225 Rein
2357 3178 3255 3253 mahl geht sie hochdramatisch ab. Sie geht ab
1453 3186 2351 3258 Schleier von wunderbarer Schönheit. Doch
534 3190 1439 3263 Italien, die Jakob Burckhardt exakt erforscht
3262 3203 3402 3284 Elter
2363 3244 3137 3318 und Schnitzler kommt, stürmisch gerufen.
1439 3241 2353 3328 Beatrice, die mit dem Sänger bedingungslos
530 3251 1439 3315 und Gobineau frei nachgedichtet hat, wird uns
3265 3261 3386 3331 stung
2443 3270 3258 3354 Ich kann nicht sagen, wie viel adelige
1451 3301 2347 3373 gehen wollte, will vom Herzog geheiratet
526 3301 1440 3377 in Artur Schnitzlers Schauspiel fünfaktig ver¬
3267 3315 3391 3396 Fiezu
2364 3338 3258 3419 Sprossen inzwischen der Stadt Bologna im
1446 3355 2359 3423 werden! Und der Fürst von Bologna sagt in
536 3361 1436 3425 trieben. Der Teufel ist los; Gift und Dolch
3266 3375 3384 3438 ganze
2359 3393 3259 3472 Park der Minne geschenkt wurden, nur so viel
1455 3400 2353 3487 einer effektvollen Szene Ja und Amen. Der
534 3411 1437 3488 sind der Argumente letzte; Grausamkeit und
3270 3426 3401 3493 Ovat
2355 3451 3247 3531 weiß ich, daß dort jene Dirne, die das Gift in
1443 3462 2344 3536 aus allen Himmeln gestürzte Angestellte des
521 3466 1441 3537 Liebesleidenschaft, Vernichtungsgier und Kunst¬
3269 3478 3394 3543 glänz
2367 3496 3256 3584 den Becher geschüttet hat, einen Jüngling mit
1448 3523 2346 3577 Wappenschneiders erdolcht sich aus Liebesgram.
526 3528 1442 3583 begeisterung, Verkommenheit und Edelmut
1527 3555 3256 3625 Der britte Aufzug spielt wieder bei ihrer Haarnadel erstach. In ihren Armen, das
541 3577 1448 3649 führen einen Hexensabbat auf. Es gärt in
3239 3575 3386 3692 zurech
1430 3607 2666 3708 Filippo. Mitternacht naht und die zwei Kind war totl
529 3623 1292 3721 allen Akten, aber es gärt hock poctisch.
735 3748 1081 3923 42
