3436 4448
272 161 1767 265 14. Der Schleier der Beatrice
713 1258 1177 1349 Telephon 12801.
346 1371 1557 1440 Alex. Weigl’s Unternehmen für Zeitungs-Ausschnitte
1346 1420 1569 1496 Ausschnitt
331 1354 593 1524 810
571 1438 1284 1571 „OBSERYEP“
1181 1501 1226 1568 1
1378 1478 1634 1567 Nr. 56
232 1554 1647 1640 I. österr. behördl. conc. Bureau für Zeitungsberichte u. Personalnachrichten
436 1616 1457 1705 Wien, IX/1. Türkenstrasse 12.
619 1687 1252 1767 — Filiale in Budapest: „Figyelö“
232 1744 1660 1815 Vertretungen in Berlin, Chicago, Genf, London, Newyork, Paris, Rom, Stockholm.
221 1894 736 1971 Ausschnitt aus:
787 1885 1496 2043 Täsliche Rundschas, Barhn
231 2012 722 2115 vom: / 1005
570 2329 1234 2413 Aus dem Kunstleben.
636 2391 1145 2469 Deutsches Cheater.
401 2452 1424 2513 Dem Versschauspiel Arthur Schnitzlers, „Der
356 2457 1428 2557 Schleier der Beatrice", das schon seit Jahren
363 2530 1429 2594 als Buch vorliegt, ist gestern sein Recht auf Auf¬
356 2581 1421 2654 führung geworden. Der feinsinnige, den Problemen
364 2624 1414 2700 des Ewig=Weiblichen besonders tief nachspürende Dichter
362 2665 1412 2744 hat hier sein reifstes, sein gehaltvollstes Werk zu
354 2720 1419 2774 geben versucht, leider in oft recht krauser, die Fäden
360 2757 1424 2832 nicht bloß verwickelnder, sondern auch verwirrender
227 2798 336 2866 Für
348 2802 1413 2871 Form. Das Stück besitzt starke Einzelschönheiten,
1431 2798 1614 2883 inclusive
357 2837 1407 2927 die indessen unter der Menge des Gleichgül¬
1449 2873 1594 2922 Porto.
347 2886 1410 2973 tigen, Matten, Belanglosen oft nur schwach her¬
1407 2905 1601 2960 Zahlbar
351 2928 1417 3005 vorleuchten. Wir wollen dem Werk, das an
1427 2947 1625 3008 n Voraus.
339 2982 1413 3052 einem grellen Theaterabend allzu flüchtig vorüber¬
1425 3002 1650 3069 te ist das
343 3024 1402 3091 huscht, noch am Montag einer Betrachtung widmen.
225 3041 376 3096 Abonr
1408 3044 1653 3111 tcht es den
434 3070 1398 3143 Verse sprechen ist gegenwärtig nicht Sache
225 3084 359 3150 Abonr
1406 3096 1532 3161 lern.
345 3114 1399 3182 des Deutschen Theaters. Es kam eine im ganzen
339 3156 1399 3230 recht nüchterne Vorstellung zu stande, in der auch
1410 3165 1646 3231 haltend die
215 3203 1399 3274 Inhal die sonst festesten Säulen dieser Bühne, Herr
1402 3216 1644 3271 Morgen¬
229 3251 1403 3336 hlät Rittner und Herr Bassermann, bedenklich wankten.
1441 3255 1646 3309 Zeitung“)
232 3301 1361 3341 wodur Auch darüber am Montag noch einiges. Paul Mahn.
1396 3292 1653 3351 hschaftliche
222 3323 1643 3403 Leben des In- und Auslandes in drastisener Kurze geboten wird. Diese Mit¬
232 3371 1253 3440 theilungen werden in Wien um 9 Uhr Früh verschickt.
536 3460 1328 3539 Prospecre gratis und franco.
1920 163 2373 254 box 20/4
2252 1338 2722 1428 Telephon 12801.
1879 1435 3100 1500 Alex. Weigl’s Unternehmen für Zeitungs-Aussohnitte
2874 1501 3109 1580 Ausschnitt
2089 1510 2823 1636 „OBSERYER“
2907 1562 3172 1661 Nr. 99
1754 1641 3197 1708 I. österr. behördl. conc. Bureau für Zeitungsberichte u. Personalnachrichten
1986 1694 2991 1796 Wien, IX/1, Tünkenstrasse 17.
2164 1777 2788 1852 Filiale in Budapest: „Figyelö“
1760 1831 3196 1919 Vertretungen in Berlir Chicago, Genf, Lon.don, Newyork, Paris, Rom, Stockhelm.
2021 1929 2059 1968 *
1753 1977 3135 2147 Ausschnitt aus: nehertn 8233, mi
1761 2086 2365 2202 vom. J/ (9 05
1995 2255 3058 2330 Aus Berlin wird uns berichtet: Das Schauspiel „Der
1857 2325 3044 2378 Schleier der Beatrice" von Arthur Schnitzler fand im
1863 2357 3044 2435 [Deutschen Theater eine aus Beifall und Widerspruch
1861 2422 3032 2467 gemischte Aufnahme. Nach einigen Acten war der Applaus, nach
1863 2450 3038 2496 anderen, namentlich nach dem letzten, war das Zischen stärker.
1854 2483 3046 2551 Immerhin konnte der Autor, welcher der Vorstellung beiwohnte, fast
1850 2537 3042 2574 nach jedem Actschluß vor dem Vorhang erscheinen. Schuld an dem Aus¬
1852 2570 3040 2638 bleiben des Erfolges trug vor Allem die mangelhafte Aufführung.
1853 2614 3037 2667 Rittner und Kayßler, wei sonst so tüchtige Künstler, ver¬
1860 2667 3028 2718 sagten fast vollständig in der Darstellung der männlichen Haupt¬
1858 2706 3027 2760 rollen. Nur Irene Triesch zeigte als Beatrice eine große Ge¬
1852 2751 3027 2795 staltungskraft und holte aus der Rolle Alles heraus, was nur
1854 2788 3033 2840 irgend herauszuholen war. Aber die Aufführung offen¬
1852 2826 3040 2892 barte doch auch die Schwächen des Stückes, das
1749 2862 1848 2934 Für
1856 2878 3027 2934 manchmal recht absonderliche psychologische Wege geht
1849 2906 3148 2967 und dessen Vorgänge stellenweise seltsam und stellenweise auch un= lusive
1857 2962 3128 3014 klar erscheinen, vor Allem, weil sie sich nicht aus starken inneren drto.
1849 3005 3131 3061 Nothwendigkeiten ergeben. Es ist ein Stück, das viel Feinheit, aber blbar
1855 3041 3158 3102 wenig Wärme besitzt, und es bleibt dem Zuschauer fremd trotzdraus.
1854 3086 3183 3144 aller sprachlichen und gedanklichen Schönheiten. Das Drama behandelt ist das
1735 3116 3191 3203 Abon den Streit zweier Männer um eine Mädchenseele. Die schönet es den
1738 3158 3054 3236 Abon! Beatrice, die sich der Herzog von Bologna in der letzten Nacht, bevor1.
1848 3213 3049 3252 die Stadt vom Feinde erobert wird, zur Braut erwählt, verläßt in
1860 3257 3179 3305 derselben Nacht heimlich ihren herzoglichen Bräutigam, um zutend die
1729 3281 3170 3343 Inhal dem Dichter Philippo Loschi zu eilen. Nachdem Loschi sich ohneirgen¬
3118 3342 3183 3396 *)
1736 3339 3144 3401 blälersichtlichen Grund in ihrer Gegenwart vergiftet hat, kehrtleitung
1740 3373 3185 3442 wodut Beatrice zum Herzog zurück. In des Dichters Hause hat sie aberhaftliche
1731 3401 1883 3452 Leben
1737 3440 3180 3492 theiln ihren Schleier vergessen. Der Herzog zwingt sie, mit ihm denese Mit¬
1858 3468 3039 3527 verlorenen Schleier zu suchen und ihn so zu der Leiche ihres
1846 3503 3046 3564 anderen Geliebten zu führen. Der Herzog verzeiht ihr, aber ihr
1838 3550 2303 3618 Bruder sticht sie nieder.
