3436 4352
1682 176 2618 237 macht ja wohl seinen besten Vorzug aus. Nur vewegt
716 197 1665 256 Wiedergabe einer häßlichen Wirklichkeit weiß sich Philipp
1682 223 2618 285 sich Hirfchfeld vielfach in einem gar zu engen Kreis,
718 236 1667 302 Langmann in seinem neuesten Drama „Corporal
1671 269 2617 354 den wir durch ein weiteres Gesichtsfeld gern ver¬
715 284 1668 354 Stöhr"*) vollkommen freizuhalten, trotdem auch er
1679 307 2634 380 größert sähen. Als ein Bodenständiger dagegen im
711 334 1661 414 uns ein Armelentstück voll ergreifender innerer Wahrheit
1671 361 2624 430 besten Sinne tritt uns Halbe in seinem dreiactigen
706 380 1664 455 gibt. Da ist jedes Wort geprägt und selbstverständ¬
1685 412 2628 477 Drama „Haus Rosenhagen"*) entgegen. Das
718 422 1674 502 lich, jede Situation durchempfunden, motivirt und
1687 470 2628 520 Stück könnte ebensogut „Mutter Erde“ heißen, denn
723 479 1672 548 nothwendig, genau wie im „Bartel Turaser“, mit
1678 510 2627 569 der geheimnißvolle Zauber, mit dem uns die heimat¬
721 528 1670 587 dem „Korporal Stöhr“ das Colorit gemeinsam hat.
1685 569 2631 616 liche Erde umspinnt, sowie die mächtigen Impulse,
722 581 1663 631 Leider nur schädigt der Dichter den tiefgehenden Ein¬
1677 602 2632 679 die wir von ihr empfangen, finden auch in diesem,
708 630 1672 676 druck der ersten zwei Acte durch einen überhasteten,
1677 650 2626 715 gleichermaßen von Heimatskunst und Heimatsliebe
711 661 1666 724 einigermaßen äußerlichen Abschluß. Ein junger Glas¬
1685 703 2637 769 getragenen Drama kräftigen Ausdruck. Auch das
721 714 1674 788 arbeiter ist nach Ableistung seines Militärdienstes
1680 742 2685 807 Milien, das ostpreußische Gut mit seinen frucht=I3
727 766 1664 828 nach Hause zurückgekommen. Eine energische Kraft¬
1679 792 2642 865 tragenden Aeckern und dichtraustchenden Wäldern ist
726 816 1672 877 natur gleich seinem Vater, unbeugsam und knorrig
2626 832 2694 898 d
1677 839 2635 909 dasselbe, und fast scheinen uns auch die Menschen
714 866 1670 925 wie dieser, hat er sich mit ihm nicht recht vertragen
1678 888 2705 960 die Gleichen: ein sterbender Vater und ein jungerr
718 916 1674 970 können. Die beiden Hartköpfe geriethen aneinander,
1680 935 2643 1008 Erbe, den es zur Mutter Erde treibt, ein junges
728 954 1672 1024 daß es Funken sprühte, und der Junge ging in Un¬
2631 977 2707 1045 2
1690 984 2637 1054 Weib, das es in dieser Enge nicht duldet, ein auf¬
721 1000 1671 1063 frieden aus dem Hause. Und nun, da er heimgekehrt
1691 1034 2647 1100 geopfertes Geschöpf, das den Muth der Verzweiflung
715 1054 1669 1105 ist nach langen Jahren, gereift, ein ernster, starker
1693 1087 2638 1146 findet, und eine alte Frau mit klarer Einsicht und
722 1102 1683 1168 Mann, voll freudigen Muthes, in der Heimat zu
2634 1124 2704 1189 1
1678 1132 2640 1186 lebenskluger Erfahrung. Die Mystik des früheren
728 1145 1672 1215 wirken und zu schaffen, findet er Alles versumpft
1682 1175 2645 1243 Dramas hat der Dichter diesmal vermieden, aber er
721 1192 1667 1251 und verrottet. Die Arbeiter, die er zu einer Pro¬
1683 1227 2636 1297 eröffnet uns trotzdem mit großer Kunst aus dem
721 1237 1669 1316 ductivgenossenschaft vereinigen will, sind theilnahms¬
1681 1268 2644 1351 kleinen, recht nüchternen Motiv tiefere Ausblicke in
722 1288 1670 1365 los und ohne Verständniß, und die häuslichen Ver¬
1692 1323 2648 1383 eine schöne, offene Weite. Im wesentlichen handelt es
727 1332 1674 1409 hältnisse treiben ihm den Ekel in die Kehle. Der
1683 1369 2653 1438 sich um einen erbitterten Zwist zwischen dem Guts¬
718 1381 1680 1442 Tod des Vaters, an dem er trotz allem und allem
1687 1414 2650 1476 eigenthümer von Rosenhagen und seinem Nachbar,
737 1440 1673 1493 mit Zärtlichkeit hing, ist ihm nicht mitgetheilt wor¬
1695 1463 2642 1528 dem Bauer Voß. Nabezu unumschränkt beherrschen
728 1488 1674 1543 den, und die bejahrte Mutter tritt ihm mit einem
1688 1512 2644 1578 Rosenhagens die ganze Gegend, aus der sie die klei¬
724 1527 1687 1595 Bräutigam entgegen, der auf den Verstorbenen ein
1689 1569 2646 1619 neren Besitzer nach und nach verdrängt haben. Nur
740 1578 1692 1644 Pasquill ist. Die Schwester, sein Augapfel und sein
1700 1608 2649 1667 Voß hält mit der Zähigkeit des an seiner Scholle
743 1633 1687 1689 Stolz, ist von seinem besten Freunde in die Schande
1696 1655 2648 1732 haftenden Bauern seinen Besitz umklammert. Da
738 1678 1685 1744 gebracht worden, und sein kaum erwachsener Bruder,
1691 1699 2654 1770 macht der junge Rosenhagen'sche Erbe die Entdeckung,
729 1720 1685 1786 ein verwahrloster Taugenichts, lebt mit dem Mädchen,
1691 1754 2653 1831 daß eine große Wiese, um die es ihm ganz besonders
738 1768 1687 1830 mit dem er selbst längst versprochen war. Lukas,
1697 1805 2654 1874 zu thun ist, gar nicht Voß zugehöre, sondern Ge¬
738 1819 1692 1882 der Korporal, macht schnell reinen Tisch. Den ver¬
1701 1849 2642 1912 meindeeingenthum ist. Trotzdem bietet er jenem eine
744 1875 1692 1932 späteten Bräutigam seiner Mutter jagt er davon,
1705 1906 2648 1970 ungewöhnlich hohe Kaufsumme. Denn er braucht den
733 1909 1693 1990 und den Liebhaber seiner Schwester bewegt er, dieser
1707 1954 2651 2016 ganzen Besitz, um für seine Braut einen prächtigen
731 1965 1694 2027 die Ehre wiederzugeben. Das leichtfertige Ding aber,
1698 2011 2661 2065 Herrensitz mit schöner Aussicht zu errichten. Diese
729 2016 1685 2088 das sich mit seinem Bruder eingelassen hat, bringt
1697 2041 2655 2106 aber, eine gefeierte Weltdame, die es in dem Schatten
746 2060 1692 2125 er in einer an eine Scene aus Anzengrubers „Vier¬
1697 2091 2657 2156 der dichten Wälder fröstelt, auf den flachen Feldern
734 2103 1687 2173 tem Gebot“ anklingenden Unterredung dazu, den
1701 2139 2656 2195 langweilt und in der Enge des Dorfes verstimmt,
748 2147 1691 2208 Burschen freizugeben. Seine feste, auf das Ehrbare
1701 2196 2666 2256 setzt dem Liebsten zu, mit ihr hinauszuziehen in die
736 2199 1697 2263 und Solide gerichtete Art, die für sich selbst so gar
1704 2230 2652 2300 glänzende Buntheit des Lebens. Er sträubt sich heftig,
734 2243 1696 2315 nichts übrig hat, macht einen tiefen Eindruck auf das
1700 2277 2657 2360 sie lockt und zieht und schmeichelt und verwirrt ihn,
749 2297 1688 2375 Mädchen. Eine Umkehr von ihrem der Schande ver¬
1697 2330 2668 2400 aber schließlich unterliegt sie in dem Kampfe gegen
737 2344 1702 2403 fallenen Leben ist ihr nicht möglich, deshalb wirft sie
1710 2373 2659 2436 die heimatliche Mutter Erde. Sie gibt ihn auf und
749 2392 1697 2462 es von sich. Ihre Eltern jammern, daß ihre beste
1713 2442 2654 2485 rüstet zur Abreise. Er aber, in höchster Aufregung,
748 2435 1689 2509 Erwerbsquelle versiegt ist, der leichtsinnige Liebhaber
1702 2473 2665 2537 kündigt den hartnäckigen Nachbar, der nicht verkaufen
742 2494 1697 2552 findet sein befseres Selbst wieder, und Ko oral Stöhr
1704 2522 2667 2600 will, denkampf auf Leben und Tod an. Voß, der
747 2538 1703 2606 verläßt an der Seite einer braven Frau die Heimat
1703 2569 2661 2636 es nicht ertragen kann, daß ein Fremder auf seinem
751 2595 988 2667 für immer.
1704 2617 2665 2678 Boden hause, kommt nächtlicher Weile heran und
827 2614 1697 2691 Sowohl Schamann als auch Langmann lassen
1711 2664 2657 2723 erschießt den letzten Rosenhagen aus dem Hinterhalt.
746 2678 1703 2752 ihre Stücke in Mähren spielen; der erstere in der
752 2710 2665 2781 Landeshauptstadt, der zweite in einem Dorfe. Wäh¬ Die allerlösende, Ruhe und Frieden spendende Mutter
1710 2757 2404 2838 Erde hat ihr Kind zu sich berabgeholt.
746 2775 1704 2832 rend aber in dem Drama des Erstgenannten nichts
2131 2779 2633 2877 Dr. Arnold Grünberger.
746 2823 1707 2897 weiter specifisch zu sein scheint als allenfalls die
749 2877 1714 2932 Mundart und die Redeformen, steigt aus „Korporal
759 2921 1705 2989 Stöhr“ allerdings jener besondere Duft empor, der
2000 2918 2346 3021 Literatur.
746 2961 1718 3034 die Eigenart eines besonderen Kreises, einer beson¬
1773 2983 2674 3070 F. A. Neues Leben. Dichtungen von Karl
743 3010 1711 3087 deren territorialen oder wohl auch culturellen Pro¬
1716 3048 2673 3115 Heuckell. Zürich und Leipzig, Verlag von Karl!
747 3063 1709 3144 vinz kennzeichnet. In noch weit stärkerem Grade
1720 3088 2671 3163 Henckell & Co.) Erst vor zwei Jahren hat Karl
752 3122 1712 3173 aber ist diese eigene Prägung den neuesten dramati¬
1720 3132 2674 3216 Henckell die Auslese seiner Dichtungen in einem
751 3162 1712 3224 schen Erzeugnissen von Max Halbe und Georg
1714 3184 2663 3258 Sammelbande vereinigt; stürmische Trutzgesänge gegen
757 3206 1710 3284 Hirschfeld aufgedrückt. In Hirschfelds Li¬
1721 3229 2680 3313 die Zwingburgen der Menschheit, die mit ihrem düstern
749 3254 1714 3307 teratenkomödie „Der junge Goldner““ wohl
1722 3293 2673 3355 Drohen in unsere neue Zeit ganz so finster hinein¬
748 3313 1708 3381 kaum zum Nutzen der theatralischen Gesammtwirkung.
1722 3341 2666 3398 ragen wie ehemals. Es that wohl, den kecken, frischen
753 3351 1704 3419 Das an Ibsen'schen Einfluß gemahnende Grund¬
1723 3381 2679 3450 Ruf zu hören und mit ihm durch dick und dünn zu
749 3391 1716 3468 motiv des Stückes ist das durch keinerlei Rücksicht zu
1712 3427 2670 3512 gehen, dem jugendlichen, frohen Ruser zum Streit.
753 3448 1706 3508 hemmende Eintreten für die Wahrheit und Ehrlichkeit
1713 3478 2671 3543 Aber Heuckel hat sich an den überströmenden Klängen
756 3495 1705 3558 in den Kunstanschauungen wie in den Lebens¬
1725 3516 2673 3602 „von der Zinne der Partei“ nicht genügen lassen. Er
755 3538 1713 3606 principien, der stoffliche Inhalt ist das Zurückweichen
1714 3584 2675 3635 ist gereist und hat auf weichere Töne horchen gelernt
762 3592 1711 3645 eines zum Theaterdirector avancirten Kunstrichters
1720 3623 2680 3689 und versteht nun auch das Glück zu genießen und zu
750 3642 1702 3698 vor der Opportunität gelegentlich der Zurückweisung
1722 3670 2675 3748 halten. Die Erhöhung des Daseins, die ihm seine
766 3695 1703 3764 eines zur Aufführung bereits bestimmten Theater¬
1711 3712 2672 3787 junge Ehe gebracht, klingt und singt aus seinem jüng¬
759 3730 1717 3800 stücks. Die Richtigkeit der Annahme, daß damit die
1721 3771 2676 3838 sten Gedichtbande „Nenes Leben.“ Die Einleitung
758 3779 1716 3842 seinerzeit viel erörterte Behandlung des Verfassers
1717 3818 2675 3879 des farbenfrischen Buches bilden Stanzen, in denen
762 3821 1710 3896 des „Schleiers der Beatrice“ seitens der ersten Bühne
1718 3858 2665 3928 er sich mit gerader Festigkeit gegen den Vorwurf ver¬
758 3875 1714 3952 seiner Vaterstadt verspottet werden sollte, mag dahin¬
1722 3907 2673 3979 theidigt, als ob er das Ideal seiner Jugend aufge¬
1718 3956 2672 4031 geben, und klarlegt, daß er nur von erhöhterem
848 3960 1711 4067 *) Stuttgart, J. G. Cotta'sche Buchhandlung
772 4031 1004 4115 Nachfolger.
1807 4036 2276 4121 *) Berlin, Georg Bondi.
900 4052 1451 4135 Berlin, S. Fischer, Verla###
