3392 4320
1945 221 2389 326 box 20//4
278 227 1786 336 14: Der Schleier der Beatrice
1561 1078 1816 1170 Die Zukunft.
1005 1082 1145 1168 522
1002 1144 2389 1222 Mann nicht aus; wie sollte ein unerfahrenes Mädchen ihn nach zwei Tagen
999 1238 2392 1305 kennen? Einen Traum hatte sie ihm erzählt; er würde gewiß lachen. Auf
1013 1278 2398 1358 ihrem Bett war sie, als sie sich für ihn schmücken wollte, eingeschlummert, für
1003 1349 2385 1425 Minuten nur; und im Traum — wie drollig! — sah sie sich im Brautbett
1015 1410 2389 1488 der Herzogin, fühlte den heißen Athem des Fürften dicht an ihren Lippen und
1010 1478 2386 1553 fuhr jäh auf. So wunderlichen Traum muß man doch erzählen. Aber der Freund
1013 1538 2396 1606 lacht nicht. Einen Schöpfer hatte er sich gewähnt. Und sein Geschöpf träumtsich
1021 1603 2386 1678 aufs Buhlbett eines Anderen? Du sollst keine Götter haben neben mir! Jeder
1021 1668 2402 1727 Schöpferwahn befiehlt so. Liebe könnte verzeihen; Manneseitelkeit kann nie
1011 1727 2400 1787 vergessen. Mit rauhem Wort jagt der Freund das Mädchen hinaus. Beschmutzt
1023 1773 2389 1861 bist Du, Deines Traumes Dirne, nie umfängt Dich wieder mein Arm! Beatrice
1024 1838 2389 1905 faßts nicht. Ganz betäubt kehrt sie ins enge Haus heim. Der Bruder bringt
1011 1905 2400 1984 ihr den Bräutigam: sie fügt sich. Der Herzog wirbt: sie wird Herzogin. Nun
1022 1967 2395 2037 aber, da der Traum Wahrheit werden soll, da die Mägde schon das Braut¬
1023 2016 2397 2095 gemach rüsten, nun packt sie die Scham. Bei ihm nur war Leben gewesen.
1030 2093 2387 2157 Puppen hatte seine Rede zu Menschen gewandelt. Aus dem Palast läuft sie
1020 2145 2392 2217 zu ihm. Sterben, gemeinsam sterben mit ihm, der sie leben lehrte! Eines
1019 2210 2401 2267 Mädchenhirns dünnes Gespinnst. Nardis schöne Tochter ist keine Heldin.
1024 2272 2397 2341 Als der Geliebte ihr, sie zu prüfen, den Glauben einspricht, sie habe Gift ge¬
1017 2331 2407 2404 trunken, flackert die Lebenssucht aller Kreatur auf. Schmach und Lüge lieber
1016 2404 2402 2459 als Tod. Von des Freundes Leiche eilt sie zum Herzog zurück, ins Leben.
1020 2455 2407 2527 Und nun muß sie zum dritten Male an diesem Tag der Wirrung den wohl¬
1024 2512 2405 2577 bekannten Weg gehen, muß den Mann, dem sie angetraut ward, in den Raum
1028 2572 2402 2648 führen, der ihres Glückes Brautkammer war, ihres Liebstenletzte Ruhstätte ist.
1138 2633 2402 2716 Die Kerzen sind herabgebrannt. Auf dem Tisch die Reste eines Mahles,
1036 2704 2404 2765 bei dem der Hausherr mit florentinischen Metzen tröstenden Rausch gesucht
1036 2776 2417 2841 hatte. Und da liegt der Schleier; auf sein Geheiß ließ sie ihn fallen. Schnell
1033 2811 2409 2906 wieder fort. Ist nicht unsere Hochzeitnacht, Lionardo? Leise naht schon die
1029 2883 2418 2961 Sonne dem erglühenden Erdball. Früh mußt Du ins Feld. Schnell ins
1030 2937 2406 3009 Schloß heim! Ist die Sehnsucht nach meinem Kuß denn verraucht? Das
1027 2997 2422 3072 arme, von Todesschauern geschüttelte Weib müht sich, bräutliche Lust zu
1033 3061 2414 3136 heucheln. Doch in dieser Nacht soll ihr nichts mehr gelingen. Hier, worin An¬
1033 3117 2418 3199 derer ihren Leibwärmte, will der Herzog sein Eheherrnrecht; wozu in die kalte
1036 3189 2408 3250 Pracht erst zurück? Da sieht er, am Fuß des Bettes, den Körper des Glück¬
1038 3240 2409 3314 lichen, dessen Reiz eine Fürstin vom Thron gelockt hat. Der also ists. Und
1040 3311 2421 3384 schläft, kann schlafen, wie ein Stallknecht, der nach viehisch gierigem Saufen
1031 3376 2418 3459 an der Krippe hinsank. Wach auf, Du Lümmel, Du lahmer Buhle, Du
