3436 4448
255 160 451 254 14
1132 159 1213 238 d
1924 162 2386 271 box 20/6
431 170 1873 279 Der Schleierder Beatriee
2114 775 2277 877 drde¬
2052 797 2370 913 Sr. ,und
2249 855 2368 915 Je
2067 869 3133 967 krang. Mandale. Bechrifriche
138 881 1893 1004 r vor. Der ehemalige Van de Vyvere fiel, gab der König zunächst diesem die Gelegen
2080 937 3142 1011 artei 91, die liberal orientierte, der Regierung
147 960 3150 1001 Merlin, der beim heit zur Verwirklichung seines Planes. Die Aussichten, daß es nahesteh### Ripka=Partei 23 Mandate und die
638 1061 3153 1157 Ganz nach Freud, der ja das Schaffen Schnitzlers viel wesent= Biedermeierische gewendet und eine Pantomime aus ihm gemacht
133 1067 313 1181 hn.
652 1102 3144 1201 licher beeinflußt hat, als man glaubt, ruft er ihr zu, daß hat. Die treibende Handlung besteht aus Szenen, die das
649 1153 3144 1258 1 Träume Begierden ohne Mut“ sind, freche Wünsche, die das Dramatische an sich kontrastieren und das Wort entbehrlich machen.
129 1176 256 1281 er.
651 1195 3147 1302 Licht des Tages scheuen“. So jagt Filippo die fassungslose Was ist an „Handlung“ in diesem Renaissanceschauspiel? Bologna
140 1251 643 1351 r der Beatrice“,
645 1248 3149 1349 Beatrice daven und als sie später trotzdem wiederkommt, prüft ist vom Feind eingeschlossen. Es gibt kein Entrinnen und der
141 1313 571 1401 AArtur Schnitzler.
652 1293 3143 1398 er sie von neuem mißtrauisch und stellt sie auf die Gistprobe. Ausfall der Truppen bedeutet sicheren Tod. Noch ist eine Nacht
648 1348 1886 1446 die sie nicht besteht. Sie fürchtet nicht den Tod, aber sie hängt
1876 1373 3146 1429 zum Leben da, zum Ausleben, und es soll eine Nacht der letzten
641 1390 1540 1474 am Leben, das ihr mehr zu bedeuten scheint.
130 1390 315 1501 bson.
1874 1415 3141 1479 Elstasen sein. Beatrice, von ihrem Dichter verstoßen, ist eben
755 1445 1899 1531 Auch zur Schicksalstragödie führt der Weg Schnitzlers Aber
1874 1468 3145 1528 dabei, einem andern jungen Mann zur Hochzeit zu folgen, als
124 1459 669 1561 Khauspiel. Es drängt zum
649 1493 3138 1591 es sind immer nur Motive, nicht Ziele. Er preßt. mehr als ihr der schöne und tapfere Herzog entgegentritt. Sein Blick
143 1545 3127 1597 n ihm. Es entfaltet seine sonst, die Gegensätze: Leben und Tod in diesem Schauspiel zu- trifft sie ins Herz und ins Blut. Er wirbt um sie, sie sagt Ja,
141 1585 667 1651 es verliert sie, wenn sie
647 1591 3147 1691 sammen; Leben ist „die Fülle, nicht die Zeit" und Tod das Ende aber nur wenn er sie zur Frau nehmen will. Es ist die letzte
142 1641 3145 1686 ieder die Szene dramatische einer Fahrt, wo hinter Mauern erst das gewaltigste aller dunklen Nacht des Herzogs und er willigt ein. Aber von der Hochzeit
126 1669 663 1752 die der Worte austat, und
648 1685 1878 1770 Abenteuer wartet. Den Schnitzlerschen Menschen genügt es nie,
1880 1713 3128 1789 weg schleicht sich die junge Herzogin zurück zum Dichter, der das
167 1728 668 1811 plötzlich Bindungen für
648 1728 3134 1840 zu leben und zu sterben. Sie leben ihr Leben nicht einmal, Blut zuerst in ihr geweckt hat. Doch hier, wo sie geglaubt hat,
641 1784 3138 1888 sondern tausendfältig, aus dem Blut und aus dem Gedanken, sie ihr höchstes Liebesopfer zu bringen, stößt sie auf Mißtrauen, und
149 1802 3137 1919 Buch und Bühne. Im können kein Gefühl äußern, ohne sich obendrein noch Rechenschaft als sich der Dichter vor ihren Augen tötet, entläuft sie voll
126 1880 3132 1987 dem Theater verzögert man darüber abzulegen, ohne daß sie nachprüfen, ob es echt war; sie Angst zurück ins Schloß. Den Schleier hat sie allerdings bei
139 1928 3134 2021 hlich klar. Das Stück ist reißen sich die Brust auf, um ihr Innerstes zu betrachten, und ihrer Flucht vergessen und nun umfängt den Herzog die große
154 1992 3123 2061 wandeln wie im Schlaf. sie sterben anderseits tausend Tode, noch ehe sie zu leben auf= Enttäuschung an der Reinheit des Weibes. Er fordert von ihr,
145 2032 1736 2104 fallen ins Dunkel zurück, gehört haben, immer nach dem letzten Geheimnis suchend.
1856 2030 3130 2128 daß sie ihn dorthin führe, wo sie den Schleier liegen ließ. Dort
146 2066 661 2135 sind, drängen ins Helle.
736 2074 3134 2181 Dieses Schauspiel ist nicht von heute. Schnitzler schrieb es will er dann Brautnacht feiern, und Beatrice, die zum Leben
128 2101 662 2186 kers ist beinahe immer nur
639 2104 3128 2224 vor fünfundzwanzig Jahren, aber es könnte ebensogut am Anfang drängt, über den Tod trumphieren will, erleidet ihr Schicksal vor
121 2159 3138 2264 acht, für das er Schicksals= wie am Ende seines Dichtens stehen. Der Kreislauf seines mystischen der Leiche Filippos. Das ruhelose Weibtum Beatricens war
146 2219 3127 2337 Zusammenhang schrieb er Träumens, des tiefen Suchens um die Zusammenhänge des Welt= immer nur die unerklärliche Angst: das Leben und die Liebe zu
151 2271 2755 2348 nichts anderes sind, sind geschehens und das ewige Erkennen des Urgefühls, das im Ver= versäumen und eine Flucht vor dem Sterben.
149 2308 1882 2395 rasch auch wie in Richt- langen nach Liebe liegt, der Drang nach Wahrheit und die
1964 2322 3120 2414 Schnitzler hat ins Weite und Breite komponiert. Das
143 2352 643 2444 Gedankenspielen entstand,
646 2362 1865 2442 schmerzliche Skepsis, daß sich Handeln und Wollen ständig ver¬
1870 2366 3126 2470 Theater aber heischt Verknappung, was manchmal auch Ver¬
138 2398 308 2463 hkeiten.
634 2393 1867 2490 schieben, ist in diesen Stück eingeschlossen und darüber hinleuchtet
1862 2435 3118 2510 gröberung ist. Wo man das Messer, den Bleistift, ansetzt, fällt
121 2453 3120 2557 Lulu, natürlich ein schnitz= wie ein Stern über dem Chaos nur der inbrünstige Glaube Wertvolles zum Opfer. Scheinbar Entbehrliches erweist sich später
132 2506 1872 2588 frice ist Erdgeist, Weib an an die Unvergänglichkeit aller Kunst. Oder des Dichtens. „Ein
1855 2526 3129 2610 doch als unentbehrlich, und was fein wie Spinnseide die einzelnen
146 2550 1879 2648 n ihr sterben die Männer, Lied, verweht's der Zufall nicht, ist's ew'ger als der kühnste
1852 2566 3119 2647 Gedanken und Teile zusammenhielt, wird zum groben Handlungs¬
127 2584 1412 2659 nbewußt in ihrer Schuld. unserer Siege“ ... Das ist Schnitzler.
1851 2613 3111 2713 faden, wenn die Verknüpfungen sich lösen. Ich weiß nicht, ob
157 2639 653 2718 sie. „Warum war ich
730 2652 3126 2754 Geht man diesem Stück im einzelnen nach, um den jemand, der das Stück nicht kennt, aus der Aufführung sein
144 2672 648 2759 u bringen und weiß doch:
627 2693 3123 2814 Widerspruch zu ergründen, warum es im Buch um so unendlich Wesentlichstes und Reizvollstes erkennt. Es ist vieles entfernt, was
146 2750 646 2812 ist eine Dämmerseele und
630 2753 1875 2826 stärker wirkt als auf der Bühne, dann springt schroff auf:
1853 2765 3116 2860 man schwer vermißt, nicht zuletzt das Entscheidende: die Lust und
138 2792 649 2861 ist eigentlich müde wie sie
635 2802 3119 2898 es ist irgendwie verbaut. Es kommt aus dem Reflektiven ins die Schauer der letzten Nacht vor dem Tod, der draußen lauert.
148 2853 3114 2908 wenn sie von einem zum Dramatische, aus dem Dramatischen wieder ins Reflektive. Die Die Volksszenen, voll Echtheit und lebendiger Einfühlung sind
618 2891 3113 2999 Linie ist vielfach gebrochen, die „Verknüpfungen“ häufen sich, sind ganz verschwunden, wie so vieles verschwand, was den Gehelt
129 2918 1858 3028 itzler deutlich den Sprung manchmal schwer erkennbar und dann wieder nicht
1844 2966 2657 3035 des Schauspiels in tieferen Sinn auflöst.
131 2967 631 3049 kriamne immer von neuem
627 2988 1283 3063 zu entknoten. Dabei ist
1314 2995 1427 3070 der
1454 2990 1593 3066 rein
1617 2995 1872 3081 dramatische
1943 3007 3099 3099 Oder liegt das nur allein an dieser Aufführung des Burg¬
118 3027 640 3101 aß ihre Liebe von keinem
623 3040 3111 3137 Grundeinfall stark und wirkt an sich noch stärker fort. theaters, die leer und immer leerer läuft, zu einem fatalen
124 3076 639 3144 er Dichter Filippo in dem
629 3088 1855 3164 Es ist kein Zufall, daß aus diesem „Schleier der Beatrice“ ein
1844 3103 3108 3188 Puppenspiel wird, ganz bunte Maskerade von Menschen mit
132 3135 3105 3187 trice wohl nicht unters „Schleier der Pierette“ wurde, kein Zufall, daß Schnitzler Spruchbändern im Munde; eine Aufführung, die alle Stimmung
140 3187 3109 3278 ihm schon Schuld genug. denselben Stoff aus der Renaissancezeit später ins wienerisch schuldig bleibt und mit Darstellern, die am Charakteristischen
