3436 4320
1855 156 2317 251 box 20/4
195 161 1704 281 14: Der Schleien derBeatrice
1555 864 1848 956 Kunstberichte.
1012 873 1142 953 258
1012 977 2404 1041 Trauer neben den Tränen, das Mitleid neben dem Zorn, das Lächeln
1006 1026 2408 1085 neben der Anbetung Platz finden, so ein vollkommenes Spiegelbild der
1008 1079 1440 1140 Menschheit schaffend.“
1113 1119 2413 1178 Was dieser schwärmerische Liebhaber der Antithese und der schönen
1024 1175 2404 1222 Periode hier sehnsüchtig als Kunstideal aufstellt, hat er selber sogleich
1021 1222 2415 1272 schlagend als Akopie gebrandmarkt, durch die Tat widerlegt. Renan blieb
1008 1270 2418 1323 mit seinen philosophischen Dramen im Wollen stecken. Der Theaterkeufel,
1016 1311 2417 1365 der nachweislich schon „manche tausend Jahre an dieser harten Speise
1016 1364 2425 1426 kaut“ — hätte ihn darüber belehren können, daß die Thespiskärrnerei eine
1010 1418 2420 1470 Massenkunst ist, die nicht für die letzten Gedanken, ja nicht einmal für die
1009 1458 2422 1512 großen, wenn überhaupt für Gedanken taugt, die zu eng verknüpft ist mit
1008 1526 2418 1577 den räumlichen Bedingungen der kubischen Bühne, mit den Bedürfnissen
1021 1567 2402 1616 der hohlen Menge und ihrem Geschmack, als daß hier in „absehbarer Zeit“
1017 1618 2415 1672 auf Wandel zu hoffen wäre. Und wenn schon ein Geist wie Renan an
1006 1661 2420 1732 dieser Aufgabe jämmerlich scheitert, was bleibt da den Liliputanern für
1020 1721 2417 1771 Hoffnung? Renans philosophische Dramen sind Zwitterwesen, die zwischen
1016 1780 2424 1828 Buch und Bühne nicht leben und nicht sterben können. „Die Abtissin von
1017 1808 2425 1872 Jouarre“ wäre unter ihnen immerhin noch am geeignetsten für das Theater,
1007 1858 2413 1916 weil sie im Gegensatz zu dem phantastischen Wust der übrigen schlicht und
1020 1914 2411 1983 menschlich bleibt, ja die Fabel, aus dem dankbaren Milien der französischen
1016 1959 2412 2018 Revolution geschöpft, wäre wohl einer dramatischen Gestaltung günstig,
1008 2014 2422 2068 aber so wie Renan den Stoff anfaßt, fügt er sich nicht zu lebenden Bildern,
1013 2053 2416 2122 es sind Worte, Worte, Worte, die im Lauf der Stunden ermüden und uns
1006 2107 2414 2172 als Mißvergnügte aus dem Theater entlassen. Typisch für Renans dra¬
1006 2155 2423 2203 matischen Pulsschlag ist der zweite Akt, dem Stoff nach der Höhepunkt des
1018 2208 2413 2254 Dramas, auf dem die Abtissin und ihr jugendlicher Liebhaber die letzte
1010 2252 2424 2315 Nacht vor ihrer Hinrichtung miteinander verbringen und sich ihrem zugleich
1013 2311 2426 2354 ersten und letzten Liebesrausch erst hingeben zu dürfen glauben, nachdem
1011 2354 2426 2417 sie das ethische Für und Wider ihres Falles reiflich erwogen und in einer
1023 2405 2422 2467 Dissertation festgelegt haben. Angesichts des Todes, glühend vor Liebe,
1013 2462 2423 2516 müssen diese beiden Anglücklichen nach des Dichters Geheiß endlose Vorträge
1025 2500 2422 2559 halten, in wohlgesetzten Perioden ihre Leidenschaft mit Vernunftgründen
1009 2550 2424 2618 erklären und in wohlgeprägte Thesen, Hypothesen. Syn= und Antithesen
1017 2605 2422 2664 ausmünzen. In seinem Streben nach Vereeistigung hat Renan alles getan,
1013 2646 2423 2701 das zweifellos Dramatische des Stoffes auszuschalten, szenischen Aufbau,
1011 2703 2425 2761 Steigerung der Handlung verschmäht er, von dem Hauch jener großen Zeit
1011 2740 2421 2824 ist nichts zu spüren, die Charakteristik bleibt nachlässig und schemenhaft, die
1037 2798 2221 2869 Personen sind lediglich Mundstücke für philosophische Fanfaren.
1114 2850 2412 2895 Noch verfehlter als diese Auferweckung eines Toten war eine andere,
1014 2906 2409 2956 welche die Lessinggesellschaft mit „II candelajo“ von Giordano Bruno
1029 2949 2425 3011 versuchte — sie, die einige Wochen vorher mit der Ausschürfung von
1028 2998 2423 3046 Hebbels „Diamant“ eine so wackere Tat vollbracht hatte, von der
1018 3041 2417 3115 freilich unsere Herren Theaterdireksoren noch immer nicht Notiz nehmen
1031 3092 2426 3152 wollen. Von Brunos Jugendwerk indessen ist nur zu sagen, daß man
1024 3154 2416 3206 hoffen darf, es werde nach diesem offenkundigen Galvanisierungsversuch nun
1023 3189 2426 3251 für einige Jahrzehnte wieder Ruhe haben vor dramatischen Schatzgräbern.
1031 3243 2429 3304 Der Nolaner schrieb dies leichte, lockere Stück noch als Dominikanermönch
1013 3289 2436 3350 und also dem praktischen Bühnenbetrieb einigermaßen fernstehend. Der
1021 3345 2443 3415 derbe Jugendschwank hat für uns nur noch ein kulturgeschichtlich=psycho¬
