3436 4448
536 226 2992 282 Räglckg iüddege Fontdenkadis
577 387 2804 480 mit dem tägl. „Programm“ (Theaterzettel) der beiden Staatstheater zur Straßenkolportage.
146 510 2482 602 gentümer und Herausgeber: Karl Ed. Klopfer. Commandit-Verlag Klopfer & Comp., Wien, VIII., Skodagasse 28.
2609 500 3115 603 Telephon Nr. 23-1-87.
142 564 3117 661 bonnement (kann mit jeder Nummer beginnen) 1½ Schilling für 10 fortlaufende Nummern mit Postversandt: ohne Theaterzettel. Man verlange Erlagschein.
133 660 3109 731 Gatzschluß dieser Nummer: 5. Juni. Die nächste wird ab 1. Septbr. ausgegeben. Bei sämtl. Artikeln ist der Nachdruck verboten.
1088 789 2110 863 Liedern und einer Symphonischen Tondichtung
2111 805 3148 883 die unveründerlich Kleinen und lebt in glück¬
1094 835 1438 906 „Kaleidoscop“.)
145 824 1089 925 Der Schleier der Beatrice.“
2106 855 3158 917 lichster Unkenntnis dahin. Und sie plaudert
1173 866 2124 967 Spät genug also tat sich das Burgtheater dem
2107 897 3166 954 weiter in heiterem Mitteilungsdrang, als blättere
150 911 1097 984 Schauspiel in fünf Akten von Arthur
1089 926 2114 998 Drama auf, dessen Schicksal es schien, von den
2118 947 3159 1016 sie in einem Bilderbuch. Bentivoglio, Bolognas
133 963 1087 1028 nitzler. (Samstag, den 23. Mai zum ersten
1085 985 2119 1055 Zeitgenossen verkannt zu werden, wurden ja heute
2110 998 3158 1063 Herzog, ist von seiner römischen Reise zurück.
157 1015 603 1091 eim Burgtheater.)
1071 1043 2119 1103 Tnoch kritische Stimmen laut, die in Schnitzler
2106 1038 3158 1102 Er kam mit großem Gefolg durch ihre Straße
151 1057 1098 1136 Es ist das erste der zwei großen Versstücke
1093 1089 2235 1155 stets nur den Dichter des unsterblichen Süßen und
2213 1093 3167 1156 — nur auf ihr ließ er den Blick ruhn. Das
129 1136 1099 1192 itzlers, und man darf es als das bedeutendste
1081 1134 2125 1197 Mädels und den bevollmächtigten Geschäftsträger
2108 1140 3160 1205 brachte ihr dann einen anmutigen Traum, als sie
133 1183 1095 1244 k des bedeutendsten österreichischen Dichters
1089 1188 2134 1259 der „Decadence“ erblicken wollen. So kann ein
2153 1196 3123 1245 — zum Gange hierher ihre Schuhe wechselnd —
138 1228 1092 1302 Gegenwart ansprechen. Bereits 1899 ent¬
1094 1233 2116 1298 erworbener Ruhm zum Verhungnis werden. Wie
2117 1237 3154 1297 auf ihrem Bette in kurzen Schlummer verfiel.
139 1258 2119 1339 den, wurde es 1900 von Schlenther für's landers wür es, wenn man das Stück nun anonym
2113 1293 3168 1353 „Denk' nur, ich war die Herzogin!“ Filippo¬
137 1322 2125 1394 gtheater erworben, um im September des hätte aufführen können! Ich glaube, da hätte
2113 1334 3169 1406 wird stutzig. Und weiter? Sie setzt ganz arglos
135 1375 1093 1439 igen Jahres — zurückgereicht zu werden,
1080 1377 3161 1433 man allgemein begriffen, warum Schnitzler sein fort, daß sie huldvoll nach allen Seiten gedankt
138 1420 2121 1483 den Protest von sechs namhaften Burgtheater-] Bologneser Mädchen zwischen jedes Volk und in
2110 1434 3165 1508 habe, auch ihm, Filippo, der ehrfürchtig das Knie
139 1475 2127 1547 ikern herausforderte, aber keine andere ein-Ljedes Zeitalter versetzen dürfte und daß es nur
2103 1489 3166 1554 vor ihr beugte. Und daß ihr dann gewesen sei,
138 1521 1088 1585 nische Bühne bewog, sich um das Stück zu
1080 1530 3168 1587 auf die Umwelt ankommt, ob ein zögernd auf-als führe der Herzog sie durch ein Dunkel, ihren
135 1569 1097 1637 erben das nach der Uraufführung (in Breslau,
1088 1576 3169 1648 blühendes Weibtum — das die Neuheit jeder Namen flüsternd und seine Lippen den ihrigen
147 1600 1098 1683 1. XII. 1900) in Druck erschien. Anfangs
1089 1616 2122 1681 Minute in animalischer Unschuld erlebt, sich über
2119 1632 3160 1688 nähernd. — Filippo stößt sie empört zurück:
134 1647 1088 1734 8 brachte es Brahm in Berlin, erst sieben
1092 1673 2114 1736 Nichts oder Alles wundert und bald lächelnd
2109 1692 3150 1745 . Träume sind freche Wünsche, Begierden ohne
152 1723 1099 1782 acht Jahre später kam es in Hamburg heraus.
1079 1730 2116 1797 genußfroh, bald in furchtsamer Scheu vor ge¬
2105 1718 3164 1786 Mut“ und nennt sie die Dirne ihres Traumes.
143 1773 1098 1822 man scheint es nirgends gebührend gewürdigt
1076 1776 2124 1850 Tahnten Abgründen triebhaft den verläßlichen
2113 1781 3168 1833 Sie kann’s nicht verstehen. Liebt er sie nicht
139 1811 1094 1886 haben. Freilich, der Autor der „Liebelei“ und
1093 1811 2100 1875 Führer durch die Buntheit des Daseins sucht —
2103 1820 3163 1899 mehr? Er weist sie aus seinem Garten. „Wann
145 1869 1088 1930 „Anatol“-Cyklus war da bereits rubriziert.
1083 1863 2116 1915 Tals holdes Naturkind geliebt oder als leicht¬
2110 1867 3155 1918 soll ich wiederkommen?“ ist ihre bettelnde Frage.
146 1903 1086 1963 auf eine Spezialität verpflichtet, und „Schuster.
1091 1912 2124 1979 fertiges Dirnchen bis zur Hexenprobe verdammt
2109 1908 3173 1987 „Im Leben nicht.“ Das dringt ihr zu Herzen,
123 1958 1085 2014 be bei deinem Leisten!“ ist eine Mahnung.
1081 1957 2118 2023 lwird. Das echte Weib geht unverbildet durch die
2112 1963 3167 2026 und mit schier überirdischer Heiterkeit geht es
125 1993 1091 2081 n sich alle — Schuster befleißen, auch wenn
1079 1989 2120 2073 Jahrhunderte, denen die wechselnden Kampfziele
2113 2004 3165 2079 ihr ein, daß er ihr die Möglichkeit ließe, mit
141 2048 1095 2100 sich Dramaturgen oder gar „Kunstrichter“
1079 2053 2135 2121 und -spiele des Mannes den „Zeitgeist“ verleihen.
2111 2060 3166 2124 ihm zu sterben, wenn sie erkenne, daß sie ohne
136 2099 1091 2166 ken. Schlenther, der in Wahrheit das Prü¬
1178 2094 2121 2161 Mitten in jeder Kultur-Hochblüte sitzt auch
2117 2112 3165 2180 ihn nicht zu leben vermöchte. — Filippo fühlt
131 2144 1093 2201 iere vor einer verantwortungslosen Geheim¬
1088 2143 2118 2220 die Fänlnis, Schnitzlers Verständnis für diese
2112 2158 3167 2236 sich in seinem Vertrauen betrogen — durch den
135 2198 1093 2258 ur spielte, gebrauchte die Ausrede, das Stüch
1081 2193 2125 2271 Erscheinung hat man für die perverse Lust dran
2105 2209 3175 2271 Traum dieser undisziplinierten Mädchenseele, die
130 2249 1088 2305 t besetzen zu können, obwohl Frl. Medelsk,
1092 2249 2122 2322 genommen. Aber der Dichter hat vielfältige
2100 2255 3171 2334 also doch nicht bis in die geheimste Falte sein
123 2290 1092 2365 als das Gretchen spielte, bald auch die Isabel
1086 2302 2116 2365 Fühler und senkt sie in alle Kelche. Sich voll¬
2107 2307 3144 2384 Herreneigentum wäre. Er hätte ja allen An¬
130 2346 1088 2405 lerons, und sich ebenso sicher Fr. Hohenfels,
1089 2344 2751 2412 saugend mit Allem was Lebensgenuß ist, gelangt Ispruch darauf, er, der sich
2729 2350 3168 2431 — nicht bloß in
129 2400 1098 2464 zweieinhalb Jahre darnach als Monna Vanna
1085 2402 3155 2475 er zu seiner Weltgefühls-Plastik, die jede seiner Dichterträumen — jeden Tag anderen Wünschen
129 2440 1099 2517 ückte, für die Beatrice interessiert hätte.
1083 2448 3164 2519 Gestalten zum Träger ge-griffener Wahrheit Thingibt und auch dem erreichten Idealweib, das
146 2506 3171 2542 den Herzog wäre wohl Georg Reimers-Imacht. Und eben deßhalb darf man ihn nie mit ]mit jedem Gedankenkeim restlos die Seine wäre,
130 2545 2121 2608 nzivalli, später Gerasch, für den Filippo aber einer seiner Gestalten völlig identifizieren, mit
2115 2557 3152 2615 nur so lange treu bliebe, als es ihn nicht ge¬
136 2594 2127 2644 gewisser Josef Kainz zur Verfügung ge-diesem Filippo Loschi etwa, der wirklich ein
2101 2593 3167 2649 lüstet, sich eine Erhöhung des Glückes durch
135 2636 3167 2723 den. Es sollte nicht sein. Nach der Ham-Dekadenter ist, bereits ein Ermüdender, der an das Bewußtsein zu schaffen, daß es ihm auch
135 2685 1101 2753 ger Aufführung plante Alfred v. Berger als
1086 2693 2116 2752 dem Tag, an dem er die Braut aus edlem Ge¬
2104 2694 3074 2754 noch die Freiheit ließe, sich anderswo
124 2733 1104 2804 Ehfolger Schlenthers die Aufführung am Burg¬
1090 2736 2108 2801 schlecht am Sterbebett ihrer Mutter mit brünsti¬
2104 2743 3164 2821 Zwischenstimmung zu suchen. So ergreift er
121 2785 2120 2854 ater — und starb, eh es dazu kam. Auchigem Antrag beschmutzte, aus einer bunten Volks¬
2104 2792 3163 2859 auch jetzt ein probates Mittel, sein trauerndes
124 2837 1090 2902 lenkovich und Max Paulsen versprachen sie.
1081 2839 2111 2908 Imenge die kleine Beatrice Nardi an sich zog
2105 2843 3160 2914 Herz zu betäuben, als zwei adlige Lebejünglinge
178 2883 1091 2947 es schob sich immer Etwas dazwischen.
1068 2887 2116 2956 Tund mitnahm, wie man von der Hecke die Rose
2105 2899 3153 2940 ein Paar Florentiner Kurtisanen bei ihm ein¬
130 2935 1095 3001 tlerweil wurde der Stoff nach des Dichters
1080 2942 2113 3005 stiehlt. Durch sie, die sich dem Gold seiner
2115 2941 3163 3005 führen, die den berühmten Dichter Bolognas zu
120 2983 2118 3057 Eprungsentwurf in das Wiener Biedermeier-Geisteskraft wie einer neuen Sonne erschließt,
2108 3000 3160 3054 sehn und zu sprechen wünschen. Er behält sie
122 3033 1095 3099 ien übertragen und kam als Pantomime Musik
1096 3042 2114 3099 wird auch er noch einmal Neuempfänger. Sein
2111 3047 3148 3122 samt den mitgebrachten Musikanten bei sich. Eine
138 3078 1092 3134 Ernst Dohanyi) unter dem Titel „Der Schleier
1085 3078 2122 3151 Vorsatz ist, mit ihr zu fliehen. In eine Fremde.
2102 3090 3102 3161 durchlärmte Nacht soll ihm vergessen helfen.
148 3125 1095 3185 Pierrette“ ans Deutsche Volkstheater (jetzt
1083 3128 2117 3199 wo niemand ihn kennt und Beatrice — dort so
2196 3126 3158 3212 Zuhause wird Beatrice von ihrem Bruder
145 3167 2106 3260 sie mit einem russischen Güste-Ensemble am sentwurzelt wie er — bis in die letzte Faser
2106 3186 3162 3239 Francesco, der schon den Panzer des freiwilligen
135 3226 1097 3288 mundtheater erscheinen) — begreillicherweis
1078 3222 1577 3304 mit ihm verschmölze.
2096 3233 3163 3306 Stadtverteidigers trägt, zur Vermählung mit dem
130 3278 1099 3337 e Erfolg, da die Handlung trotz ihrer voll¬
1160 3251 2119 3349 Beatrice erscheint: „Da hast du mich!“ Sie
2106 3287 3142 3351 Jugendgespielen Vittorino gedrängt. Die gefähr¬
120 3324 1086 3379 matischen Kraft mißdentet wird, wenn sie der
1092 3316 2117 3398 hat sich durch arges Gedräng schlagen, müssen.
2110 3337 3151 3398 liche Stunde heischt raschen Entschluß, nur diesen
123 3376 1096 3432 uternden Sprache entbehren muß, noch dazu
1088 3378 2106 3439 Ganz Bologna ist auf in Erwartung der Scharen
2111 3388 3141 3445 Abend noch ließe sich für zwei Leute ein heim¬
122 3417 1088 3488 er gedankentiefen und herrlich beschwingten
1085 3429 2107 3489 Cesare Borgias, der die Stadt dem Papst unter¬
2114 3438 3143 3487 licher Ausgang gewinnen, und Francesco will
133 3478 1099 3537 ache, die den Hauptverzug des Werkes bildet.
1092 3476 2107 3539 werfen soll. Filippo eröffnet ihr seinen Flucht¬
2111 3471 3148 3537 die jüngere Schwester, die unverdorbene, in
136 3523 1102 3583 um wohl mißitraute unsere Staatsopern¬
1077 3527 2111 3589 plan. Ihre Familie soll sie nicht wiedersehn. Sie
2102 3525 3143 3592 sicherer Hut wissen, che Bologna von der feind¬
135 3557 1085 3629 ektion auch dem von Heinrich C. Noren ver¬
1083 3581 2105 3634 ist auch dazu bereit; ihr sei immer gewesen, als
2110 3573 3147 3641 lichen Soldateska gestürmt wird. Beatrice willigt
137 3612 1092 3682 ten Libretto; die Partitur wurde unbesehn
1093 3623 2107 3679 hab sie im Elternhaus nur zu Rast verweilt.
2115 3630 3152 3697 betrübt ein. Auch sie drängt’s in Geborgenheit:
136 3656 1091 3730 elehnt, auch das Anerbieten des Komponisten,
1083 3666 2112 3732 Vater Nardi, der Wappenschneider, ist irr; für
2100 3676 3148 3735 „Nicht nach deinen Küssen verlangt's mich,
142 3722 1092 3782 Klavierauszug vorzuspielen. (Das ist bei der
1090 3714 2115 3775 ihn steht die Zeit still seit dem Tag, an dem
2103 3728 3143 3784 Vittorino, aber ausruhn möcht' ich bei dir, weil
136 3768 1094 3824 vitäten-Not unserer Oper allerdings umso
1089 3768 2119 3831 ihn seine Frau offensichtlich betrog. Beatricens
2095 3771 3147 3838 ich so müde bin.“ An diesem Vorabend der
129 3818 3150 3883 taunlicher, als sich Noren in Deutschland Naivität kann auch darüber lachen, denn ihr Kriegsnot sind einer raschen Vermählung die
123 3859 3147 3949 gst einen Namen gemacht hat: mit schönen! Vater behandelt seine erwachsenen Kinder als Wege geebnet. Während man sich zum Gang
