3436 4320
1929 162 2398 249 box 20/4
291 135 1790 258 14. Der Schleier der Beatrice
963 882 2438 921 süchtigem Schmerz, dass sie ihm nicht zu eigen ist, er ihr nur
976 931 2440 987 von Tausend Einer ist. Ihre Seele ist nicht mehr rein, er kann
973 979 2431 1035 sie nicht mehr erschaffen; sie ist ihm die -Dirne ihres Traumse
972 1036 2443 1092 und -Träume sind Begierden ohne Muthe. Er schickt sie fort
962 1079 2442 1135 und auf ihre thränende Mädchenfrage: -Und niemals wieder?e,
965 1128 2440 1180 hat er nur die herbe Antwort: „Im Leben nicht.e Da lächelt das
973 1187 1689 1257 räthselhafte, untreu-treue Kind:
1133 1247 2215 1301 Fühl ich, dass ich nicht sein kann ohne dich,
1137 1296 2271 1377 Und hab’ zu sterben Lust, so komm' ich wieder,
1130 1341 1641 1419 Und nehm' dich mit.
1087 1414 2433 1480 Und das kleine schöne, nichtige Geschöpfchen geht mit
966 1463 2435 1529 leichten Thränen nach Haus. Hier erwartet sie sorgend ihr
958 1516 2435 1577 Bruder, der sie, einem treuen Manne ehelich verbunden, rasch aus
962 1565 2433 1620 der verlorenen Stadt fortschaffen will. Sie willigt ein — wie
962 1612 2440 1655 immer, wenn feste: Verlangen Gewährung von ihr heischt.
972 1656 2437 1717 Da sie zur Kirche gehen, treffen sie den Herzog mit seinen
959 1711 2427 1770 prunkenden Hofleuten. Der Lebenskünstler will auch den Tod,
968 1764 2437 1821 den nahen, zu einem Genusse machen. Das schönste Mädchen
966 1811 2439 1858 Bolognas soll ihm die letzte Nacht angehören. Und er sieht
969 1857 2438 1911 Beatrice... Alles bietet er ihr an Gaben... Steine und einen
975 1907 2438 1962 Schleier von wunderbarer Schönheit. Sie schweigt. Er sieht: „Ich
969 1958 1512 2020 bin zu arm für Euch.
1095 2006 2432 2069 Da sagt sie: Es war zu wenig nicht, nur nicht das Rechte..
972 2054 2433 2100 Sie will Herzogin werden. Erstarrt vor Schreck stehen die Höf¬
967 2101 2438 2169 linge. Und während sie die strengsten Strafen für die Dreiste
977 2156 2435 2214 vorschlagen, hat der Herzog sich entschieden. Er nimmt sie zum
972 2198 2437 2245 Weibe. Es ist nicht allein die Begierde, die ihn zum Entschlusse
963 2244 2441 2309 treibt, es ist wohl auch die tolle Hoffnung, dass ihre Schönheit
961 2299 2441 2366 ihm ein -unverhofftes Glücks, einen Sieg schenken müsse. Und
981 2350 2202 2403 er ruft zu seiner Hochzeitsfeier die Frauen Bolognas:
1134 2401 2168 2473 Der Herzog lädt Euch zu der Hochzeit ein,
1143 2462 2180 2513 Die er mit eurer schönsten Schwester feiert!
1139 2516 2280 2574 Kommt alle, ob ihr sonst im Treuen schlummert,
1141 2564 2024 2625 An eines Liebsten oder Gatten Brust,
1137 2610 2079 2659 Ob ihr in keuschen Betten einsam ruht,
1127 2652 2087 2704 Ob ihr von denen, die unstillbar Glüh'n
1127 2707 2061 2775 In jeder Nacht an neue Herzen drängt:
1125 2747 1829 2837 Kommt alle, nur seid schön!
1079 2821 2432 2892 Und während das wundersame Hochzeitsfest im Schlosse
966 2866 2434 2949 tobt, kommt zu dem einsamen Dichter Andrea, der Bruder
963 2921 2438 2988 seiner verlassenen Braut. Filippo ist von jener tiefen Selbst¬
966 2974 2435 3032 peinigung zerrissen, der nur der grosse Künstler fähig ist. Er
977 3021 2433 3078 hat das Unmögliche gewollt, sich eine Menschenseele zu bilden,
975 3074 2442 3124 sie ganz sich zu eigen machen, und schmählich enttäuscht, ist
963 3123 2440 3175 ihm nun sein Leben und seine Kunst ein geputztes Nichts. Er,
966 3172 2442 3228 der in wirbelnden Leidenschaften Ertrinkende, sehnt sich nach
966 3220 1724 3293 der ruhigen Kunst des Lebens:
1135 3281 2212 3355 Den, der heut seine Hochzeit feiert, neid’ ich,
1131 3350 1985 3401 Den Bentivoglio, der an jedem Tag
1126 3378 2214 3450 Sein Leben trinkt aus tausend klaren Quellen,
1129 3439 2266 3500 Und jede weckt den Durst und jede löscht ihn.
1133 3487 2248 3540 Ihn drückt der Stunde Last niemals zu schwer
