3436 4448
1962 254 2399 341 box 20/6
301 247 994 366 14: Der Schle
1362 248 1824 358 Beatrice
978 272 1472 356 1er der
896 663 997 740 12
2178 667 2756 758 Neues Wiener Tagblatt.
1378 666 1758 759 Wien, Sonntag
683 761 1890 822 E (Magen= Darm=, Leber=, Gallenkranke sowie Gelbsüchtige)
643 810 1742 868 erreichen durch Gebrauch des natürlichen „Franz I
2018 801 2798 901 Jede dieser Strassenbahnlinien
645 858 1880 906 Bitterwassers geordnete Verdauungsverhältnisse. Fachärzte von
2292 860 2698 922 führt Sie zu uns!
650 892 1878 942 hohem Ruf bescheinigen, mit der Wirkung des Franz Josef¬
2126 911 2825 996 Sie finden alles, was die Wiener
648 930 1678 980 Wassers in jeder Beziehung sehr zufrieden zu sein.
777 972 1878 1035 *(Lebensmüde.) Die 21jährige Hausgehilfin Anna P.,
2010 900 2096 1046 9
645 1011 1879 1080 Aspern, Wimpffengasse wohnhaft trank gestern auf einer Wiese
645 1061 1873 1127 in der Langobardengasse ein Lysolfläschchen leer und stürzte
645 1098 1105 1174 bewußtlos zusammen.
2267 978 2592 1183 5B
2005 1074 2138 1215 2
688 1181 1874 1257 E (Das vornehme Bekleidungshaus) (Verkauf auch auf Teil¬
644 1233 1884 1294 zahlungen) R. Herz u. Söhne, 1. Bezirk, Nibelungengasse Nr. 7.
2216 1170 2743 1312 INDUSTRIE
638 1271 1890 1343 Lieferanten für Rohö=Mitglieder, Mitglieder vom Ersten
2109 1278 2853 1351 an hervorragenden als auch an billigsten
633 1312 1503 1377 Wiener Konsumverein 5 Prozent Rabatt.
2118 1331 2844 1376 Wohnungseinrichtungen in nur sollder Oaaiiiät
2105 1360 2846 1405 herverbr.ngt. bei den 15 altrenommierten Firmen.
678 1339 1885 1412 E (Teppichreinigung Orendi.) Linzerstraße Nr. 60. Telephon
2202 1390 2768 1444 die sich Haus an Haus im 7. Bezitk
646 1398 1739 1442 Nr. 34088. Fachgemäße Aufbewahrung und Reparatur.
685 1441 1886 1492 E (Warenhaus D. Leßner A. G.) Das P. T. Publikum wird
2264 1424 2716 1507 Breitegasse
639 1470 1882 1520 auf das heutige Inserat der Warenhaus D. Leßner A. G.,
2132 1491 2824 1580 Karl Schweighoferg.
636 1519 1879 1579 Mariahilferstraße Nr. 71 (Seite 19), besonders aufmerksam
642 1555 862 1620 gemacht.
2166 1555 2796 1649 Siebensterngasse
687 1571 1877 1643 E (Der Frieden meines Hauses) ist gesichert, Marie, meine
2384 1624 2586 1690 befinden.
647 1632 1875 1686 „Perle“, stets zufrieden und willig, seitdem das lästige Auf¬
637 1665 1880 1712 reiben und Bürsten der Fußböden aufgehört hat. Diese
2106 1665 2832 1736 Hunderte Speise-, Schlaf-, Herren¬
635 1709 1879 1764 Kardinalfrage jedes Haushaltes wurde auf einfache Weise
2125 1728 2835 1782 zimmer und Salons, darunter viele
642 1742 1883 1794 gelöst durch Belegen der Fußböden mit echtem Linoleum seitens
2142 1760 2822 1824 von hervorragenden Architekten.
2879 1757 3053 1850 10
644 1788 1875 1838 der Spezialhäuser W. Weinberger (20. Bezirk, Wallenstein¬
2282 1806 2619 1861 Separ. Lager 1#
647 1821 1878 1872 straße Nr. 16, 10. Bezirk, Favoritenstraße Nr. 98=130, 5. Bezirk,
2135 1811 2768 1901 Bureaueinrichtungen.
637 1855 1884 1906 Schönbrunnerstraße Nr. 105, 21. Bezirk, Hauptstraße Nr. 144),
2104 1874 2842 1946 Kinderzimmer, Mädchenzimmer, Vor¬
633 1893 1891 1953 welche als billigste und verläßlichste Einkaufsquelle bestens
2105 1933 2849 1991 zimmer- und kücheneinrichtungen zu
638 1924 1190 1991 empfohlen werden können.
2852 1921 3041 2007 4
2163 1978 2802 2037 konkurrenzlos billigen Preisen.
702 1978 766 2026 E
747 1959 1882 2033 (Das Mädchengymnasium mit Oeffentlichkeitsrecht) des
640 2010 1887 2080 Vereines für erweiterte Frauenbildung, 6. Bezirk, Rahlgasse
2112 2016 2853 2085 Zugang: Volkstheater u. Stiftskaserne.
642 2054 1874 2099 Nr. 4, eröffnet im Herbst 1925 sein 34. Schuljahr. Latein von
646 2090 1868 2141 der 1., Griechisch von der 3. Klasse an. Parallel zum Unter¬
644 2125 1872 2176 gymnasium deutsche Mittelschule mit Latein oder Französisch
642 2161 1876 2218 von der 3. Klasse an. Anmeldungen täglich von 10 bis 12 Uhr
632 2195 1042 2270 in der Direktion.
749 2234 1881 2307 (Bibliotheken, Werke, Klassiker und Romane) kauft Groß¬
1944 2230 2986 2326 LINOLLUN
634 2278 1702 2332 buchhandlung Fischer, Hernalser Hauptstraße Nr. 27.
2553 2311 2998 2381 VI. Marlahilferstr. 35
750 2316 1888 2391 (80. Kunstauktion von Albert Kende, 1. Bezirk, Kärntner¬
2498 2339 3013 2415 VII. Marianilferstr. 104
634 2347 1886 2416 straße Nr. 4.) Morgen Montag ab 3 Uhr nachmittags Beginn
2492 2376 2992 2443 XIV. Marishillerstr. 191
635 2398 1875 2446 der Versteigerung Gemälde alter und neuerer Meister¬
2574 2413 3016 2471 I. Kürstnerstrasse 63
2080 2409 2410 2494 LUN
2533 2447 2875 2505 I. Wollzeile 13
640 2433 1877 2492 Aquarelle, Antiquitäten 2c., eine große Bibliothek, zum Teil
641 2472 1887 2537 Nachlässe der Baronin Anna Schultes=Kleinmayrn und Viktor
1935 2491 3007 2554 Spezial-Ausführung von Linoleum-Belagen.
652 2512 1880 2578 Silberer, Wien. Freie Besichtigung nur noch heute Sonntag
1938 2547 2352 2613 Billige Preise,
635 2550 1032 2611 von 10 bis 6 Uhr.
2563 2550 3018 2607 Beste Qualität.
688 2579 1875 2645 E (Del=Ka Sonderangebot!) Haferlschuhe, braun, Box,
634 2622 1877 2679 mit Doppelsohle doppelt weiß genäht, flexibel, Größe 21—22
643 2670 1871 2718 Sch. 8.50, 23—26 Sch. 10.50 27—30 Sch. 12.50, 31—35 Sch. 16.50,
639 2707 1882 2759 36—42 Sch. 20.50. Haferlsocken und Sportstrümpfe. Siehe
1929 2686 3023 2798 Erste Donau-Dampfschiffahrts-Geselschaft
625 2736 1034 2815 Inserat Seite 11.
718 2785 1889 2842 E(Beka=Sanitas.) Die größte österreichische Schuhfabrik
1422 2823 1468 2859 E
641 2816 1893 2882 „Beka“ hat bekanntlich vor kurzem die Erzeugung eines ortho¬
2028 2806 2922 2927 Ufingstverkehr
647 2866 1878 2914 pädischen Schuhes mit besonderem Erfolg ausgenommen. Wie
640 2899 1878 2944 wir erfahren, ist „Sanitas“ der ideale Schuh für leidende
1873 2911 2999 2986 Zu den Pfingstfeiertagen wird der Personenschiffverkehr auf
633 2931 1877 2995 Füße, von den ärztlichen Autoritäten begrüßt und von
1873 2963 3059 3026 Strecke Linz — Melk — Krems — Wien — Hainburg wesentlich
1472 2968 1876 3029 bereits bei den
638 2974 1487 3025 Tausenden Fußleidenden herbeigesehnt,
2364 3007 2597 3059 verstärkt.
635 3001 1878 3059 führenden Schuhgeschäften zum Einheitspreis von Sch. 41.50
636 3055 880 3109 erhältlich.
1964 3038 3063 3125 Außer den fahrplanmäßigen Fahrten werden (bei günsti¬
1870 3078 2674 3159 gem Wetter) zu den Feiertagen folgende
679 3086 1862 3155 E (Vacuum Cleaner.) Vornehmste Teppichaufbewahrungs
642 3120 1876 3198 anstalt, 3. Bezirk, Ungargasse Nr. 4. Telephone 95405, 95406,
644 3168 1014 3231 Besuch kostenlos.
2158 3131 2794 3249 Sonderschiffe
1845 3229 2745 3307 verkehren: am Pfingstsamstag, den 30. Mai,
2198 3265 2758 3335 von Wien nach Meik:
919 3209 1612 3361 Theater und Kunst.
1842 3303 3073 3367 ab Wien Praterkai um 2100 und 2130 zwei Sonderschiffe vor
1969 3362 2821 3430 dem fahrplanmäßigen Postschiff bis Melk;
1042 3361 1484 3450 Burgtheater.
1858 3394 2532 3472 am Pfingstsonntag, den 31. Mai.
722 3433 1803 3511 Zum erstenmal: „Der Schleier der Beatrice.“
2203 3422 2760 3498 von Wien nach Meik:
1860 3462 3082 3532 ab Wien Praterkai 2145 ein Sonderschiff vor dem fahrplan¬
755 3486 1776 3533 Schauspiel in fünf Akten von Artur Schnitzler.
1974 3510 2579 3570 mäßigen Postschiff bis Melk;
729 3522 1867 3598 Tod und Liebe, der Jubelruf des Lebens und das
2204 3537 2756 3608 von Meik nach Wien:
1864 3570 3080 3643 von Melk (Hauptstrom) 1300 ein Sonderschiff vor dem Post¬
627 3589 1855 3650 grauenhafte Schweigen der ewigen Nacht — welcher Kontrast!
1970 3620 2331 3674 schiff bis Wien;
637 3627 1863 3683 Gleichwohl zwischen beiden innige Verührung, geheimnisvolle
1868 3637 2527 3721 am Pfingstmontag, den 1. Juni.
644 3675 1875 3742 Verwandtschaft. Lebensblüte ist der Tod — Todesblüte ist das
2027 3674 2954 3738 von Marbach, bzw. Melk nach Wien:
635 3726 3073 3784 Leben! Daher die glühende Sehnsucht der höchsten Liebes= ab Marbach 1220 ein Sonderschiff: alle Stationen bis Wien,
635 3761 3067 3829 wonne nach dem erlösenden Erlöschen. Daher das bei aller ab Melk (Hauptstrom)=i340 ein Sonderschiff im Anschlusse an
1969 3814 2788 3856 das Pastschiff: alle Stationen bis Wien.
636 3810 1867 3870 Schauerlichkeit lockende Spiel zwischen dem Genins des Lebens
1955 3837 3063 3900 In der Wachau steht außer dem fahrplanmäßigen Lokal¬
638 3860 1860 3914 und dem des Todes. Artur Schnitzler hat diesem Spiel oft
1865 3869 3066 3946 schiff für den Lokalverkehr zwischen Melk—Krems ein weiterer
641 3906 1867 3975 nachgesonnen und es in künstlerischen Gegenwartsbildern auf¬
1862 3918 2368 3969 Dampfer zur Verfügung.
1952 3927 3063 4017 Auf der Strecke Wien—Hainburg—Budapest landet außer
639 3937 1867 4013 leuchten lassen. Aber das moderne Leben, selbst bei hohem
1857 3975 3064 4037 dem fahrplanmäßigen Budapester Postschiff auch das am
644 3995 1860 4061 Wogenschlag, ist ohne farbigen Glanz. Darum trieb es den
1858 4025 3056 4070 Pfingstsonntag fahrplanmäßig von Wien Praterkai 700 ab¬
641 4037 1861 4105 Dichter, ein Bild aus der italienischen Renaissance zu ge¬
1858 4064 2779 4127 gehende Expreßschiff in der Station Hainburg.
635 4085 1863 4148 stalten, aus einer bunten, abenteuerhaften Zeit, wo der
1965 4078 3054 4148 Auskünfte und Fahrpläne sind bei der Direktion Wien
1857 4128 3065 4199 (Tel. 93=5=35 Serie). bei den beteiligten Stationen, sowie in
636 4137 1871 4208 Gaukeltanz zwischen Tod und Liebe seinen vollen, wilden
1846 4168 2381 4225 den Reisebüros erhältlich.
645 4171 1169 4248 Zauber entfalten konnte.
1954 4201 2415 4273 Wien, im Mai 1925.
3175 752 3283 825 „W
3065 797 3276 873 als Ang
3086 856 3283 920 Dichter¬
3086 905 3281 970 schwelgt
3082 956 3264 1019 feiern.“
3081 994 3274 1061 war, fü
3082 1045 3278 1105 in ihm.
3082 1085 3294 1156 rietest d
3124 1135 3289 1202 Was
3133 1182 3284 1246 Wir
3064 1217 3289 1304 ein Wes
3082 1285 3258 1352 (ihr B
3075 1321 3265 1393 „Faust“.
3068 1360 3270 1436 dem sein
3082 1423 3254 1478 Loblied
3080 1469 3229 1527 hafte
3082 1498 3239 1577 ihre Se
3081 1562 3268 1624 wie die
3083 1596 3276 1674 Literat:
3166 1659 3280 1722 Se
3072 1687 3274 1762 Jahren
3078 1739 3278 1818 führen #
3076 1793 3272 1851 kritiker
3078 1835 3289 1916 seine Pi
3077 1883 3282 1951 gingen.
3076 1923 3300 1992 Bis jetze¬
3083 1982 3286 2049 Schausp
3081 2030 3265 2091 berechtin
3063 2056 3273 2134 an dicht
3075 2122 3253 2179 der Phe
3088 2162 3239 2228 kundet.
3065 2247 3230 2327 Farbe
3151 2308 3214 2358 tar
3078 2350 3281 2416 stilisierte,
3064 3329 3139 3380 Er
3140 3286 3202 3399 90
3095 3465 3300 3562 Neu ein
3167 3534 3269 3585 W
3153 3570 3289 3644 Mi
3070 3616 3293 3700 im Krieg¬
3072 3670 3298 3740 müssen. 2
3064 3714 3303 3789 sagen die
3072 3770 3296 3825 Gang dei
3066 3801 3302 3870 ihr Lokal
3072 3856 3293 3931 Wirt= un
3068 3902 3279 3963 man in
3070 3947 3304 4022 trinkt, wi
3068 4001 3301 4065 noch so se
3055 4039 3291 4109 ist es ein
3059 4091 3291 4161 sanft ents
3059 4131 3287 4198 Reihe nal
3057 4175 3356 4256 aufersteher
3048 4227 3284 4281 die glorre
