3436 4384
312 294 1836 432 14. Der-schleien derReatrie
1977 328 2403 422 box 20/1
2054 1310 3377 1390 zahr der gehotten Eun, eineigen „n2j dei Weilem nberirung
723 1300 1690 1392 „. Aiernachtestunde verbreitet sich die frohe!
1673 1329 2942 1429 1 durch das Gewicht der von ihnen vertretenen Interessen
431 1337 1083 1424 Kunde: „Alle außer Gefahr.!“
2936 1367 3371 1430 Krüger, der auf po
1675 1387 3381 1467 #ukerstützt werden. Aber auch hier sucht er die Interessen! nach Europa Aufent
1011 1395 1625 1485 Otto Graf Nayhauss.
927 1415 1022 1500 —
1681 1428 3384 1505 Pder Minderheit thunlichst zu schonen und die Bewegungsfrei= der englischen Agier
1678 1466 2940 1561 heit des Verkehrs nicht weiter einzuengen, als nach dem
538 1460 1687 1550 Dem Bundesrath ist der nachfolgende Entwurf von
2926 1489 3377 1552 haben bereits gemeld
1682 1519 2538 1569 Zweck des Entwurfs unerläßlich erschien.
433 1515 1687 1606 Vorschriften betreffend den Kleinhandel mit Garn
2926 1544 3375 1595 des Konsuls Pott in
1737 1557 1873 1615 In §
1881 1559 2926 1627 6 ist der Zeitpunkt des Inkrafttretens
432 1569 815 1636 zugegangen:
2927 1586 3386 1641 worden ist. Daß Pr
1686 1585 2931 1677 offen gelassen und der Entschließung des Bundesrathes vor¬
556 1604 1678 1673 1. Zum Einzelverkauf aufgemachte baumwollene, wollene und
2932 1618 3382 1686 Gefangene Portugals
1683 1638 2928 1714 behalten. Hierzu wird in der Begründung ausgeführt:
427 1639 1677 1706 halbtvollene Earne aller Art dürfen nur in bestimmten Einheiten
2930 1665 3373 1729 Privat=Telegr
437 1688 1682 1748 des Gewichts und unter Angabe der Gewichtsmenge im Einzelverkehr
1692 1685 2928 1754 Die Interessenten haben um eine möglichst geräumige Be¬
2927 1704 3376 1767 respondenten deutlich
427 1717 1680 1783 gewerbsmäßig verkauft ober feilgehalten werden. Baumwollene
1688 1727 2927 1797 messung der Frist zwischen der Verkündung und dem Inkraft¬
2980 1757 3373 1811 Präsident Krüger ist
425 1760 1676 1831 Garne bis zur Gesammtlänge von 100 Meter dürfen auch zin be¬
1687 1769 3378 1868 treten der Vorschriften gebeten, damit die vorhandenendes portugiesischen Gouv
1619 1841 1695 1934 7
1746 1884 2922 1960 Deutschen Theater, das bei seinem jetzigen Per¬
2994 1909 3365 1980 Eintritt der Ferien
417 1905 1694 1989 Paul Schleuther und die Wiener Kritik.
1749 1943 2925 1993 sonal, ohne Kainz und Sorma, der Riesenauf¬
2982 1957 3371 2014 Entgegliung, weshal
1750 1975 2917 2037 gabe nicht gewachsen ist. Uebrigens würde ich die Erst¬
472 1974 1678 2046 Die Erklärung der Wiener Kritiker Hermann Bahr,
2986 1992 3366 2057 neuen, gegenwärtige
1744 2014 2917 2077 aufführung am Burgtheater zur Vorbedingung der Annahme
431 2015 1685 2087 J. J. Dabid, Dr. Robert Hirschfeld, Felix Salten
3079 2025 3379 2083 ters einen Brie
1750 2047 2919 2103 machen. Ich glaube, nur das Burgtheater kann dieses Stück
420 2051 1689 2145 und Ludwig Speidel gegen den Direktor des Burgtheaters
3108 2065 3375 2130 eiden ihm verm
1742 2086 2933 2148 spielen. In Berlin allenfalls die Hofbühne. Filippo Christians,
3116 2111 3377 2169 ini die Aufra
426 2106 1679 2162 Dr. Paul Schlenther in Sachen des neuen Schnitzlerschen
1752 2128 2931 2187 Herzog Matkowski, Beatrice Poppe. Unsere relativ beste Beatrice
3115 2143 3382 2203 den Saison,
425 2148 1675 2207 Schauspiels „Der Schleier der Beatrice“ liegt nun im
1753 2160 2878 2213 wäre doch wohl Fräulein Witt. Mit herzlichem Gruß 2c. 2c.“
3096 2182 3372 2245 rtenden „Konste
412 2192 1687 2269 Wortlaut vor. Sie lautet mit Wegfall der weniger bedeutungsvollen
1792 2199 2929 2236 In Erwiederung darauf ertheilte Herr Arthur Schnitzler wenige
426 2231 630 2294 Stellen:
3029 2229 3380 2280 Auf dieses Schreib
1745 2233 2918 2301 Tage später dem Burgtheater, nebst seinem prinzipiellen Ein¬
2988 2257 3375 2333 Antwort am 2. Sept
1741 2262 2917 2340 verständniß zu Strichen und Aenderungen, das gewünschte Recht
561 2278 1671 2348 „Wir sehen uns nun genöthigt, zur prinzipiellen Wahrnehmung
3030 2298 3375 2359 E= ist nicht unser
1741 2299 2917 2367 der Erstaufführung und erbat, wie sich das in solchen Fällen von
490 2320 1681 2407 der Autorenrechte in der vorliegenden Angelegenheit das Wort
2976 2334 3372 2401 Beatrice" von Arthu
1740 2345 2922 2397 selbst versteht, einen Aufführungsterznin, vor allem aber, behufs :
490 2371 1344 2428 zu ergreifen und den Sachverhalt darzulegen.
2981 2380 3358 2436 weit davon entfernt,
1745 2385 2918 2452 Erledigung der zur Darstellung des Werkes nöthigen Besetzungs¬
548 2400 1685 2475 Zu Anfang des Dezember 1899 hat Herr Arthur Schnitzler
3116 2418 3362 2471 anzunehmen
1746 2429 2922 2496 und Aenderungsfragen, eine balbige Unterredung mit dem
485 2435 1679 2507 sein eben vollendetes Werk noch in Manuskriptform dem Burg¬
1747 2456 1959 2513 Direktor.
3137 2457 3371 2508 erantwortlich
499 2484 1669 2543 theater eingereicht. Der Direktor des Burgtheaters Herr Dr.
3155 2500 3379 2552 älern zu wo
1770 2497 2919 2558 Vier Monate lang ist Herr Arthur Schnitzler auf dieses in der
488 2526 1679 2583 Paul Schleuther hat nach der ersten Lektüre des Stückes keine
3145 2525 3364 2584 jeder Sch
1742 2524 2916 2598 Zwischenzeit erneuerte Ansuchen ohne Antwort geblieben, mit Aus¬
483 2553 1681 2625 Bedenken gegen dessen Aufführbarkeit erhoben, vielmehr eine vor¬
2976 2548 3365 2625 darauf, daß dieses R¬
1738 2582 2906 2636 nahme einer einzigen, erst Anfangs Juni eingelangten Karte, in
493 2592 1671 2670 läufige Rollenbesetzung eigenhändig in das Manuskript eingetragen
2985 2604 3348 2669 git oder mißlungen,
1737 2609 2916 2665 welcher der Direktor mittheilt, er werde sich „dieser Tage zum
482 2626 1505 2676 und einige ihm nöthig erscheinenden Striche angebracht.
2981 2641 3356 2707 Willkür, Schäbigung
1739 2647 2915 2710 britten Male an das Studium des Stückes machen“, und den Antor
543 2669 1672 2731 Bei einer bald darauf erfolgten Benegnung dankte Herr
1742 2684 2915 2752 ersucht, seine hart auf die Probe gestellte Geduld noch einige
3027 2687 3357 2745 In dem Falle. de
482 2703 1664 2774 Direktor Schlenther dem Verfasser mündlich für die Uebersenbung
1731 2709 2174 2779 Tage lausen zu lassen.“
2974 2707 3366 2779 theaters unserer Mei
481 2733 1674 2804 des Stückes, besprach einige Besetzungsfragen, doch nahm er auch
1787 2761 2903 2825 Erst am 18. Juni erhielt Herr Arthur Schnitzler ein Schreihen
2972 2759 3361 2823 in einer unstatthofte
479 2770 1675 2836 in dieser rein privaten Unterredung keinen Anlaß, ein Bedenken
1722 2781 2910 2859 des Direktors, worin dieser nunmehr Bedenken gegen die Erfolgs¬
2968 2801 3378 2856 fahren sehen wir un
483 2816 1662 2876 gegen die Aufführbarkeit des Stückes am Burgtheater zu äußern.
1732 2829 2907 2900 möglichkeit des Stückes erhebt und nach ausführlicher Darlegung
2974 2835 3378 2894 zulegen, als nach den
545 2865 1413 2920 Hierauf erfolgte die Uebergabe der gedruckten ####
1551 2867 1671 2919 und
1725 2858 2910 2954 derselben dem Verfasser proponirt: „Warten bis zum Frühjahr!
2986 2881 3345 2931 Bestimmungen die
475 2889 1669 2963 beiläufig sechs Wochen später empfing Herr=Arthur Schühler
1736 2909 2715 2971 Sehen, wie dann die Konstellation am Burgtheater ist.“
2977 2922 3370 2983 gearteten direktoriale
490 2932 1663 2975 unter dem Datum des 13. Februar 1900 nachstehenden Be¬
1773 2943 2910 3018 Das vier Monate innegehabte Recht der ersten Aufführung
3007 2960 3370 3014 Wir erheben Eins
489 2968 1498 3033 scheid von der Hand des Herrn Dr. Schleuther:
1487 2964 1670 3029 „Lieber
1723 2981 2800 3033 wurde in diesem Schreiben zurückgelegt mit dem Beisatze:
2963 2986 3371 3056 Burgtheaters gestatte
480 2991 1666 3060 Dr. Schnitzler! Anbei das Resultat meiner ersten flüchtigen
1737 3027 2904 3100 müßte es wir selbstverständlich gefallen lassen, daß eventuell
2963 3042 3371 3092 widersprechen, wie es
486 3041 1665 3103 Durcharbeitung. Nicht alle meine Striche sind mir selbst schon
1733 3059 2365 3115 Berlin oder München vorangehen.“
2972 3075 3371 3138 tember ein Stück abzi
479 3075 1665 3142 zweifelsohne. Am strittigsten wohl d## Weglassung des Andrea.
1768 3099 2908 3168 Diese für das Schicksal des Stückes so wichtigen Eröffnungen
2976 3118 3368 3169 gewünscht hat. Denn
481 3128 2904 3217 Freundschaftlich warnen möhee ich Sie vor dem! entzogen sich eben durch den Umstand, daß sie erst knapp vor
2984 3151 3377 3221 nur die nöthige Gedu
