3248 4256
326 199 1842 298 14. Der Schleiender Reatrige
939 1024 1368 1102 Telefon 12801.
489 1135 1767 1218 Alex. Weigl’s Unternehmen für Zeitungs-Ausschnitt
1481 1203 1675 1267 Ausschhitt
579 1192 1351 1350 105 „OBSERVE
1523 1260 1647 1354 Nr.
468 1341 1761 1435 österr. behördlsçone. Burean für Zeitungsberichte u. Personalnachrig
590 1422 1702 1507 Wien, IX/1, Türkenstrasse 17.
750 1480 1490 1589 — Filiale in Budapest: „Figyelé“ —
411 1562 1753 1660 Vertretungen in Berlin, Chicago, Genf, London, Newyork, Paris, Rom, Stock
396 1672 935 1768 Ausschnitt aus:
1039 1724 1118 1861 u
1257 1765 1760 1898 9, München
418 1801 834 1925 von%
727 2187 1577 2282 wer Schleier der Beatrice“
789 2246 1584 2324 Der Wiener Burgtheater-Direktor Paul Schlen¬
762 2301 1574 2358 ther hatte das Schauspiel der „Schleier der
760 2351 1581 2399 Beatrice" von Arthur Schnitzler abge¬
759 2389 1579 2438 lehnt, nachdem bereits allgemein die nicht un¬
763 2426 1583 2475 begründete Meinung verbreitet war, es werde im
761 2462 1593 2530 Winter zur Aufführung gelangen. Gegen dieses
772 2503 1584 2558 „unstatthafte Vorgehen“ veröffentlichten kürzlich
761 2544 1588 2612 eine Reihe konangebender Kritiker eine geharn schie
760 2579 1165 2650 Protesterklärung.
728 2633 1584 2709 Geh' in ein Kloster, lieber Schlenther!)
432 2646 714 2722 Für 50 Zeitul
1613 2670 1787 2755 inclusiv
727 2692 1475 2755 Dir droht Geschoß nun auf Geschoß...
522 2730 615 2782 200
1624 2734 1776 2779 Porto
719 2732 1509 2802 Warst Du nicht selbst mal Recensent der
522 2773 616 2818 500
1609 2761 1789 2827 Zahlbar
720 2776 1294 2829 Berliner braven Tante Voß?
489 2807 610 2865 1000
1595 2807 1796 2873 im Vorau
716 2817 1431 2899 Du weißt, wie Madelstiche schmerzen.
537 2865 658 2924 Im G
720 2863 1332 2930 Nun wirst Du selber tätowirt,
1534 2865 1756 2945 hnitte ist
403 2893 663 2965 Abonnement
721 2909 1491 2969 Und schirmst Du Dich mit sieben Erzen:
1508 2926 1579 2981 —80
1574 2927 1829 2993 stcht es de
410 2948 713 3014 Abonnenten frei
712 2961 1501 3026 Rein Pallasch hilft, — Du bist perschirt!
1556 2956 1680 3025 ädern.
716 3007 1395 3053 Der Traum des ewigen Genießens,
524 3030 643 3089 Der „
708 3042 1402 3099 Dein Königstraum in der Ranzlei, —
1531 3034 1849 3115 Centhaltend die
397 3057 712 3132 Inhaltsangabe
709 3091 1384 3150 Ach, sstit dem Schleier Beatricens
1603 3100 1842 3156 Morgen¬
386 3106 720 3173 blütter (Taj
1551 3110 1841 3193 iner Zeitung“)
395 3128 1436 3201 weduich eine De #iß auch der schöne Wahn entzwei!
1575 3178 1831 3231 ästliche Leben
391 3179 691 3249 des In- und A
706 3193 1460 3275 Denn Hermann Bahr und Ludwig.
1573 3213 1844 3280 Mittheilungen
417 3229 708 3293 Seiuen in Wien
1283 3260 1511 3335 Speidel,
711 3273 1349 3362 Und J. J. David nebenbei —
711 3348 1352 3405 Vergällen Dir das leute Seidel
717 3385 1351 3450 In Deinem lieben Löwenbräu..!
715 3426 1400 3487 Ich seh' nach erlicher Verwundung
717 3460 1515 3538 Zum Schatten schwinden Dich — schon heut,
716 3519 1433 3572 Hinschmelzen seh' ich Deine Rundung,
703 3569 1492 3631 Die, — o wie oft! — mein Aug erfreut,
707 3602 1405 3668 Bis Du — zu ihrer Siegesfeier —
711 3649 1553 3703 Raum Deinen Drehstuhl mehr erklimmst.
700 3698 1571 3758 Drum rath ich nochmals; nimm den Schleier,
710 3740 1565 3810 Wenn Du nicht rasch den „Schleier“ nimmst!
1379 3787 1555 3842 Mavi
1998 195 2428 291 box 20/1
2392 820 2806 894 Telefon 12801.
1921 939 3252 1005 Alex. Weigl’s Unternehmen für Zeitungs-Aussehnitte
2935 985 3153 1045 Ausschnitt
2263 1003 2911 1143 „OBSERVER“
2963 1033 3255 1143 Nr. 94
1856 1133 3255 1205 I. österr. behördl. conc. Bureau für Zeitungsberichte & Personalnachricht
2041 1200 3147 1277 Wien, IX/1. Türkenstrasse 17.
2269 1291 2937 1370 Filiale in Budapest: „Figyelé“ —
1858 1347 3255 1438 Vertretungen in Berlin, Chicago, Genf, London, Newyerk, Paris, Rom, Stockhol
1862 1484 2403 1575 Ausschnitt aus:
2427 1474 2584 1677 20
1880 1636 2411 1737 vo# 20117907
2141 2186 3063 2269 B-r. Wiener Theater. In der Wiener Studenten¬
2092 2252 3061 2310 schaft hat sich ein Akademischer Verein für
2103 2296 3070 2351 [Kunst und Literatur gebildet, der Theatervor¬
2106 2336 3060 2381 stellungen und Vortragsabende zu veranstalten gedenkt.
2106 2375 3056 2426 Er will verborgene Schätze der Weltliteratur an's Ram¬
2103 2416 3068 2479 penlicht ziehen. Die Absicht kann ohne Rückhalt gelobt
2021 2452 2094 2508 50
2107 2454 3061 2499 werden; aber der Weg ist gefahrvoll. Denn es ist zu
1907 2446 2010 2519 Für
3100 2467 3256 2519 inclusiv
2113 2494 3063 2542 befürchten, daß diese Veranstaltungen nur als Kuriosi¬
2004 2493 2097 2550 100
2107 2538 3063 2598 täten, als dramatische Antiquaria wirken. Man kannt
2000 2541 2098 2586 200
3109 2545 3255 2600 Zahlba
1997 2580 2098 2624 500
2109 2558 3252 2654 ja begreifen daß die gebildete Jugend ihr Interesse an“ ] im Vorat
1946 2615 2100 2676 „ 1000
2110 2618 3050 2673 der Klassik in Werken bethätigen will und aus eigener“
2104 2653 3257 2715 Kraft die Bresche ausfüllen will, die schwächliche Direk=schnitte ist
2012 2659 2090 2728 Im
2100 2689 3256 2761 toren im klassischen Bestand des Burgtheaters entstehenich steht es
1892 2705 2094 2770 Abonneme
2101 2739 3181 2796 ließen. Aber die Jugend sollte nicht ganz in der Ver= ändern.
1889 2756 2093 2824 Abonnente
2097 2783 3039 2829 gangenheit aufgehen, sollte nie zu der lebendigen Gegen¬
2098 2815 3256 2872 wart jede Brücke abbrechen. Allen Jenen, die ernstlichg enthaltend
2028 2830 2074 2897 D
2101 2855 3248 2922 um Hohes bemüht sind und der Unterstutzung derTheater=ser Morg
1899 2872 2096 2938 Inhaltsaj
2106 2897 3249 2962 kassiere entbehren, hätte sie zu helfen — auch wenn die Wiener Zeitu
1904 2924 2089 2976 blätte
2105 2935 3256 3009 Dichier so unklug sind, noch zu leben. Was wäre es mitschaftliche Le
1893 2951 2075 3016 wollurch
2093 2980 2687 3039 dem Schleier der Beatrice?“...
2680 2981 3247 3054 Neue Werthe zu se Mittheilun
1902 3002 2073 3053 des In¬
2100 3019 3034 3066 schaffen, nicht blos auf vergeffene alte Werthe hinzu¬
1911 3035 2096 3102 werden in
2095 3063 3047 3119 weisen, dünkt mir die schönexe und gerade der Jugend
2100 3084 3052 3159 angemessenere Aufgabe. Und überdies ließe sich auch
2092 3125 3043 3205 Beides vereinigen. — Dies vorausgeschickt, kann man
2093 3171 3041 3231 mit Freude feststellen, daß der erste Nachmittag glücklich
2093 3221 3038 3268 und vielversprechend verlief. Man gab „Satyros“
2088 3261 3048 3321 von Goethe, „Robert Guiscard“ von Kleist,
2095 3296 3062 3356 den „Vierundzwanzigsten Februar“ von
2085 3338 3061 3389 [Werner. In der polemischen Jugendarbeit Goethes
2069 3384 3049 3431 ist nur wenig dramatische Bewegung; sie gehört der
2077 3418 3076 3488 Literaturgeschichte. Desto hinreißender wirkte der#
2090 3467 3046 3520 „Euiscard“; Mächtigeres hat kein deutscher Dichter auf
2071 3504 3052 3560 die Bühne gestellt. Mit Gigantengewalt packt uns des
2083 3547 3043 3603 Normanenvolkes Jammer; aus jedem Verse blitzt das
2086 3569 2380 3630 Genie auf. —
2374 3579 3046 3648 Werners Kalenderstück ist mit großer
2084 3611 3048 3680 Virtnositet gemacht; es könnte auch heute noch durch seine
2093 3654 3039 3723 Stimmungskraft wirken, vielleicht sogar den langlebigen
2089 3701 3041 3747 „Müller und sein Kind" beerben. Dichterisch hat es, wie
2082 3743 3040 3806 die sehr gelungene Darstellung bewies, trotz der albernen
2084 3775 3028 3832 Grundidee sehr achtbare Qualitäten.... Und das
2075 3803 3046 3871 Resumé der Vorstellung? Die Todten sind lange nicht so
2075 3861 3044 3933 todt, wie die Theaterkassierk und die von ihnen ab¬
2144 3898 2618 3976 igen Direktoren glauben.
