<?xml version="1.0" encoding="UTF-8" standalone="yes"?>
<PcGts xmlns="http://schema.primaresearch.org/PAGE/gts/pagecontent/2013-07-15" xmlns:xsi="http://www.w3.org/2001/XMLSchema-instance" xsi:schemaLocation="http://schema.primaresearch.org/PAGE/gts/pagecontent/2013-07-15 http://schema.primaresearch.org/PAGE/gts/pagecontent/2013-07-15/pagecontent.xsd">
    <Metadata>
        <Creator>prov=University of Rostock/Institute of Mathematics/CITlab/Gundram Leifert/gundram.leifert@uni-rostock.de:name=ONB_Newseye_GT_M1+(htr_id=10810)::::v=2.4.2
prov=University of Rostock/Institute of Mathematics/CITlab/Tobias Gruening/tobias.gruening@uni-rostock.de:name=de.uros.citlab.module.baseline2polygon.B2PSeamMultiOriented:v=2.4.2
prov=University of Rostock/Institute of Mathematics/CITlab/Tobias Gruening/tobias.gruening@uni-rostock.de:name=/mnt/transkribus/LA/DEA/URO/LA_news_onb_att.pb:de.uros.citlab.segmentation.CITlab_LA_ML:v=2.4.2
Transkribus</Creator>
        <Created>2019-10-07T11:38:22.196+02:00</Created>
        <LastChange>2019-10-08T14:32:42.450+02:00</LastChange>
        <TranskribusMetadata docId="223979" pageId="9502617" pageNr="495" tsid="16591704" status="IN_PROGRESS" userId="40391" imgUrl="https://files.transkribus.eu/Get?id=HOQLYQLPRWERUQYLZDMLETMH&amp;fileType=view" xmlUrl="https://files.transkribus.eu/Get?id=VUTASQLBNTPAHPVCFINSXSWD" imageId="6192835"/>
    </Metadata>
    <Page imageFilename="223979_0495.jpeg" imageWidth="3532" imageHeight="4320">
        <ReadingOrder>
            <OrderedGroup id="ro_1711449302662" caption="Regions reading order">
                <RegionRefIndexed index="0" regionRef="r1"/>
            </OrderedGroup>
        </ReadingOrder>
        <TextRegion orientation="0.0" id="r1" custom="readingOrder {index:0;}">
            <Coords points="312,189 312,4225 2706,4225 2706,189"/>
            <TextLine id="r1l1" custom="readingOrder {index:0;}">
                <Coords points="1970,254 2124,255 2149,242 2205,263 2248,249 2312,262 2429,248 2429,213 2371,182 2224,181 2173,205 2038,192 2010,175 1971,194"/>
                <Baseline points="1980,234 2005,234 2031,234 2057,235 2083,235 2109,236 2135,237 2161,237 2187,238 2212,238 2238,239 2264,239 2290,239 2316,239 2342,238 2368,237 2394,236 2420,235"/>
                <TextEquiv>
                    <Unicode>box 20/5</Unicode>
                </TextEquiv>
            </TextLine>
            <TextLine id="r1l2" custom="readingOrder {index:1;}">
                <Coords points="302,217 1794,268 1826,193 303,183"/>
                <Baseline points="312,209 387,217 462,224 537,230 612,234 687,237 762,240 838,242 913,244 988,245 1063,245 1138,246 1213,246 1288,246 1364,246 1439,247 1514,247 1589,249 1664,251 1739,253 1815,256"/>
                <TextEquiv>
                    <Unicode>14. Der Schleier der Beatrice</Unicode>
                </TextEquiv>
            </TextLine>
            <TextLine id="r1l3" custom="readingOrder {index:2;}">
                <Coords points="1621,438 1752,473 2181,444 2474,479 2533,434 2630,434 2631,404 2535,378 2476,413 2352,369 1621,367"/>
                <Baseline points="1630,441 1679,439 1729,438 1778,438 1828,438 1877,439 1927,440 1976,441 2026,443 2075,445 2125,446 2175,447 2224,448 2274,449 2323,449 2373,448 2422,446 2472,443 2521,440 2571,435 2621,429"/>
                <TextEquiv>
                    <Unicode>Theater und Musik.</Unicode>
                </TextEquiv>
            </TextLine>
            <TextLine id="r1l4" custom="readingOrder {index:3;}">
                <Coords points="1440,514 1471,501 1501,510 1590,502 1570,347 1539,346 1529,339 1517,347 1484,347 1463,361 1417,343"/>
                <Baseline points="1449,513 1475,497 1501,492 1527,490 1553,491 1579,489"/>
                <TextEquiv>
                    <Unicode></Unicode>
                </TextEquiv>
            </TextLine>
            <TextLine id="r1l5" custom="readingOrder {index:4;}">
                <Coords points="1756,525 1875,504 1960,524 2031,500 2144,518 2315,511 2315,483 2234,454 2211,468 2035,451 1877,472 1813,455 1756,464"/>
                <Baseline points="1765,506 1792,505 1819,505 1846,505 1873,504 1900,504 1927,504 1954,504 1981,504 2008,505 2035,505 2062,505 2089,505 2116,505 2143,505 2170,505 2197,505 2224,504 2251,504 2278,504 2305,503"/>
                <TextEquiv>
                    <Unicode>Der Schleier der Beatrice.</Unicode>
                </TextEquiv>
            </TextLine>
            <TextLine id="r1l6" custom="readingOrder {index:5;}">
                <Coords points="2565,534 2592,523 2608,533 2629,530 2635,522 2647,521 2660,508 2671,506 2654,361 2628,362 2612,354 2545,364"/>
                <Baseline points="2571,511 2601,505 2631,503 2661,499"/>
                <TextEquiv>
                    <Unicode></Unicode>
                </TextEquiv>
            </TextLine>
            <TextLine id="r1l7" custom="readingOrder {index:6;}">
                <Coords points="1486,552 2636,569 2486,503 1486,512"/>
                <Baseline points="1496,556 1552,557 1609,557 1665,558 1722,558 1778,559 1835,559 1891,559 1948,559 2004,559 2061,560 2118,560 2174,560 2231,560 2287,561 2344,561 2400,561 2457,562 2513,563 2570,563 2627,564"/>
                <TextEquiv>
                    <Unicode>Schauspiel in fünf Akten von Arthur Schnitzler.</Unicode>
                </TextEquiv>
            </TextLine>
            <TextLine id="r1l8" custom="readingOrder {index:7;}">
                <Coords points="1766,604 1896,629 1973,612 2240,626 2300,605 2300,585 2272,574 1911,576 1887,555 1766,556"/>
                <Baseline points="1776,604 1801,605 1827,605 1853,606 1878,606 1904,606 1930,606 1955,606 1981,606 2007,606 2033,606 2058,606 2084,606 2110,606 2135,606 2161,605 2187,605 2212,605 2238,605 2264,604 2290,604"/>
                <TextEquiv>
                    <Unicode>(Lei##iger Schauspielhaus.)</Unicode>
                </TextEquiv>
            </TextLine>
            <TextLine id="r1l9" custom="readingOrder {index:8;}">
                <Coords points="1448,651 2689,652 2689,613 2535,598 2444,630 1448,602"/>
                <Baseline points="1458,650 1519,650 1580,651 1641,651 1702,651 1763,652 1824,652 1885,653 1946,653 2007,653 2069,653 2130,653 2191,653 2252,653 2313,653 2374,652 2435,652 2496,651 2557,650 2618,648 2680,647"/>
                <TextEquiv>
                    <Unicode>Ein konfisziertes Stück — nicht etwa in der Bedeutung, daß es ver¬</Unicode>
                </TextEquiv>
            </TextLine>
            <TextLine id="r1l10" custom="readingOrder {index:9;}">
                <Coords points="1349,683 2689,694 2657,649 1349,637"/>
                <Baseline points="1359,681 1425,684 1491,687 1557,690 1623,691 1689,693 1755,694 1821,694 1887,695 1953,695 2019,695 2085,694 2151,694 2217,693 2283,692 2349,692 2415,691 2481,690 2547,689 2613,688 2679,688"/>
                <TextEquiv>
                    <Unicode>###ten und beschlagnahmt worden wäre, sondern in der des Schillerschen</Unicode>
                </TextEquiv>
            </TextLine>
            <TextLine id="r1l11" custom="readingOrder {index:10;}">
                <Coords points="1382,740 2689,737 2689,690 1382,690"/>
                <Baseline points="1391,730 1455,730 1519,731 1584,731 1648,732 1713,732 1777,733 1842,733 1906,734 1971,734 2035,734 2099,734 2164,734 2228,734 2293,733 2357,732 2422,731 2486,729 2551,728 2615,725 2680,722"/>
                <TextEquiv>
                    <Unicode>lenfiszierten Kerls“. Einen Genuß gewährt diese Verquickung ver¬</Unicode>
                </TextEquiv>
            </TextLine>
            <TextLine id="r1l12" custom="readingOrder {index:11;}">
                <Coords points="1384,773 2690,773 2658,731 1384,728"/>
                <Baseline points="1394,766 1458,767 1522,768 1586,768 1651,769 1715,770 1779,770 1844,771 1908,771 1972,772 2037,772 2101,772 2165,772 2229,772 2294,771 2358,771 2422,770 2487,769 2551,767 2615,766 2680,764"/>
                <TextEquiv>
                    <Unicode>##vorrener Charaktere und Situationen nur dann, wenn man es als</Unicode>
                </TextEquiv>
            </TextLine>
            <TextLine id="r1l13" custom="readingOrder {index:12;}">
                <Coords points="1396,802 2686,804 2584,768 1396,769"/>
                <Baseline points="1406,806 1469,807 1533,808 1596,808 1660,809 1723,809 1787,810 1850,810 1914,810 1977,810 2041,810 2104,810 2168,810 2231,809 2295,809 2358,808 2422,808 2485,807 2549,806 2612,805 2676,804"/>
                <TextEquiv>
                    <Unicode>Satire auf die Manier ansieht, in der von Dekadenten Renaissance¬</Unicode>
                </TextEquiv>
            </TextLine>
            <TextLine id="r1l14" custom="readingOrder {index:13;}">
                <Coords points="1385,850 2666,856 2683,803 1385,805"/>
                <Baseline points="1395,842 1458,843 1522,844 1586,845 1650,846 1714,847 1778,848 1842,848 1906,849 1970,849 2034,849 2097,849 2161,849 2225,848 2289,848 2353,847 2417,847 2481,846 2545,844 2609,843 2673,841"/>
                <TextEquiv>
                    <Unicode>Tromen geschrieben werden. Das Konfiszierteste in der Charakter¬</Unicode>
                </TextEquiv>
            </TextLine>
            <TextLine id="r1l15" custom="readingOrder {index:14;}">
                <Coords points="1390,870 2668,888 2649,847 1390,845"/>
                <Baseline points="1399,882 1465,883 1531,883 1597,884 1664,884 1730,884 1796,885 1862,885 1929,885 1995,885 2061,885 2127,885 2194,885 2260,885 2326,885 2392,884 2459,883 2525,883 2591,882 2658,881"/>
                <TextEquiv>
                    <Unicode>schilderung ist die Zeichnung der schönen Beatrice, der Tochter des Bo¬</Unicode>
                </TextEquiv>
            </TextLine>
            <TextLine id="r1l16" custom="readingOrder {index:15;}">
                <Coords points="1357,910 2681,928 2681,888 2609,884 1357,892"/>
                <Baseline points="1367,923 1432,923 1497,922 1562,922 1627,922 1693,922 1758,923 1823,923 1888,923 1953,924 2019,924 2084,925 2149,925 2214,925 2279,925 2345,925 2410,924 2475,923 2540,922 2605,921 2671,919"/>
                <TextEquiv>
                    <Unicode>kugneser Wappenschneiders Nardi. Interessant um jeden Preis ist hier</Unicode>
                </TextEquiv>
            </TextLine>
            <TextLine id="r1l17" custom="readingOrder {index:16;}">
                <Coords points="1392,975 2681,967 2664,924 1392,911"/>
                <Baseline points="1401,958 1464,959 1528,960 1591,960 1655,961 1718,962 1782,962 1845,963 1909,963 1972,963 2036,963 2100,963 2163,963 2227,963 2290,962 2354,962 2417,961 2481,960 2544,959 2608,958 2672,957"/>
                <TextEquiv>
                    <Unicode>Losung, und so ist denn ein merkwürdiges Gemisch von Schwärmerei</Unicode>
                </TextEquiv>
            </TextLine>
            <TextLine id="r1l18" custom="readingOrder {index:17;}">
                <Coords points="1346,1025 2677,1007 2635,964 1346,956"/>
                <Baseline points="1355,999 1420,999 1486,999 1551,999 1617,999 1683,1000 1748,1000 1814,1001 1880,1001 1945,1002 2011,1002 2077,1003 2142,1003 2208,1003 2274,1003 2339,1002 2405,1001 2471,1001 2536,999 2602,997 2668,995"/>
                <TextEquiv>
                    <Unicode>A#n Lüsternheit, Eigenwillen und Zerfahrenheit zustande ge¬</Unicode>
                </TextEquiv>
            </TextLine>
            <TextLine id="r1l19" custom="readingOrder {index:18;}">
                <Coords points="1364,1046 2531,1051 2676,1044 2676,1006 1364,1008"/>
                <Baseline points="1373,1036 1437,1036 1502,1037 1567,1038 1631,1038 1696,1039 1761,1040 1825,1040 1890,1041 1955,1041 2020,1042 2084,1042 2149,1042 2214,1043 2278,1042 2343,1042 2408,1041 2472,1041 2537,1040 2602,1039 2667,1037"/>
                <TextEquiv>
                    <Unicode>sommen, zu dem selbst die Hypnose mithelfen mußte. Beatrice</Unicode>
                </TextEquiv>
            </TextLine>
            <TextLine id="r1l20" custom="readingOrder {index:19;}">
                <Coords points="1346,1115 1454,1079 2686,1083 2686,1045 1345,1055"/>
                <Baseline points="1355,1089 1421,1085 1487,1083 1553,1081 1619,1079 1685,1078 1751,1077 1817,1077 1883,1077 1949,1078 2016,1078 2082,1079 2148,1080 2214,1080 2280,1081 2346,1081 2412,1081 2478,1080 2544,1079 2610,1077 2677,1074"/>
                <TextEquiv>
                    <Unicode>#i leidenschaftlich in den Dichter Filippo Loschi verliebt und bereit, mit</Unicode>
                </TextEquiv>
            </TextLine>
            <TextLine id="r1l21" custom="readingOrder {index:20;}">
                <Coords points="1404,1125 2690,1128 2690,1079 2607,1075 1404,1080"/>
                <Baseline points="1413,1116 1476,1116 1539,1116 1603,1117 1666,1117 1730,1118 1793,1119 1856,1119 1920,1120 1983,1120 2047,1120 2110,1121 2173,1121 2237,1120 2300,1120 2364,1120 2427,1119 2490,1118 2554,1117 2617,1115 2681,1114"/>
                <TextEquiv>
                    <Unicode>##m heimlich aus der belagerten Stadt zu fliehen, um das Liebesglück</Unicode>
                </TextEquiv>
            </TextLine>
            <TextLine id="r1l22" custom="readingOrder {index:21;}">
                <Coords points="1386,1165 2691,1157 2663,1121 1386,1122"/>
                <Baseline points="1395,1155 1459,1155 1523,1156 1588,1156 1652,1157 1716,1157 1781,1158 1845,1158 1909,1158 1974,1158 2038,1159 2102,1159 2167,1159 2231,1159 2295,1158 2360,1158 2424,1158 2488,1157 2553,1157 2617,1156 2682,1156"/>
                <TextEquiv>
                    <Unicode>ullig auskosten zu können. Die Flucht soll soeben ins Werk gesetzt</Unicode>
                </TextEquiv>
            </TextLine>
            <TextLine id="r1l23" custom="readingOrder {index:22;}">
                <Coords points="1353,1203 2595,1211 2685,1204 2685,1160 1353,1178"/>
                <Baseline points="1362,1192 1427,1193 1493,1193 1559,1194 1624,1194 1690,1195 1756,1195 1821,1196 1887,1196 1953,1196 2019,1196 2084,1197 2150,1197 2216,1196 2281,1196 2347,1196 2413,1196 2478,1195 2544,1194 2610,1193 2676,1192"/>
                <TextEquiv>
                    <Unicode>werden, als Beatrice mit süßer Schwärmerei vom Herzog Bentivoglio,</Unicode>
                </TextEquiv>
            </TextLine>
            <TextLine id="r1l24" custom="readingOrder {index:23;}">
                <Coords points="1384,1235 2683,1231 2655,1195 1384,1201"/>
                <Baseline points="1394,1232 1458,1232 1522,1232 1586,1232 1650,1232 1714,1233 1778,1233 1842,1233 1906,1234 1970,1234 2034,1234 2098,1235 2162,1235 2226,1235 2290,1235 2354,1235 2418,1234 2482,1234 2546,1233 2610,1232 2674,1231"/>
                <TextEquiv>
                    <Unicode>##em Herrn von Vologna, zu erzählen beginnt. Er hat sie gegrüßt und</Unicode>
                </TextEquiv>
            </TextLine>
            <TextLine id="r1l25" custom="readingOrder {index:24;}">
                <Coords points="1376,1275 2696,1284 2669,1235 1376,1235"/>
                <Baseline points="1385,1273 1450,1273 1515,1273 1580,1273 1645,1273 1710,1273 1775,1273 1840,1274 1905,1274 1970,1274 2035,1274 2100,1274 2165,1274 2230,1274 2295,1274 2360,1274 2425,1273 2490,1272 2555,1271 2620,1270 2686,1269"/>
                <TextEquiv>
                    <Unicode>###amit in auffälliger Weise ausgezeichnet vor vielen anderen Schön¬</Unicode>
                </TextEquiv>
            </TextLine>
            <TextLine id="r1l26" custom="readingOrder {index:25;}">
                <Coords points="1394,1319 2627,1307 2698,1341 2698,1272 1394,1272"/>
                <Baseline points="1403,1312 1467,1311 1531,1311 1595,1311 1660,1311 1724,1311 1788,1311 1853,1311 1917,1312 1981,1312 2046,1312 2110,1312 2174,1313 2238,1313 2303,1313 2367,1313 2431,1313 2496,1312 2560,1312 2624,1311 2689,1310"/>
                <TextEquiv>
                    <Unicode>##ten, an denen Bologna so reich ist. Und Beatrice hat darauf in</Unicode>
                </TextEquiv>
            </TextLine>
            <TextLine id="r1l27" custom="readingOrder {index:26;}">
                <Coords points="1393,1355 2689,1359 2689,1321 2627,1308 1393,1319"/>
                <Baseline points="1403,1347 1466,1348 1530,1349 1594,1350 1658,1351 1722,1351 1786,1352 1849,1352 1913,1352 1977,1352 2041,1351 2105,1351 2169,1351 2233,1350 2296,1350 2360,1349 2424,1349 2488,1348 2552,1348 2616,1347 2680,1347"/>
                <TextEquiv>
                    <Unicode>der Nacht vom Herzog geträumt, wie er sie durch einen langen schmalen</Unicode>
                </TextEquiv>
            </TextLine>
            <TextLine id="r1l28" custom="readingOrder {index:27;}">
                <Coords points="1405,1390 2693,1401 2693,1350 1405,1356"/>
                <Baseline points="1414,1390 1477,1390 1541,1390 1604,1390 1668,1390 1731,1391 1795,1391 1858,1391 1922,1391 1985,1391 2049,1391 2112,1391 2176,1391 2239,1391 2303,1391 2366,1391 2430,1390 2493,1390 2557,1389 2620,1389 2684,1388"/>
                <TextEquiv>
                    <Unicode>Gang zwischen endlos hohen Mauern dahinführte, über denen rote</Unicode>
                </TextEquiv>
            </TextLine>
            <TextLine id="r1l29" custom="readingOrder {index:28;}">
                <Coords points="1390,1432 2693,1429 2644,1391 1390,1387"/>
                <Baseline points="1399,1427 1463,1427 1527,1427 1591,1428 1656,1428 1720,1428 1784,1429 1848,1429 1913,1429 1977,1429 2041,1429 2105,1429 2170,1429 2234,1429 2298,1428 2362,1428 2427,1427 2491,1426 2555,1425 2619,1424 2684,1423"/>
                <TextEquiv>
                    <Unicode>Tollen standen. Und sie gingen in ein Zimmer, in dem grüne Lichter</Unicode>
                </TextEquiv>
            </TextLine>
            <TextLine id="r1l30" custom="readingOrder {index:29;}">
                <Coords points="1714,1472 2628,1483 2692,1472 2692,1434 1714,1449"/>
                <Baseline points="1724,1468 1774,1468 1824,1468 1875,1468 1925,1468 1976,1468 2026,1468 2077,1467 2127,1467 2178,1467 2228,1467 2279,1467 2329,1467 2380,1466 2430,1466 2481,1466 2531,1466 2582,1465 2632,1465 2683,1465"/>
                <TextEquiv>
                    <Unicode>und dann kommt in der Schilderung das Ruhebett,</Unicode>
                </TextEquiv>
            </TextLine>
            <TextLine id="r1l31" custom="readingOrder {index:30;}">
                <Coords points="1392,1465 1407,1465 1428,1480 1458,1473 1484,1479 1507,1470 1527,1480 1559,1478 1573,1467 1618,1472 1618,1436 1571,1445 1543,1433 1537,1439 1494,1434 1470,1443 1434,1441 1421,1429 1410,1438 1393,1433"/>
                <Baseline points="1402,1463 1427,1466 1453,1467 1479,1468 1505,1468 1530,1467 1556,1467 1582,1468 1608,1469"/>
                <TextEquiv>
                    <Unicode>brannten</Unicode>
                </TextEquiv>
            </TextLine>
            <TextLine id="r1l32" custom="readingOrder {index:31;}">
                <Coords points="1385,1510 2590,1520 2694,1511 2694,1475 1385,1478"/>
                <Baseline points="1395,1506 1459,1506 1523,1506 1588,1506 1652,1506 1717,1506 1781,1506 1846,1505 1910,1505 1975,1505 2039,1505 2103,1505 2168,1505 2232,1505 2297,1505 2361,1505 2426,1505 2490,1505 2555,1505 2619,1505 2684,1505"/>
                <TextEquiv>
                    <Unicode>und der Herzog, der sich über Beatrice neigt —— und man findet es</Unicode>
                </TextEquiv>
            </TextLine>
            <TextLine id="r1l33" custom="readingOrder {index:32;}">
                <Coords points="1463,1550 2650,1556 2685,1501 1463,1511"/>
                <Baseline points="1473,1543 1533,1544 1593,1545 1653,1545 1713,1545 1773,1545 1833,1545 1894,1545 1954,1545 2014,1545 2074,1545 2134,1544 2194,1544 2254,1544 2315,1543 2375,1543 2435,1543 2495,1543 2555,1543 2615,1543 2676,1544"/>
                <TextEquiv>
                    <Unicode># begreiflich, wenn der aus allen Himmeln gerissene Dichter nicht</Unicode>
                </TextEquiv>
            </TextLine>
            <TextLine id="r1l34" custom="readingOrder {index:33;}">
                <Coords points="1380,1598 2694,1577 2694,1539 1380,1534"/>
                <Baseline points="1390,1580 1454,1581 1519,1582 1584,1583 1648,1584 1713,1584 1778,1585 1842,1585 1907,1586 1972,1586 2037,1587 2101,1587 2166,1587 2231,1587 2295,1586 2360,1586 2425,1585 2489,1584 2554,1583 2619,1582 2684,1580"/>
                <TextEquiv>
                    <Unicode> Nachtreter auf dem Wege des Herzogs sein will und der edlen</Unicode>
                </TextEquiv>
            </TextLine>
            <TextLine id="r1l35" custom="readingOrder {index:34;}">
                <Coords points="1388,1607 2687,1624 2687,1579 1388,1590"/>
                <Baseline points="1397,1619 1461,1620 1525,1622 1589,1623 1653,1623 1717,1624 1781,1625 1845,1625 1909,1625 1973,1625 2037,1625 2101,1625 2165,1625 2229,1624 2293,1624 2357,1623 2421,1622 2485,1621 2549,1620 2613,1619 2677,1618"/>
                <TextEquiv>
                    <Unicode>Latrice den Laufpaß gibt, ein Verfahren, das die kindliche Seele</Unicode>
                </TextEquiv>
            </TextLine>
            <TextLine id="r1l36" custom="readingOrder {index:35;}">
                <Coords points="1392,1663 2698,1661 2676,1623 1392,1622"/>
                <Baseline points="1401,1656 1465,1658 1529,1660 1594,1661 1658,1662 1723,1663 1787,1663 1851,1663 1916,1663 1980,1663 2045,1663 2109,1662 2173,1662 2238,1661 2302,1661 2367,1660 2431,1660 2495,1660 2560,1660 2624,1660 2689,1660"/>
                <TextEquiv>
                    <Unicode>### Mädchens nicht begreift. Bald darauf schreitet Beatrice an der</Unicode>
                </TextEquiv>
            </TextLine>
            <TextLine id="r1l37" custom="readingOrder {index:36;}">
                <Coords points="1389,1696 2584,1715 2686,1707 2686,1668 1389,1681"/>
                <Baseline points="1398,1695 1465,1697 1532,1697 1599,1698 1667,1699 1734,1699 1801,1699 1869,1699 1936,1699 2003,1699 2071,1699 2138,1699 2205,1699 2273,1699 2340,1699 2407,1699 2475,1699 2542,1699 2609,1699 2677,1699"/>
                <TextEquiv>
                    <Unicode>Seite des jungen Vittorino Monaldi, eines Gehilfen ihres Vaters, zur</Unicode>
                </TextEquiv>
            </TextLine>
            <TextLine id="r1l38" custom="readingOrder {index:37;}">
                <Coords points="1395,1741 2694,1744 2694,1709 2607,1697 1395,1694"/>
                <Baseline points="1404,1738 1468,1738 1532,1737 1596,1737 1660,1737 1724,1737 1788,1738 1852,1738 1916,1738 1980,1739 2044,1739 2108,1740 2172,1740 2236,1740 2300,1740 2364,1740 2428,1740 2492,1739 2556,1738 2620,1737 2684,1736"/>
                <TextEquiv>
                    <Unicode>Krche, um sich mit Vittorino trauen zu lassen. Eilig wird der Akt,</Unicode>
                </TextEquiv>
            </TextLine>
            <TextLine id="r1l39" custom="readingOrder {index:38;}">
                <Coords points="1387,1783 2699,1787 2699,1744 2647,1740 1387,1738"/>
                <Baseline points="1396,1776 1460,1776 1525,1776 1590,1777 1654,1777 1719,1777 1784,1778 1848,1778 1913,1778 1978,1778 2043,1779 2107,1779 2172,1779 2237,1778 2301,1778 2366,1778 2431,1777 2495,1776 2560,1775 2625,1774 2690,1773"/>
                <TextEquiv>
                    <Unicode>da der Feind vor den Toren steht und Vittorino an dem Verzweif¬</Unicode>
                </TextEquiv>
            </TextLine>
            <TextLine id="r1l40" custom="readingOrder {index:39;}">
                <Coords points="1384,1819 2555,1831 2671,1825 2692,1785 1384,1787"/>
                <Baseline points="1393,1815 1457,1815 1521,1815 1586,1815 1650,1815 1715,1816 1779,1816 1844,1816 1908,1816 1973,1816 2037,1816 2101,1816 2166,1816 2230,1816 2295,1816 2359,1816 2424,1815 2488,1815 2553,1814 2617,1813 2682,1812"/>
                <TextEquiv>
                    <Unicode>lungskampfe teilnehmen will. Da kommt der Herzog die Straße ent¬</Unicode>
                </TextEquiv>
            </TextLine>
            <TextLine id="r1l41" custom="readingOrder {index:40;}">
                <Coords points="1384,1859 2706,1849 2593,1811 1384,1817"/>
                <Baseline points="1393,1855 1458,1855 1523,1854 1588,1854 1653,1854 1718,1854 1783,1854 1849,1854 1914,1855 1979,1855 2044,1855 2109,1855 2174,1855 2239,1855 2305,1855 2370,1855 2435,1855 2500,1854 2565,1854 2630,1853 2696,1852"/>
                <TextEquiv>
                    <Unicode>leng und sieht Beatrice, er erkennt die Schönheit wieder, die seine Sinne!</Unicode>
                </TextEquiv>
            </TextLine>
            <TextLine id="r1l42" custom="readingOrder {index:41;}">
                <Coords points="1395,1891 2690,1905 2690,1853 1394,1861"/>
                <Baseline points="1404,1895 1467,1895 1531,1895 1595,1895 1659,1895 1723,1894 1786,1894 1850,1894 1914,1894 1978,1894 2042,1894 2105,1894 2169,1894 2233,1894 2297,1894 2361,1894 2424,1893 2488,1893 2552,1893 2616,1893 2680,1892"/>
                <TextEquiv>
                    <Unicode>b##rsickt hat, es folgt eine hypnotische Szene, Beatrice steht unter dem</Unicode>
                </TextEquiv>
            </TextLine>
            <TextLine id="r1l43" custom="readingOrder {index:42;}">
                <Coords points="1388,1931 2687,1944 2687,1904 2599,1891 1388,1911"/>
                <Baseline points="1398,1936 1465,1935 1532,1934 1599,1934 1667,1934 1734,1933 1801,1933 1869,1934 1936,1934 2003,1934 2071,1934 2138,1934 2205,1934 2273,1934 2340,1934 2407,1933 2475,1933 2542,1932 2609,1931 2677,1929"/>
                <TextEquiv>
                    <Unicode>Lanne des Mannes, von dem sie so süß geträumt hat, und sie erklärt</Unicode>
                </TextEquiv>
            </TextLine>
            <TextLine id="r1l44" custom="readingOrder {index:43;}">
                <Coords points="1392,1986 2570,1993 2689,1942 1391,1937"/>
                <Baseline points="1401,1973 1464,1972 1528,1972 1592,1972 1656,1971 1720,1971 1784,1971 1848,1971 1912,1972 1976,1972 2040,1972 2103,1972 2167,1972 2231,1972 2295,1972 2359,1971 2423,1971 2487,1970 2551,1969 2615,1969 2679,1967"/>
                <TextEquiv>
                    <Unicode>sich trotz des tapferen Widerspruchs ihres Bruders und ihres Bräuti¬</Unicode>
                </TextEquiv>
            </TextLine>
            <TextLine id="r1l45" custom="readingOrder {index:44;}">
                <Coords points="1406,2011 2613,2022 2690,2009 2690,1966 1406,1994"/>
                <Baseline points="1415,2012 1478,2012 1541,2011 1604,2011 1668,2010 1731,2010 1794,2010 1857,2010 1921,2010 1984,2010 2047,2010 2110,2011 2174,2011 2237,2011 2300,2011 2363,2010 2427,2010 2490,2010 2553,2009 2616,2008 2680,2007"/>
                <TextEquiv>
                    <Unicode>ams für den Herzog, der sie zu seiner Auserwählten erklärt. Als</Unicode>
                </TextEquiv>
            </TextLine>
            <TextLine id="r1l46" custom="readingOrder {index:45;}">
                <Coords points="1399,2065 2585,2069 2688,2054 2688,2010 1399,2015"/>
                <Baseline points="1409,2047 1472,2047 1536,2048 1599,2048 1663,2048 1726,2049 1790,2049 1853,2049 1917,2049 1980,2049 2044,2048 2107,2048 2171,2048 2234,2048 2298,2047 2361,2047 2425,2047 2488,2046 2552,2046 2615,2046 2679,2045"/>
                <TextEquiv>
                    <Unicode>sch der hypnotische Bann löst, hat die schwärmerische Beatrice plötzlich</Unicode>
                </TextEquiv>
            </TextLine>
            <TextLine id="r1l47" custom="readingOrder {index:46;}">
                <Coords points="1403,2096 2697,2099 2696,2055 2631,2050 1403,2066"/>
                <Baseline points="1413,2088 1476,2087 1540,2087 1604,2088 1667,2088 1731,2088 1795,2088 1858,2088 1922,2089 1986,2089 2050,2089 2113,2089 2177,2089 2241,2089 2304,2089 2368,2088 2432,2088 2495,2087 2559,2086 2623,2085 2687,2083"/>
                <TextEquiv>
                    <Unicode>ortel Weltklugheit, auf die Ehe mit dem Herzoge zu dringen. Die</Unicode>
                </TextEquiv>
            </TextLine>
            <TextLine id="r1l48" custom="readingOrder {index:47;}">
                <Coords points="1390,2130 2703,2132 2702,2087 1390,2091"/>
                <Baseline points="1399,2130 1463,2130 1528,2129 1593,2129 1657,2128 1722,2128 1787,2128 1851,2128 1916,2128 1981,2129 2046,2129 2110,2129 2175,2128 2240,2128 2304,2128 2369,2127 2434,2127 2498,2126 2563,2125 2628,2123 2693,2121"/>
                <TextEquiv>
                    <Unicode>Hochzeit wird denn auch unverzüglich angesetzt — die Belagerung treibt</Unicode>
                </TextEquiv>
            </TextLine>
            <TextLine id="r1l49" custom="readingOrder {index:48;}">
                <Coords points="1398,2177 2701,2189 2686,2128 1398,2130"/>
                <Baseline points="1407,2169 1471,2168 1535,2168 1599,2167 1664,2167 1728,2166 1792,2166 1856,2166 1921,2167 1985,2167 2049,2167 2113,2167 2178,2167 2242,2167 2306,2167 2370,2167 2435,2167 2499,2167 2563,2166 2627,2165 2692,2164"/>
                <TextEquiv>
                    <Unicode>ja zur Eile. Vittorino ersticht sich, und Beatrice wird mit dem Herzoge</Unicode>
                </TextEquiv>
            </TextLine>
            <TextLine id="r1l50" custom="readingOrder {index:49;}">
                <Coords points="1400,2211 2609,2217 2691,2177 1400,2179"/>
                <Baseline points="1409,2207 1472,2206 1536,2205 1600,2204 1663,2204 1727,2203 1791,2203 1854,2203 1918,2204 1982,2204 2046,2204 2109,2205 2173,2205 2237,2205 2300,2205 2364,2205 2428,2204 2491,2204 2555,2203 2619,2202 2683,2200"/>
                <TextEquiv>
                    <Unicode>geront. Von der Hochzeit aber — es ist inzwischen Nacht geworden —</Unicode>
                </TextEquiv>
            </TextLine>
            <TextLine id="r1l51" custom="readingOrder {index:50;}">
                <Coords points="1402,2245 2575,2256 2692,2245 2692,2201 1402,2211"/>
                <Baseline points="1411,2244 1474,2244 1538,2244 1601,2244 1665,2244 1728,2244 1792,2244 1855,2244 1919,2244 1982,2244 2046,2244 2110,2244 2173,2244 2237,2244 2300,2244 2364,2243 2427,2243 2491,2243 2554,2242 2618,2242 2682,2242"/>
                <TextEquiv>
                    <Unicode>schleicht sie sich zu ihrem ersten Liebhaber, dem Dichter Loschi, der in</Unicode>
                </TextEquiv>
            </TextLine>
            <TextLine id="r1l52" custom="readingOrder {index:51;}">
                <Coords points="1394,2297 2609,2302 2690,2287 2690,2242 1394,2248"/>
                <Baseline points="1403,2282 1466,2282 1530,2282 1594,2282 1658,2282 1722,2282 1786,2282 1849,2282 1913,2282 1977,2283 2041,2283 2105,2283 2169,2283 2233,2283 2296,2283 2360,2283 2424,2283 2488,2283 2552,2283 2616,2283 2680,2283"/>
                <TextEquiv>
                    <Unicode>der Zwischenzeit Orgien mit zwei berüchtigten Courtisanen gefeiert hat.</Unicode>
                </TextEquiv>
            </TextLine>
            <TextLine id="r1l53" custom="readingOrder {index:52;}">
                <Coords points="1402,2323 2633,2334 2705,2330 2705,2278 1402,2289"/>
                <Baseline points="1411,2321 1475,2321 1539,2321 1603,2321 1667,2321 1732,2321 1796,2321 1860,2321 1924,2321 1988,2322 2053,2322 2117,2322 2181,2322 2245,2322 2309,2322 2374,2322 2438,2322 2502,2322 2566,2322 2630,2322 2695,2321"/>
                <TextEquiv>
                    <Unicode>#m in süßer Umarmung mit ihm zu sterben. Es folgt eine Szene, die</Unicode>
                </TextEquiv>
            </TextLine>
            <TextLine id="r1l54" custom="readingOrder {index:53;}">
                <Coords points="1395,2361 2690,2365 2675,2323 1395,2323"/>
                <Baseline points="1405,2360 1468,2360 1532,2360 1596,2361 1660,2361 1723,2361 1787,2361 1851,2361 1915,2361 1978,2361 2042,2361 2106,2360 2170,2360 2233,2360 2297,2360 2361,2360 2425,2359 2488,2359 2552,2359 2616,2359 2680,2359"/>
                <TextEquiv>
                    <Unicode>in ihrer psychologischen Verzwicktheit nur ein Dekadent schreiben konnte.</Unicode>
                </TextEquiv>
            </TextLine>
            <TextLine id="r1l55" custom="readingOrder {index:54;}">
                <Coords points="1408,2403 2699,2421 2686,2359 1408,2363"/>
                <Baseline points="1418,2399 1481,2400 1545,2400 1608,2400 1672,2401 1736,2401 1799,2401 1863,2401 1926,2401 1990,2400 2054,2400 2117,2400 2181,2400 2244,2400 2308,2399 2372,2399 2435,2399 2499,2399 2562,2399 2626,2399 2690,2399"/>
                <TextEquiv>
                    <Unicode>Prachi erwägt nochmals die Möglichkeit der gemeinsamen Flucht,</Unicode>
                </TextEquiv>
            </TextLine>
            <TextLine id="r1l56" custom="readingOrder {index:55;}">
                <Coords points="1401,2429 2688,2440 2688,2402 1401,2408"/>
                <Baseline points="1411,2440 1474,2440 1537,2440 1601,2439 1664,2439 1728,2439 1791,2439 1854,2439 1918,2439 1981,2439 2045,2439 2108,2439 2171,2439 2235,2439 2298,2439 2362,2438 2425,2438 2488,2438 2552,2438 2615,2438 2679,2437"/>
                <TextEquiv>
                    <Unicode>####erice will jedoch die große Schuld nur mit dem Tode fühnen, nur</Unicode>
                </TextEquiv>
            </TextLine>
            <TextLine id="r1l57" custom="readingOrder {index:56;}">
                <Coords points="1400,2484 2490,2503 2706,2489 2706,2427 1400,2447"/>
                <Baseline points="1409,2476 1473,2477 1537,2478 1602,2478 1666,2479 1731,2479 1795,2479 1859,2479 1924,2479 1988,2479 2053,2479 2117,2479 2181,2479 2246,2479 2310,2479 2375,2479 2439,2479 2503,2480 2568,2480 2632,2480 2697,2481"/>
                <TextEquiv>
                    <Unicode>d# Tod rechtfertigt und macht rein, was sie begangen hat. Becher</Unicode>
                </TextEquiv>
            </TextLine>
            <TextLine id="r1l58" custom="readingOrder {index:57;}">
                <Coords points="1401,2524 2704,2530 2704,2490 2561,2477 1401,2487"/>
                <Baseline points="1410,2517 1474,2517 1538,2517 1602,2517 1667,2517 1731,2517 1795,2517 1859,2516 1924,2516 1988,2516 2052,2516 2116,2516 2181,2516 2245,2516 2309,2516 2373,2516 2438,2516 2502,2517 2566,2517 2630,2517 2695,2517"/>
                <TextEquiv>
                    <Unicode>mit und ohne Gift — dem Gifte der Courtisane Lucrezia — spielen</Unicode>
                </TextEquiv>
            </TextLine>
            <TextLine id="r1l59" custom="readingOrder {index:58;}">
                <Coords points="1397,2561 2640,2566 2700,2522 1397,2524"/>
                <Baseline points="1406,2558 1470,2556 1534,2556 1598,2555 1663,2554 1727,2554 1791,2554 1855,2554 1920,2554 1984,2554 2048,2554 2112,2554 2177,2555 2241,2555 2305,2555 2369,2555 2434,2555 2498,2555 2562,2554 2626,2554 2691,2553"/>
                <TextEquiv>
                    <Unicode>dann eine Rolle, Beatrice bekommt in kindlicher Weise Furcht vor dem</Unicode>
                </TextEquiv>
            </TextLine>
            <TextLine id="r1l60" custom="readingOrder {index:59;}">
                <Coords points="1403,2597 2702,2622 2702,2540 1403,2558"/>
                <Baseline points="1412,2596 1476,2594 1540,2593 1604,2593 1668,2592 1732,2592 1796,2592 1860,2593 1924,2593 1988,2594 2052,2594 2116,2595 2180,2595 2244,2596 2308,2596 2372,2596 2436,2596 2500,2595 2564,2595 2628,2594 2692,2592"/>
                <TextEquiv>
                    <Unicode>Lode, und Loschi stirbt schließlich allein. Beatrice aber flieht voll Ent¬</Unicode>
                </TextEquiv>
            </TextLine>
            <TextLine id="r1l61" custom="readingOrder {index:60;}">
                <Coords points="1394,2661 1511,2632 2392,2633 2392,2599 2150,2586 2069,2611 1394,2595"/>
                <Baseline points="1403,2634 1452,2634 1501,2633 1550,2632 1599,2632 1648,2632 1697,2632 1746,2632 1795,2632 1844,2632 1893,2632 1942,2632 1991,2632 2040,2632 2089,2632 2138,2632 2187,2632 2236,2632 2285,2632 2334,2632 2383,2632"/>
                <TextEquiv>
                    <Unicode>setzen zurück zur Hochzeitsgesellschaft und zum Herzog.</Unicode>
                </TextEquiv>
            </TextLine>
            <TextLine id="r1l62" custom="readingOrder {index:61;}">
                <Coords points="1481,2675 2673,2683 2703,2623 1481,2637"/>
                <Baseline points="1490,2667 1550,2669 1610,2670 1670,2671 1730,2671 1791,2672 1851,2672 1911,2672 1971,2672 2031,2672 2092,2671 2152,2671 2212,2671 2272,2670 2332,2670 2393,2669 2453,2669 2513,2669 2573,2669 2633,2669 2694,2669"/>
                <TextEquiv>
                    <Unicode>Es war nötig, Beatrice auf ihren Wegen zu folgen, um die Rarität</Unicode>
                </TextEquiv>
            </TextLine>
            <TextLine id="r1l63" custom="readingOrder {index:62;}">
                <Coords points="1407,2711 2697,2727 2697,2673 2535,2666 2392,2696 1407,2677"/>
                <Baseline points="1416,2707 1479,2707 1543,2708 1606,2708 1670,2709 1733,2709 1797,2709 1860,2709 1924,2710 1987,2710 2051,2710 2115,2710 2178,2710 2242,2710 2305,2710 2369,2711 2432,2711 2496,2711 2559,2712 2623,2713 2687,2713"/>
                <TextEquiv>
                    <Unicode>deses unerforschlichen Charakters kennen zu lernen. Das Mädchen,</Unicode>
                </TextEquiv>
            </TextLine>
            <TextLine id="r1l64" custom="readingOrder {index:63;}">
                <Coords points="1401,2744 2702,2771 2674,2714 1401,2708"/>
                <Baseline points="1411,2744 1475,2745 1539,2746 1603,2747 1667,2747 1731,2748 1795,2748 1859,2748 1923,2748 1987,2748 2052,2748 2116,2748 2180,2748 2244,2748 2308,2748 2372,2749 2436,2749 2500,2749 2564,2750 2628,2750 2693,2751"/>
                <TextEquiv>
                    <Unicode>#### bei allem Unheil, das sie angerichtet, das reine Kind bleibt, bringt</Unicode>
                </TextEquiv>
            </TextLine>
            <TextLine id="r1l65" custom="readingOrder {index:64;}">
                <Coords points="1451,2788 2694,2788 2679,2750 1451,2754"/>
                <Baseline points="1461,2787 1522,2787 1583,2787 1644,2786 1705,2786 1766,2786 1827,2786 1889,2786 1950,2787 2011,2787 2072,2787 2133,2787 2194,2787 2255,2787 2317,2787 2378,2787 2439,2787 2500,2787 2561,2786 2622,2786 2684,2785"/>
                <TextEquiv>
                    <Unicode>fertig, zwei große Leidenschaften zu gleicher Zeit in ihrem weiten</Unicode>
                </TextEquiv>
            </TextLine>
            <TextLine id="r1l66" custom="readingOrder {index:65;}">
                <Coords points="1390,2827 2699,2819 2686,2785 1390,2782"/>
                <Baseline points="1399,2825 1463,2825 1528,2825 1592,2825 1657,2825 1721,2825 1786,2826 1850,2826 1915,2826 1979,2827 2044,2827 2108,2827 2173,2827 2237,2827 2302,2827 2366,2826 2431,2825 2495,2824 2560,2823 2624,2821 2689,2819"/>
                <TextEquiv>
                    <Unicode>Herzen zu beherbergen, sie läuft von dem Einen zum Andern und wie¬</Unicode>
                </TextEquiv>
            </TextLine>
            <TextLine id="r1l67" custom="readingOrder {index:66;}">
                <Coords points="1454,2871 2614,2876 2712,2861 2712,2827 1454,2834"/>
                <Baseline points="1464,2864 1525,2864 1587,2864 1649,2864 1711,2864 1773,2864 1835,2864 1897,2864 1959,2864 2021,2864 2083,2864 2144,2864 2206,2864 2268,2864 2330,2863 2392,2863 2454,2862 2516,2861 2578,2860 2640,2859 2702,2858"/>
                <TextEquiv>
                    <Unicode> zurück und bleibt immer naiv. Ein wirkliches kleines Ungeheuer</Unicode>
                </TextEquiv>
            </TextLine>
            <TextLine id="r1l68" custom="readingOrder {index:67;}">
                <Coords points="1455,2905 2664,2912 2702,2869 1455,2875"/>
                <Baseline points="1464,2903 1525,2902 1586,2901 1648,2901 1709,2901 1771,2901 1832,2901 1893,2901 1955,2901 2016,2901 2078,2902 2139,2902 2200,2902 2262,2902 2323,2902 2385,2902 2446,2902 2507,2901 2569,2900 2630,2900 2692,2898"/>
                <TextEquiv>
                    <Unicode>ob man es in der Renaissance oder in der gegenwärtigen Zeit der</Unicode>
                </TextEquiv>
            </TextLine>
            <TextLine id="r1l69" custom="readingOrder {index:68;}">
                <Coords points="1408,2942 2716,2947 2697,2903 1408,2911"/>
                <Baseline points="1416,2941 1480,2940 1545,2940 1609,2940 1674,2940 1738,2939 1803,2940 1867,2940 1932,2940 1996,2940 2061,2940 2125,2941 2190,2941 2254,2941 2319,2941 2383,2941 2448,2941 2512,2941 2577,2940 2641,2939 2706,2938"/>
                <TextEquiv>
                    <Unicode>##tadence für möglich halten will, ist Geschmackssache. Beatrice hat in</Unicode>
                </TextEquiv>
            </TextLine>
            <TextLine id="r1l70" custom="readingOrder {index:69;}">
                <Coords points="1400,2978 2454,2997 2667,2989 2693,2942 1400,2946"/>
                <Baseline points="1410,2980 1473,2980 1537,2979 1601,2979 1664,2979 1728,2979 1792,2979 1855,2979 1919,2979 1983,2979 2047,2979 2110,2979 2174,2979 2238,2979 2301,2979 2365,2979 2429,2978 2492,2978 2556,2978 2620,2977 2684,2976"/>
                <TextEquiv>
                    <Unicode>####chis Wohnung einen kostbaren Schleier zurückgelassen, den ihr der</Unicode>
                </TextEquiv>
            </TextLine>
            <TextLine id="r1l71" custom="readingOrder {index:70;}">
                <Coords points="1411,3031 2594,3032 2697,2984 1411,2991"/>
                <Baseline points="1420,3020 1483,3019 1546,3018 1610,3018 1673,3017 1736,3017 1800,3018 1863,3018 1926,3018 1990,3019 2053,3019 2116,3019 2180,3019 2243,3020 2306,3019 2370,3019 2433,3019 2496,3018 2560,3017 2623,3015 2687,3013"/>
                <TextEquiv>
                    <Unicode>Herzog geschenkt hat. Sie soll sagen, wo sie gewesen ist, wo sie den</Unicode>
                </TextEquiv>
            </TextLine>
            <TextLine id="r1l72" custom="readingOrder {index:71;}">
                <Coords points="1408,3070 2634,3072 2694,3016 1408,3031"/>
                <Baseline points="1418,3058 1481,3057 1544,3056 1607,3056 1671,3055 1734,3055 1797,3056 1861,3056 1924,3056 1987,3057 2051,3057 2114,3058 2177,3058 2240,3058 2304,3058 2367,3058 2430,3058 2494,3057 2557,3056 2620,3054 2684,3052"/>
                <TextEquiv>
                    <Unicode>Schleier gelassen hat, eine Notlüge schlägt fehl, und der Herzog ver¬</Unicode>
                </TextEquiv>
            </TextLine>
            <TextLine id="r1l73" custom="readingOrder {index:72;}">
                <Coords points="1404,3105 2647,3106 2694,3053 1404,3064"/>
                <Baseline points="1414,3096 1477,3095 1541,3095 1604,3095 1668,3095 1731,3095 1795,3095 1858,3095 1922,3095 1985,3096 2049,3096 2112,3096 2176,3096 2239,3096 2303,3096 2366,3096 2430,3096 2493,3095 2557,3094 2620,3093 2684,3092"/>
                <TextEquiv>
                    <Unicode>unteilt sie zum Tode. Entsetzen ergreift sie, und um nicht sterben zu</Unicode>
                </TextEquiv>
            </TextLine>
            <TextLine id="r1l74" custom="readingOrder {index:73;}">
                <Coords points="1394,3138 2485,3159 2699,3136 2699,3090 1394,3112"/>
                <Baseline points="1403,3137 1467,3136 1531,3135 1596,3134 1660,3134 1724,3134 1789,3134 1853,3134 1917,3135 1982,3135 2046,3135 2110,3136 2175,3136 2239,3136 2303,3136 2368,3135 2432,3135 2496,3134 2561,3132 2625,3130 2690,3128"/>
                <TextEquiv>
                    <Unicode>müssen, führt sie den Herzog in Loschis Haus. Man findet den Schleier</Unicode>
                </TextEquiv>
            </TextLine>
            <TextLine id="r1l75" custom="readingOrder {index:74;}">
                <Coords points="1401,3171 2605,3184 2693,3171 2693,3135 1401,3147"/>
                <Baseline points="1410,3174 1473,3174 1537,3173 1600,3173 1664,3173 1728,3173 1791,3173 1855,3173 1919,3173 1982,3173 2046,3174 2110,3174 2173,3174 2237,3174 2301,3174 2364,3174 2428,3174 2492,3173 2555,3173 2619,3172 2683,3171"/>
                <TextEquiv>
                    <Unicode>und auch die Leiche des vom Herzog angebeteten Dichters. Und was</Unicode>
                </TextEquiv>
            </TextLine>
            <TextLine id="r1l76" custom="readingOrder {index:75;}">
                <Coords points="1402,3217 2701,3226 2701,3177 1402,3187"/>
                <Baseline points="1412,3214 1479,3213 1546,3211 1613,3211 1681,3210 1748,3211 1815,3211 1883,3211 1950,3212 2017,3213 2085,3213 2152,3214 2219,3214 2287,3214 2354,3214 2421,3214 2489,3213 2556,3211 2623,3209 2691,3207"/>
                <TextEquiv>
                    <Unicode>wird nach allen diesen verzwickten Vorgängen aus Beatrice? Nur die</Unicode>
                </TextEquiv>
            </TextLine>
            <TextLine id="r1l77" custom="readingOrder {index:76;}">
                <Coords points="1408,3265 2615,3262 2703,3249 2703,3202 1408,3218"/>
                <Baseline points="1418,3252 1481,3251 1545,3250 1609,3249 1673,3249 1736,3249 1800,3250 1864,3250 1928,3251 1991,3251 2055,3252 2119,3253 2183,3253 2246,3253 2310,3253 2374,3253 2438,3253 2501,3251 2565,3250 2629,3248 2693,3246"/>
                <TextEquiv>
                    <Unicode>unverdorbene Jugend ihres Bruders Frauresco findet hier einen</Unicode>
                </TextEquiv>
            </TextLine>
            <TextLine id="r1l78" custom="readingOrder {index:77;}">
                <Coords points="1403,3304 2672,3300 2704,3249 1403,3271"/>
                <Baseline points="1413,3291 1477,3291 1541,3290 1605,3290 1669,3290 1733,3291 1797,3291 1861,3291 1925,3292 1989,3292 2054,3292 2118,3292 2182,3292 2246,3292 2310,3292 2374,3292 2438,3291 2502,3290 2566,3288 2630,3286 2695,3284"/>
                <TextEquiv>
                    <Unicode>schnellen und, wie selbst der Herzog zugeben muß, korrekten Ausweg</Unicode>
                </TextEquiv>
            </TextLine>
            <TextLine id="r1l79" custom="readingOrder {index:78;}">
                <Coords points="1461,3338 2626,3340 2700,3336 2700,3295 1461,3296"/>
                <Baseline points="1471,3327 1532,3327 1593,3328 1654,3328 1715,3329 1776,3329 1837,3330 1898,3330 1959,3331 2020,3331 2081,3332 2142,3332 2203,3332 2264,3332 2325,3332 2386,3331 2447,3331 2508,3330 2569,3329 2630,3328 2691,3327"/>
                <TextEquiv>
                    <Unicode>Francesco ersticht seine Schwester. Der Herzog feiert in schönen</Unicode>
                </TextEquiv>
            </TextLine>
            <TextLine id="r1l80" custom="readingOrder {index:79;}">
                <Coords points="1397,3378 2538,3389 2698,3369 2698,3335 1397,3343"/>
                <Baseline points="1406,3365 1470,3365 1534,3366 1598,3366 1662,3367 1726,3367 1790,3368 1854,3368 1918,3369 1982,3369 2047,3370 2111,3370 2175,3370 2239,3370 2303,3370 2367,3370 2431,3370 2495,3369 2559,3369 2623,3367 2688,3366"/>
                <TextEquiv>
                    <Unicode>Worten den Dichter und bestimmt für ihn ein ehrenvolles Begräbnis</Unicode>
                </TextEquiv>
            </TextLine>
            <TextLine id="r1l81" custom="readingOrder {index:80;}">
                <Coords points="1397,3407 2668,3416 2695,3371 1397,3388"/>
                <Baseline points="1407,3404 1474,3404 1541,3405 1608,3405 1676,3406 1743,3406 1810,3407 1878,3407 1945,3408 2012,3408 2080,3409 2147,3409 2214,3410 2282,3410 2349,3410 2416,3410 2484,3409 2551,3409 2618,3408 2686,3407"/>
                <TextEquiv>
                    <Unicode>an der Seite Beatrices, die durch die Verbindung, in der sie zu dem</Unicode>
                </TextEquiv>
            </TextLine>
            <TextLine id="r1l82" custom="readingOrder {index:81;}">
                <Coords points="1407,3447 2702,3447 2702,3413 2586,3405 1407,3410"/>
                <Baseline points="1417,3442 1480,3442 1544,3443 1608,3443 1672,3444 1736,3445 1799,3445 1863,3446 1927,3447 1991,3447 2055,3448 2118,3448 2182,3448 2246,3449 2310,3449 2374,3448 2437,3448 2501,3447 2565,3446 2629,3445 2693,3444"/>
                <TextEquiv>
                    <Unicode>Unsterblichen gestanden, eine Weihe erhalten hat, die alle ihre Taten</Unicode>
                </TextEquiv>
            </TextLine>
            <TextLine id="r1l83" custom="readingOrder {index:82;}">
                <Coords points="1401,3482 1491,3500 1516,3485 1570,3493 1598,3480 1608,3490 1681,3498 1721,3476 1738,3482 1738,3455 1665,3447 1644,3456 1625,3445 1593,3458 1401,3446"/>
                <Baseline points="1410,3480 1436,3482 1463,3483 1489,3484 1516,3484 1542,3485 1569,3485 1596,3485 1622,3485 1649,3485 1675,3485 1702,3485 1729,3486"/>
                <TextEquiv>
                    <Unicode>vergessen macht.</Unicode>
                </TextEquiv>
            </TextLine>
            <TextLine id="r1l84" custom="readingOrder {index:83;}">
                <Coords points="1487,3523 2390,3541 2672,3528 2702,3490 1487,3493"/>
                <Baseline points="1497,3522 1556,3522 1616,3523 1676,3523 1736,3524 1795,3524 1855,3524 1915,3525 1975,3525 2034,3525 2094,3526 2154,3526 2214,3526 2273,3526 2333,3525 2393,3524 2453,3524 2512,3522 2572,3522 2632,3520 2692,3518"/>
                <TextEquiv>
                    <Unicode>In dieser kurz skizzierten Haupthandlung — wenn man Beatrices</Unicode>
                </TextEquiv>
            </TextLine>
            <TextLine id="r1l85" custom="readingOrder {index:84;}">
                <Coords points="1397,3547 2698,3563 2674,3525 1397,3515"/>
                <Baseline points="1406,3557 1470,3558 1534,3559 1598,3560 1662,3561 1726,3562 1790,3563 1854,3564 1918,3565 1982,3565 2047,3566 2111,3566 2175,3566 2239,3566 2303,3566 2367,3565 2431,3565 2495,3564 2559,3563 2623,3561 2688,3559"/>
                <TextEquiv>
                    <Unicode>unberechenbare Entschlüsse und deren Folgen so nenuen will — ist indeß</Unicode>
                </TextEquiv>
            </TextLine>
            <TextLine id="r1l86" custom="readingOrder {index:85;}">
                <Coords points="1408,3606 2709,3609 2685,3562 1408,3557"/>
                <Baseline points="1418,3596 1482,3597 1546,3598 1610,3600 1674,3601 1738,3602 1802,3603 1866,3604 1930,3604 1994,3605 2059,3605 2123,3605 2187,3605 2251,3605 2315,3605 2379,3604 2443,3604 2507,3603 2571,3601 2635,3599 2700,3598"/>
                <TextEquiv>
                    <Unicode>#ei weitem nicht alles enthalten, was in das Stück an Geschehnissen vom</Unicode>
                </TextEquiv>
            </TextLine>
            <TextLine id="r1l87" custom="readingOrder {index:86;}">
                <Coords points="1413,3638 2696,3646 2696,3597 1414,3606"/>
                <Baseline points="1422,3636 1485,3636 1548,3637 1611,3637 1675,3638 1738,3639 1801,3640 1864,3640 1928,3641 1991,3642 2054,3642 2117,3643 2181,3643 2244,3643 2307,3642 2370,3642 2434,3641 2497,3640 2560,3638 2623,3636 2687,3633"/>
                <TextEquiv>
                    <Unicode>Verfasser hineingezwängt worden ist. Die Renaissance hat hier ihren</Unicode>
                </TextEquiv>
            </TextLine>
            <TextLine id="r1l88" custom="readingOrder {index:87;}">
                <Coords points="1432,3682 2701,3697 2701,3639 1432,3646"/>
                <Baseline points="1442,3679 1504,3678 1567,3677 1629,3677 1692,3677 1754,3677 1817,3678 1879,3678 1942,3679 2004,3679 2067,3680 2129,3680 2192,3681 2254,3681 2317,3681 2379,3681 2442,3680 2504,3680 2567,3679 2629,3677 2692,3675"/>
                <TextEquiv>
                    <Unicode>zenen Geist. Daß ihre Helden auch von ausgesuchter Grausamkeit</Unicode>
                </TextEquiv>
            </TextLine>
            <TextLine id="r1l89" custom="readingOrder {index:88;}">
                <Coords points="1405,3724 2685,3722 2663,3683 1405,3677"/>
                <Baseline points="1414,3717 1477,3716 1540,3715 1603,3715 1666,3715 1729,3715 1792,3715 1855,3715 1918,3716 1981,3716 2045,3716 2108,3717 2171,3717 2234,3718 2297,3718 2360,3718 2423,3718 2486,3717 2549,3716 2612,3715 2676,3714"/>
                <TextEquiv>
                    <Unicode>sein konnten, ist wohl noch das Zutreffenste an dieser Sittenschilderung.</Unicode>
                </TextEquiv>
            </TextLine>
            <TextLine id="r1l90" custom="readingOrder {index:89;}">
                <Coords points="1476,3760 2581,3766 2694,3757 2694,3717 1476,3726"/>
                <Baseline points="1485,3753 1545,3752 1605,3752 1665,3751 1725,3751 1785,3752 1845,3752 1905,3752 1965,3753 2025,3754 2085,3754 2145,3755 2205,3755 2265,3755 2325,3755 2385,3755 2445,3754 2505,3754 2565,3752 2625,3750 2685,3748"/>
                <TextEquiv>
                    <Unicode>Die Aufführung, die von Herrn Oberregisseur Eggeling mit</Unicode>
                </TextEquiv>
            </TextLine>
            <TextLine id="r1l91" custom="readingOrder {index:90;}">
                <Coords points="1408,3793 2698,3796 2604,3752 1408,3759"/>
                <Baseline points="1417,3788 1480,3789 1544,3790 1607,3790 1671,3791 1734,3791 1798,3792 1861,3792 1925,3792 1988,3792 2052,3792 2116,3792 2179,3792 2243,3792 2306,3792 2370,3792 2433,3792 2497,3792 2560,3792 2624,3792 2688,3792"/>
                <TextEquiv>
                    <Unicode>vieler Liebe und auch mit Geschick vorbereitet war, erhielt durch das</Unicode>
                </TextEquiv>
            </TextLine>
            <TextLine id="r1l92" custom="readingOrder {index:91;}">
                <Coords points="1399,3840 2681,3850 2698,3795 1399,3803"/>
                <Baseline points="1409,3830 1473,3830 1537,3831 1601,3831 1665,3832 1729,3832 1793,3832 1857,3832 1921,3832 1985,3832 2049,3832 2113,3831 2177,3831 2241,3831 2305,3831 2369,3830 2433,3830 2497,3830 2561,3829 2625,3829 2689,3829"/>
                <TextEquiv>
                    <Unicode>Gastspiel des Frl. Frenc Triesch vom Deutschen Theater in Berlin</Unicode>
                </TextEquiv>
            </TextLine>
            <TextLine id="r1l93" custom="readingOrder {index:92;}">
                <Coords points="1478,3872 2525,3885 2647,3881 2694,3841 1478,3851"/>
                <Baseline points="1488,3870 1547,3870 1607,3871 1667,3871 1727,3871 1787,3871 1846,3871 1906,3871 1966,3871 2026,3871 2086,3870 2145,3870 2205,3870 2265,3870 2325,3869 2385,3869 2444,3869 2504,3869 2564,3869 2624,3869 2684,3869"/>
                <TextEquiv>
                    <Unicode>besonderes Interesse. Die zierliche Darstellerin war sichtlich be¬</Unicode>
                </TextEquiv>
            </TextLine>
            <TextLine id="r1l94" custom="readingOrder {index:93;}">
                <Coords points="1403,3903 2637,3917 2704,3865 1403,3869"/>
                <Baseline points="1413,3905 1477,3906 1541,3907 1605,3907 1669,3908 1733,3908 1797,3909 1861,3909 1925,3909 1989,3909 2053,3909 2117,3909 2181,3909 2245,3909 2309,3909 2373,3908 2437,3908 2501,3907 2565,3906 2629,3906 2694,3905"/>
                <TextEquiv>
                    <Unicode>stecht, die wechselreichen Stimmungen Beatrices durch ein beredtes</Unicode>
                </TextEquiv>
            </TextLine>
            <TextLine id="r1l95" custom="readingOrder {index:94;}">
                <Coords points="1412,3949 2661,3958 2691,3915 1412,3919"/>
                <Baseline points="1422,3944 1485,3945 1548,3946 1611,3946 1674,3947 1737,3947 1800,3948 1863,3948 1926,3948 1989,3948 2052,3948 2115,3947 2178,3947 2241,3947 2304,3947 2367,3946 2430,3946 2493,3946 2556,3945 2619,3945 2682,3945"/>
                <TextEquiv>
                    <Unicode>Wienenspiel anschaulich zu machen und in allen den schwierigen Situa¬</Unicode>
                </TextEquiv>
            </TextLine>
            <TextLine id="r1l96" custom="readingOrder {index:95;}">
                <Coords points="1414,4000 2690,3991 2566,3944 1414,3957"/>
                <Baseline points="1423,3983 1485,3984 1548,3985 1611,3985 1674,3986 1737,3986 1800,3986 1863,3986 1926,3986 1989,3986 2052,3986 2114,3986 2177,3986 2240,3985 2303,3985 2366,3985 2429,3984 2492,3984 2555,3983 2618,3983 2681,3982"/>
                <TextEquiv>
                    <Unicode>onen den vorherrschenden Charakter kindlicher Naivetät festzuhalten.</Unicode>
                </TextEquiv>
            </TextLine>
            <TextLine id="r1l97" custom="readingOrder {index:96;}">
                <Coords points="1406,4020 2690,4025 2665,3988 1406,3988"/>
                <Baseline points="1415,4016 1478,4018 1541,4021 1604,4022 1668,4023 1731,4024 1794,4024 1858,4024 1921,4024 1984,4024 2048,4023 2111,4023 2174,4023 2237,4022 2301,4022 2364,4021 2427,4021 2491,4021 2554,4021 2617,4021 2681,4022"/>
                <TextEquiv>
                    <Unicode>Es gelang ihr dies auch in der Deklamation. Der Ausdruck des</Unicode>
                </TextEquiv>
            </TextLine>
            <TextLine id="r1l98" custom="readingOrder {index:97;}">
                <Coords points="1416,4058 2694,4069 2694,4026 1416,4021"/>
                <Baseline points="1426,4057 1488,4058 1551,4059 1614,4060 1677,4061 1740,4061 1803,4062 1866,4062 1929,4063 1992,4063 2055,4063 2117,4063 2180,4063 2243,4063 2306,4062 2369,4062 2432,4061 2495,4061 2558,4060 2621,4059 2684,4058"/>
                <TextEquiv>
                    <Unicode>Schmerzes hatte viel Ergreifendes, und zweifellos war die Leistung</Unicode>
                </TextEquiv>
            </TextLine>
            <TextLine id="r1l99" custom="readingOrder {index:98;}">
                <Coords points="1406,4109 2700,4110 2666,4065 1406,4066"/>
                <Baseline points="1416,4097 1479,4098 1543,4099 1607,4099 1670,4100 1734,4100 1798,4100 1861,4101 1925,4101 1989,4101 2053,4101 2116,4101 2180,4101 2244,4101 2307,4101 2371,4101 2435,4101 2498,4101 2562,4101 2626,4101 2690,4102"/>
                <TextEquiv>
                    <Unicode>abenhalben interessant. Das Organ der Dame ist weder groß noch</Unicode>
                </TextEquiv>
            </TextLine>
            <TextLine id="r1l100" custom="readingOrder {index:99;}">
                <Coords points="1412,4139 2691,4146 2676,4104 1412,4107"/>
                <Baseline points="1421,4135 1484,4136 1547,4136 1610,4137 1673,4137 1736,4137 1799,4138 1862,4138 1925,4138 1988,4138 2051,4138 2114,4138 2177,4138 2240,4138 2303,4138 2366,4138 2429,4138 2492,4137 2555,4137 2618,4137 2682,4136"/>
                <TextEquiv>
                    <Unicode>schön, sie weiß es jedoch geschickt auszunutzen, und man kann gespannt</Unicode>
                </TextEquiv>
            </TextLine>
            <TextLine id="r1l101" custom="readingOrder {index:100;}">
                <Coords points="1409,4186 2697,4176 2684,4142 1409,4135"/>
                <Baseline points="1419,4177 1482,4177 1545,4177 1609,4177 1672,4177 1736,4177 1799,4177 1862,4177 1926,4177 1989,4177 2053,4177 2116,4177 2179,4177 2243,4177 2306,4177 2370,4177 2433,4177 2496,4176 2560,4176 2623,4176 2687,4176"/>
                <TextEquiv>
                    <Unicode>##rauf sein, wie sich ihre Mittel in Rollen anderen Genres bewahren</Unicode>
                </TextEquiv>
            </TextLine>
            <TextLine id="r1l102" custom="readingOrder {index:101;}">
                <Coords points="1887,4220 1902,4219 1904,4221 1910,4221 1916,4220 1917,4218 1923,4221 1936,4221 1934,4189 1921,4188 1917,4184 1915,4186 1911,4185 1908,4189 1902,4187 1885,4188"/>
                <Baseline points="1897,4215 1927,4213"/>
                <TextEquiv>
                    <Unicode>#</Unicode>
                </TextEquiv>
            </TextLine>
            <TextLine id="r1l103" custom="readingOrder {index:102;}">
                <Coords points="2626,4214 2636,4215 2640,4211 2643,4212 2648,4208 2654,4216 2662,4222 2675,4223 2677,4188 2668,4187 2655,4178 2646,4182 2638,4177 2629,4177"/>
                <Baseline points="2636,4213 2666,4215"/>
                <TextEquiv>
                    <Unicode>1011</Unicode>
                </TextEquiv>
            </TextLine>
            <TextEquiv>
                <Unicode>box 20/5
14. Der Schleier der Beatrice
Theater und Musik.

Der Schleier der Beatrice.

Schauspiel in fünf Akten von Arthur Schnitzler.
(Lei##iger Schauspielhaus.)
Ein konfisziertes Stück — nicht etwa in der Bedeutung, daß es ver¬
###ten und beschlagnahmt worden wäre, sondern in der des Schillerschen
lenfiszierten Kerls“. Einen Genuß gewährt diese Verquickung ver¬
##vorrener Charaktere und Situationen nur dann, wenn man es als
Satire auf die Manier ansieht, in der von Dekadenten Renaissance¬
Tromen geschrieben werden. Das Konfiszierteste in der Charakter¬
schilderung ist die Zeichnung der schönen Beatrice, der Tochter des Bo¬
kugneser Wappenschneiders Nardi. Interessant um jeden Preis ist hier
Losung, und so ist denn ein merkwürdiges Gemisch von Schwärmerei
A#n Lüsternheit, Eigenwillen und Zerfahrenheit zustande ge¬
sommen, zu dem selbst die Hypnose mithelfen mußte. Beatrice
#i leidenschaftlich in den Dichter Filippo Loschi verliebt und bereit, mit
##m heimlich aus der belagerten Stadt zu fliehen, um das Liebesglück
ullig auskosten zu können. Die Flucht soll soeben ins Werk gesetzt
werden, als Beatrice mit süßer Schwärmerei vom Herzog Bentivoglio,
##em Herrn von Vologna, zu erzählen beginnt. Er hat sie gegrüßt und
###amit in auffälliger Weise ausgezeichnet vor vielen anderen Schön¬
##ten, an denen Bologna so reich ist. Und Beatrice hat darauf in
der Nacht vom Herzog geträumt, wie er sie durch einen langen schmalen
Gang zwischen endlos hohen Mauern dahinführte, über denen rote
Tollen standen. Und sie gingen in ein Zimmer, in dem grüne Lichter
und dann kommt in der Schilderung das Ruhebett,
brannten
und der Herzog, der sich über Beatrice neigt —— und man findet es
# begreiflich, wenn der aus allen Himmeln gerissene Dichter nicht
 Nachtreter auf dem Wege des Herzogs sein will und der edlen
Latrice den Laufpaß gibt, ein Verfahren, das die kindliche Seele
### Mädchens nicht begreift. Bald darauf schreitet Beatrice an der
Seite des jungen Vittorino Monaldi, eines Gehilfen ihres Vaters, zur
Krche, um sich mit Vittorino trauen zu lassen. Eilig wird der Akt,
da der Feind vor den Toren steht und Vittorino an dem Verzweif¬
lungskampfe teilnehmen will. Da kommt der Herzog die Straße ent¬
leng und sieht Beatrice, er erkennt die Schönheit wieder, die seine Sinne!
b##rsickt hat, es folgt eine hypnotische Szene, Beatrice steht unter dem
Lanne des Mannes, von dem sie so süß geträumt hat, und sie erklärt
sich trotz des tapferen Widerspruchs ihres Bruders und ihres Bräuti¬
ams für den Herzog, der sie zu seiner Auserwählten erklärt. Als
sch der hypnotische Bann löst, hat die schwärmerische Beatrice plötzlich
ortel Weltklugheit, auf die Ehe mit dem Herzoge zu dringen. Die
Hochzeit wird denn auch unverzüglich angesetzt — die Belagerung treibt
ja zur Eile. Vittorino ersticht sich, und Beatrice wird mit dem Herzoge
geront. Von der Hochzeit aber — es ist inzwischen Nacht geworden —
schleicht sie sich zu ihrem ersten Liebhaber, dem Dichter Loschi, der in
der Zwischenzeit Orgien mit zwei berüchtigten Courtisanen gefeiert hat.
#m in süßer Umarmung mit ihm zu sterben. Es folgt eine Szene, die
in ihrer psychologischen Verzwicktheit nur ein Dekadent schreiben konnte.
Prachi erwägt nochmals die Möglichkeit der gemeinsamen Flucht,
####erice will jedoch die große Schuld nur mit dem Tode fühnen, nur
d# Tod rechtfertigt und macht rein, was sie begangen hat. Becher
mit und ohne Gift — dem Gifte der Courtisane Lucrezia — spielen
dann eine Rolle, Beatrice bekommt in kindlicher Weise Furcht vor dem
Lode, und Loschi stirbt schließlich allein. Beatrice aber flieht voll Ent¬
setzen zurück zur Hochzeitsgesellschaft und zum Herzog.
Es war nötig, Beatrice auf ihren Wegen zu folgen, um die Rarität
deses unerforschlichen Charakters kennen zu lernen. Das Mädchen,
#### bei allem Unheil, das sie angerichtet, das reine Kind bleibt, bringt
fertig, zwei große Leidenschaften zu gleicher Zeit in ihrem weiten
Herzen zu beherbergen, sie läuft von dem Einen zum Andern und wie¬
 zurück und bleibt immer naiv. Ein wirkliches kleines Ungeheuer
ob man es in der Renaissance oder in der gegenwärtigen Zeit der
##tadence für möglich halten will, ist Geschmackssache. Beatrice hat in
####chis Wohnung einen kostbaren Schleier zurückgelassen, den ihr der
Herzog geschenkt hat. Sie soll sagen, wo sie gewesen ist, wo sie den
Schleier gelassen hat, eine Notlüge schlägt fehl, und der Herzog ver¬
unteilt sie zum Tode. Entsetzen ergreift sie, und um nicht sterben zu
müssen, führt sie den Herzog in Loschis Haus. Man findet den Schleier
und auch die Leiche des vom Herzog angebeteten Dichters. Und was
wird nach allen diesen verzwickten Vorgängen aus Beatrice? Nur die
unverdorbene Jugend ihres Bruders Frauresco findet hier einen
schnellen und, wie selbst der Herzog zugeben muß, korrekten Ausweg
Francesco ersticht seine Schwester. Der Herzog feiert in schönen
Worten den Dichter und bestimmt für ihn ein ehrenvolles Begräbnis
an der Seite Beatrices, die durch die Verbindung, in der sie zu dem
Unsterblichen gestanden, eine Weihe erhalten hat, die alle ihre Taten
vergessen macht.
In dieser kurz skizzierten Haupthandlung — wenn man Beatrices
unberechenbare Entschlüsse und deren Folgen so nenuen will — ist indeß
#ei weitem nicht alles enthalten, was in das Stück an Geschehnissen vom
Verfasser hineingezwängt worden ist. Die Renaissance hat hier ihren
zenen Geist. Daß ihre Helden auch von ausgesuchter Grausamkeit
sein konnten, ist wohl noch das Zutreffenste an dieser Sittenschilderung.
Die Aufführung, die von Herrn Oberregisseur Eggeling mit
vieler Liebe und auch mit Geschick vorbereitet war, erhielt durch das
Gastspiel des Frl. Frenc Triesch vom Deutschen Theater in Berlin
besonderes Interesse. Die zierliche Darstellerin war sichtlich be¬
stecht, die wechselreichen Stimmungen Beatrices durch ein beredtes
Wienenspiel anschaulich zu machen und in allen den schwierigen Situa¬
onen den vorherrschenden Charakter kindlicher Naivetät festzuhalten.
Es gelang ihr dies auch in der Deklamation. Der Ausdruck des
Schmerzes hatte viel Ergreifendes, und zweifellos war die Leistung
abenhalben interessant. Das Organ der Dame ist weder groß noch
schön, sie weiß es jedoch geschickt auszunutzen, und man kann gespannt
##rauf sein, wie sich ihre Mittel in Rollen anderen Genres bewahren
#
1011</Unicode>
            </TextEquiv>
        </TextRegion>
    </Page>
</PcGts>
