3436 4256
1103 108 1369 152 dem Director.
1183 151 2272 215 Vier Monate lang ist Herr Arthur Schnitzler auf dieses in
1086 187 2273 260 der Zwischenzeit erneuerte Ansuchen ohne Antwort geblieben, mit
1089 227 2287 299 Ausnahme einer einzigen, erst Anfangs Juni eingelangten Karte,
1089 267 2277 327 in welcher der Director mittheilt, er werde sich „diese Tage zum
1081 327 2274 383 drittenmale an das Studium des Stückes machen“, und den Autor
1089 372 2275 447 ersucht, „seine hart auf die Probe gestellte Geduld noch einige
1086 392 1539 458 Tage laufen zu lassen“
1178 431 2284 504 Erst am 18. Juni erhielt Herr Arthur Schnitzler ein,
1080 482 2283 556 Schreiben des Directors, worin dieser nunmehr Bedenken gegen
1081 534 2261 589 die Erfolgsmöglichkeit des Stückes erhebt und nach ausführlicher
1086 573 2278 640 Darlegung derselben dem Verfasser proponirt: „Warten bis
1074 617 2262 678 zum Frühjahr! Sehen, wie dann die Constellation am Burg¬
1081 648 1312 709 theater ist.“
1172 691 2265 787 Das vier Monate innegehabte Recht der ersten Aufführung
1069 737 2265 806 wurde in diesem Schreiben zurückgelegt mit dem Beisatze: „Ich
1077 781 2264 857 müßte es mir selbstverständlich gefallen lassen, daß eventuell Berlin
1073 824 1582 885 oder München vorangehen.“
2180 839 2257 889 15
1149 862 2263 934 Diese für das Schicksal des Stückes so wichtigen Eröffnungen
1067 897 2266 978 entzogen sich eben durch den Umstand, daß sie erst knapp vor
1075 949 2254 1016 Eintritt der Ferien an den Verfasser gelangten, einer sachgemäßen
1069 987 2274 1064 Entgegnung, weßhalb Herr Arthur Schnitzler erst zu Beginn des.
1066 1049 2251 1108 neuen, gegenwärtigen C vieljahres an die Direction des Burg¬
1073 1084 2250 1149 theaters einen Brief richtee, in welchem er im Zusammenhalte
1076 1125 2265 1197 der beiden ihm vermittelten Bescheide vom 13. Februar und vom
1072 1174 2253 1240 17. Juni die Aufrage stellte, ob sein Stück innerhalb der jetzt
1070 1199 2243 1279 laufenden Saison, also über den proponirten Zeitpunkt der zu
1066 1246 2251 1329 erwartenden „Constellation“ hinaus, angenommen sei oder nicht.
1144 1298 2238 1383 Auf dieses Schreiben vom 1. September erfolgte die ablehnend#
1063 1339 1686 1394 Antwort am 2. September d. J.
1147 1390 2221 1457 Es ist nicht unsere Absicht, für das Dram
1057 1440 2224 1480 „Der Schleier der Beatrice“ von Arthur Schnitzle
1052 1474 2235 1533 Partei zu ergreifen. Wir stellen die Qualitäten diese
1059 1505 2234 1586 Werkes in dem vorliegenden Falle gänzlich außer Discussion un¬
1049 1561 2239 1628 lassen ebenso die allenfalls naheliegende Frage unerörtert, ob en
1055 1591 2223 1667 Stück von Arthur=Schnitzler nicht auch dann einen gewissen An¬
1061 1640 2229 1711 spruch darauf hat, der Oeffentlichkeit und der Kritik im Verlauf
1051 1694 2224 1761 zweier Jahre vorgeführt zu werden, wenn es (error possibilig
1054 1719 2238 1792 der Meinung des Directors zufolge zweifelhafte Erfolgaussichtet
1052 1771 2240 1836 besitzt. „Wir versagen uns gleichfalls, darauf hinzuweisen, daf
1056 1814 2247 1883 keineswegs alle am Burgtheater in der letzten Zeit gespielten Stück¬
1054 1853 2238 1936 jene Hoffnungen erfüllten, die den Director zu ihrer Aufführung
1051 1891 1279 1955 bestimmten.
1134 1923 2234 2006 Wir erheben hier demnach weder auf die bisherigen Be¬
1054 1969 2231 2045 ziehungen des Verfassers zum Burgtheater gestützte, noch mit
1050 2027 2231 2097 den künstlerischen Eigenschaften des abgelehnien Werkes moti¬
1048 2066 2243 2133 hirte Einsprache gegen die Zuruckweisung des „Schleiers der
1046 2100 2225 2178 Beatrice". Denn wir sind weit davon entfernt,
1037 2143 2225 2207 dem Director des Burgtheaters das Recht
1038 2190 2219 2262 Stücke anzunehmen oder abzulehnen, das er
1042 2235 2217 2319 kraft seiner persönlichen Verantwortlichs
1040 2265 2218 2357 keit zweifellos und unantastbar besitzt,
1049 2319 1905 2389 irgendwie schmälern zu wollen.
1130 2361 2211 2445 Allein jeder Schriftsteller, wie viel oder wie wenig er
1046 2409 2229 2486 immer nur bedeute, hat den ebenso zweifellosen und unantast¬
1044 2449 2212 2528 baren Anspruch darauf, daß dieses Recht gegen ihn und seine
1036 2511 2209 2553 Werke, seien sie nun gut oder mißlungen, in einer Weise ge¬
1041 2531 2225 2616 handhabt werde, die jede Willkür, Schädigung und nach¬
1042 2581 1604 2642 theilige Unklarheit ausschließt.
1124 2626 2208 2698 In dem Falle, der uns beschäftigt, hat der Director des
1038 2641 2221 2744 Burgtheaters unserer Meinung nach durch sein Verfahren dem
1037 2713 2215 2770 Autor in einer unstatthaften Weise begegnet, und gegen dieses
1038 2757 2204 2815 Verfahren sehen wir uns um so dri gender genöthigt, Protest
1038 2803 2201 2870 einzulegen, als nach den heute am Burgtheater
1030 2839 2211 2911 geltenden amtlichen Bestimmungen die dra¬
1034 2884 2201 2937 matischen Schriftsteller jeder wie immer ge¬
1030 2929 2200 3004 arteten directorialen Entscheidung wehr¬
1027 2956 1604 3028 los gegenüberstehen.
1106 3009 2192 3078 Das Unstatthafte dieses Verfahrens besteht zunächst darin,
1023 3025 2209 3122 daß Herr Director Schlenther durch seine Zuschrift vom
1023 3103 2204 3166 13. Februar Herrn Arthur Schnitzler in den festen Glauben
1026 3138 2194 3220 versetzte, der Annahme seines Stückes stünden keine sachlichen
1032 3176 1496 3243 Gründe mehr im, Wige,
1096 3238 2197 3311 Das Unstatthafte dieses Verfahrens besteht weiter darin,
1013 3282 2185 3349 daß der Director des Burgtheaters trotz seines hier ange¬
1018 3321 2191 3391 führten Schreibens vom 13. Februar den Autor vier Monate
1022 3364 2194 3426 lang ohne jede Antwort gelassen und es vermieden hat, eine
1017 3398 2192 3494 wiederholt angesuchte, die schwebende Angelegenheid betreffende
1012 3439 1550 3503 Unterredung herbeizuführen.
1088 3482 2178 3561 Das Unstaithafte dieses Verfahrens besteht ferner darin,
1008 3523 2185 3594 daß Herr Director Dr. Schleuther den Autor erst am 16. Juni
1005 3565 2188 3650 mit seinen so völlig veränderten Absichten überraschte, und
1016 3617 2193 3685 endlich spricht sich das Unstatthafte dieses Verfahrens darin
1012 3664 2191 3733 aus, daß Herr Director Dr. Schlenther auf die Anfrage des
1016 3700 2179 3774 Autors vom 1. September nicht nur den von ihm selbst als
1008 3742 2180 3827 möglich bezeichneten Termin, Frühjahr 1901, fallen ließ, son¬
1010 3790 2175 3861 dern auch für die ganze, ihm vom Autor freigestellte Saison
1005 3845 2183 3913 einen Termin verweigerte und schließlich das Stück mit dieser
1004 3878 1590 3937 einzigen Begründung abwies.
1084 3923 2168 3995 Mit Rücksicht darauf, daß der Director des Burgtheaters
993 3963 2176 4031 in seinem Briefe vom 13. Februar d. J. das Erstaufführnggs¬
992 4004 2177 4067 recht für den „Schleier der Beatrice“ verlangte und spontan er¬
1005 4045 2189 4131 klärte, nur das Burgtheater könne dieses Stück
1006 4081 2179 4156 spielen; mit Rücksicht darauf, daß sich aus diesen und den
