<?xml version="1.0" encoding="UTF-8" standalone="yes"?>
<PcGts xmlns="http://schema.primaresearch.org/PAGE/gts/pagecontent/2013-07-15" xmlns:xsi="http://www.w3.org/2001/XMLSchema-instance" xsi:schemaLocation="http://schema.primaresearch.org/PAGE/gts/pagecontent/2013-07-15 http://schema.primaresearch.org/PAGE/gts/pagecontent/2013-07-15/pagecontent.xsd">
    <Metadata>
        <Creator>prov=University of Rostock/Institute of Mathematics/CITlab/Gundram Leifert/gundram.leifert@uni-rostock.de:name=ONB_Newseye_GT_M1+(htr_id=10810)::::v=2.4.2
prov=University of Rostock/Institute of Mathematics/CITlab/Tobias Gruening/tobias.gruening@uni-rostock.de:name=de.uros.citlab.module.baseline2polygon.B2PSeamMultiOriented:v=2.4.2
prov=University of Rostock/Institute of Mathematics/CITlab/Tobias Gruening/tobias.gruening@uni-rostock.de:name=/mnt/transkribus/LA/DEA/URO/LA_news_onb_att.pb:de.uros.citlab.segmentation.CITlab_LA_ML:v=2.4.2
Transkribus</Creator>
        <Created>2019-10-07T11:36:21.107+02:00</Created>
        <LastChange>2019-10-08T08:37:50.565+02:00</LastChange>
        <TranskribusMetadata docId="223979" pageId="9500613" pageNr="30" tsid="16507799" status="IN_PROGRESS" userId="40391" imgUrl="https://files.transkribus.eu/Get?id=FGMQPCCRWFJRADZMWDKEAAAQ&amp;fileType=view" xmlUrl="https://files.transkribus.eu/Get?id=XCNRQNSHQSXWXHZIZTZVJVEJ" imageId="6190835"/>
    </Metadata>
    <Page imageFilename="223979_0030.jpeg" imageWidth="3436" imageHeight="4256">
        <ReadingOrder>
            <OrderedGroup id="ro_1711448960993" caption="Regions reading order">
                <RegionRefIndexed index="0" regionRef="r1"/>
            </OrderedGroup>
        </ReadingOrder>
        <TextRegion orientation="0.0" id="r1" custom="readingOrder {index:0;}">
            <Coords points="317,182 317,4198 2404,4198 2404,182"/>
            <TextLine id="r1l1" custom="readingOrder {index:0;}">
                <Coords points="1981,220 2017,243 2105,232 2138,253 2180,235 2294,259 2339,237 2414,236 2415,174 2222,168 2186,196 2134,175 2115,188 2045,185 2012,167 1982,178"/>
                <Baseline points="1990,223 2015,224 2041,224 2067,225 2093,227 2119,228 2145,229 2171,229 2197,230 2222,230 2248,231 2274,230 2300,230 2326,230 2352,229 2378,227 2404,226"/>
                <TextEquiv>
                    <Unicode>box 20/1</Unicode>
                </TextEquiv>
            </TextLine>
            <TextLine id="r1l2" custom="readingOrder {index:1;}">
                <Coords points="307,225 1630,272 1826,249 1827,189 308,161"/>
                <Baseline points="317,204 395,211 474,217 553,221 632,225 711,228 790,230 869,232 948,233 1027,234 1105,234 1184,235 1263,235 1342,235 1421,236 1500,236 1579,237 1658,239 1737,240 1816,243"/>
                <TextEquiv>
                    <Unicode>14. Der SchleienderBeatrice</Unicode>
                </TextEquiv>
            </TextLine>
            <TextLine id="r1l3" custom="readingOrder {index:2;}">
                <Coords points="1469,495 1542,507 1674,507 1691,496 1822,509 1846,488 1865,490 1866,447 1815,432 1783,454 1699,438 1656,454 1613,446 1577,464 1519,447 1470,450"/>
                <Baseline points="1478,495 1503,496 1528,496 1553,496 1578,495 1604,495 1629,495 1654,495 1679,495 1704,495 1730,496 1755,497 1780,497 1805,499 1830,501 1856,502"/>
                <TextEquiv>
                    <Unicode>Telefon 12801.</Unicode>
                </TextEquiv>
            </TextLine>
            <TextLine id="r1l4" custom="readingOrder {index:3;}">
                <Coords points="1000,595 2333,616 2333,569 2260,555 1000,554"/>
                <Baseline points="1009,586 1074,587 1140,589 1206,590 1272,591 1337,592 1403,593 1469,594 1535,595 1600,596 1666,597 1732,598 1798,599 1863,599 1929,600 1995,600 2061,601 2126,601 2192,601 2258,602 2324,602"/>
                <TextEquiv>
                    <Unicode>Alex. Weigl's Unternehmen für Zeitungs-Ausschnitte</Unicode>
                </TextEquiv>
            </TextLine>
            <TextLine id="r1l5" custom="readingOrder {index:4;}">
                <Coords points="1996,659 2033,652 2049,666 2060,666 2090,653 2114,662 2137,652 2171,660 2187,644 2204,645 2203,615 2190,618 2165,609 2152,615 2144,608 2094,608 2085,618 2072,618 2037,608 1995,619"/>
                <Baseline points="2005,655 2032,655 2059,653 2086,652 2113,649 2140,649 2167,649 2195,651"/>
                <TextEquiv>
                    <Unicode>Ausschnitt</Unicode>
                </TextEquiv>
            </TextLine>
            <TextLine id="r1l6" custom="readingOrder {index:5;}">
                <Coords points="961,638 972,637 1008,676 1020,670 1085,698 1156,691 1186,706 1203,694 1246,692 1253,617 1236,618 1215,597 1196,605 1124,545 1095,549 1062,538 994,570 967,569"/>
                <Baseline points="969,656 995,659 1022,662 1049,665 1076,668 1103,672 1130,674 1157,677 1184,678 1211,678 1238,677"/>
                <TextEquiv>
                    <Unicode>1103</Unicode>
                </TextEquiv>
            </TextLine>
            <TextLine id="r1l7" custom="readingOrder {index:6;}">
                <Coords points="1320,722 1618,754 1684,728 1913,747 2033,708 2091,745 2226,751 2320,729 2320,667 1919,693 1823,666 1744,697 1698,672 1636,702 1462,654 1399,704 1321,701"/>
                <Baseline points="1329,727 1378,724 1427,721 1476,719 1525,718 1574,717 1623,717 1672,717 1721,718 1770,719 1820,720 1869,722 1918,723 1967,724 2016,725 2065,726 2114,726 2163,726 2212,726 2261,725 2311,723"/>
                <TextEquiv>
                    <Unicode>„JBSERVEN Nr. 61</Unicode>
                </TextEquiv>
            </TextLine>
            <TextLine id="r1l8" custom="readingOrder {index:7;}">
                <Coords points="924,791 2389,805 2144,751 1477,732 925,765"/>
                <Baseline points="934,791 1006,792 1078,792 1150,793 1223,794 1295,796 1367,797 1440,798 1512,799 1584,801 1657,802 1729,803 1801,804 1873,805 1946,806 2018,807 2090,808 2163,808 2235,809 2307,809 2380,808"/>
                <TextEquiv>
                    <Unicode>I. ö terr. behördl. conc. Bureau für Zeitungsberichte u. Personalnachrichten</Unicode>
                </TextEquiv>
            </TextLine>
            <TextLine id="r1l9" custom="readingOrder {index:8;}">
                <Coords points="1117,897 2216,908 2204,820 1952,855 1118,824"/>
                <Baseline points="1126,870 1180,873 1234,875 1288,876 1342,877 1396,878 1450,879 1504,879 1558,879 1612,879 1666,879 1720,879 1774,879 1828,879 1882,879 1936,880 1990,880 2044,882 2098,883 2152,884 2207,887"/>
                <TextEquiv>
                    <Unicode>Wien. IX Türkenstrasse 17.</Unicode>
                </TextEquiv>
            </TextLine>
            <TextLine id="r1l10" custom="readingOrder {index:9;}">
                <Coords points="1296,958 1407,979 1435,958 1864,979 2009,963 2009,914 1422,902 1296,924"/>
                <Baseline points="1305,946 1339,947 1374,949 1409,951 1443,952 1478,953 1513,954 1547,955 1582,956 1617,956 1652,957 1686,957 1721,957 1756,957 1790,956 1825,956 1860,955 1894,953 1929,952 1964,950 1999,948"/>
                <TextEquiv>
                    <Unicode>— Filiale in Budapest: „Figyelé“ —</Unicode>
                </TextEquiv>
            </TextLine>
            <TextLine id="r1l11" custom="readingOrder {index:10;}">
                <Coords points="935,1038 2109,1057 2375,1048 2376,1011 936,973"/>
                <Baseline points="944,1013 1015,1014 1086,1015 1157,1016 1228,1017 1299,1017 1370,1018 1441,1019 1512,1020 1583,1021 1655,1022 1726,1022 1797,1023 1868,1024 1939,1024 2010,1025 2081,1025 2152,1025 2223,1025 2294,1026 2366,1026"/>
                <TextEquiv>
                    <Unicode>Vertretungen in Berlin. Chicago, Genf, London, Newyork, Paris, Rom, Stockholm.</Unicode>
                </TextEquiv>
            </TextLine>
            <TextLine id="r1l12" custom="readingOrder {index:11;}">
                <Coords points="1546,1048 1559,1049 1566,1055 1574,1051 1581,1062 1589,1060 1592,1065 1609,1057 1614,1064 1626,1061 1645,1069 1654,1029 1633,1022 1619,1031 1604,1023 1568,1027 1552,1021"/>
                <Baseline points="1556,1045 1582,1047 1609,1054 1636,1063"/>
                <TextEquiv>
                    <Unicode>119.</Unicode>
                </TextEquiv>
            </TextLine>
            <TextLine id="r1l13" custom="readingOrder {index:12;}">
                <Coords points="1568,1105 1648,1085 1794,1096 1812,1114 1837,1096 1976,1096 2043,1117 2111,1100 2112,1059 2008,1027 1879,1050 1728,1027 1660,1059 1570,1054"/>
                <Baseline points="1579,1072 1605,1073 1631,1075 1657,1076 1683,1078 1709,1079 1735,1081 1762,1082 1788,1083 1814,1084 1840,1085 1866,1086 1892,1087 1918,1087 1945,1088 1971,1088 1997,1088 2023,1087 2049,1086 2075,1086 2102,1085"/>
                <TextEquiv>
                    <Unicode>Wa PW</Unicode>
                </TextEquiv>
            </TextLine>
            <TextLine id="r1l14" custom="readingOrder {index:13;}">
                <Coords points="927,1151 974,1169 991,1152 1072,1149 1205,1175 1302,1148 1400,1174 1430,1146 1473,1148 1474,1096 1299,1113 1236,1089 1076,1112 967,1096 928,1119"/>
                <Baseline points="936,1145 962,1145 988,1145 1015,1144 1041,1144 1068,1144 1094,1144 1120,1144 1147,1144 1173,1144 1200,1144 1226,1144 1252,1144 1279,1145 1305,1146 1332,1147 1358,1148 1384,1148 1411,1150 1437,1151 1464,1153"/>
                <TextEquiv>
                    <Unicode>Ausschnitt aus:</Unicode>
                </TextEquiv>
            </TextLine>
            <TextLine id="r1l15" custom="readingOrder {index:14;}">
                <Coords points="925,1296 1067,1322 1223,1305 1293,1346 1340,1323 1414,1341 1453,1324 1530,1361 1591,1340 1596,1282 1440,1261 1355,1282 1329,1255 1270,1264 1177,1235 1110,1261 1004,1229 930,1238"/>
                <Baseline points="934,1285 966,1286 998,1287 1031,1288 1063,1290 1095,1292 1128,1295 1160,1298 1192,1301 1225,1305 1257,1309 1289,1312 1322,1315 1354,1319 1386,1322 1419,1325 1451,1328 1483,1330 1516,1333 1548,1334 1581,1336"/>
                <TextEquiv>
                    <Unicode>N## 4.194900</Unicode>
                </TextEquiv>
            </TextLine>
            <TextLine id="r1l16" custom="readingOrder {index:15;}">
                <Coords points="1282,1682 1572,1693 1758,1669 1971,1692 2041,1674 2042,1629 1397,1634 1365,1609 1282,1628"/>
                <Baseline points="1291,1668 1328,1667 1365,1667 1402,1667 1439,1667 1476,1668 1513,1668 1550,1669 1587,1670 1624,1670 1661,1671 1698,1673 1735,1673 1772,1674 1809,1675 1846,1676 1883,1676 1920,1677 1957,1676 1994,1676 2032,1675"/>
                <TextEquiv>
                    <Unicode>„Der Schleier der Beatriee.“</Unicode>
                </TextEquiv>
            </TextLine>
            <TextLine id="r1l17" custom="readingOrder {index:16;}">
                <Coords points="1163,1711 2074,1747 2270,1720 2270,1692 2182,1685 1164,1686"/>
                <Baseline points="1172,1709 1226,1712 1280,1715 1335,1717 1389,1720 1444,1721 1498,1723 1552,1724 1607,1726 1661,1727 1716,1728 1770,1728 1824,1729 1879,1729 1933,1729 1988,1729 2042,1729 2096,1728 2151,1728 2205,1727 2260,1727"/>
                <TextEquiv>
                    <Unicode>Director Schlenther veröffentlicht in der Angelegenheit</Unicode>
                </TextEquiv>
            </TextLine>
            <TextLine id="r1l18" custom="readingOrder {index:17;}">
                <Coords points="1085,1755 1965,1804 2114,1771 2226,1805 2262,1746 1085,1714"/>
                <Baseline points="1094,1752 1151,1754 1209,1756 1267,1759 1325,1761 1383,1762 1441,1764 1499,1765 1557,1767 1615,1768 1673,1769 1730,1770 1788,1771 1846,1772 1904,1772 1962,1773 2020,1773 2078,1774 2136,1774 2194,1774 2252,1775"/>
                <TextEquiv>
                    <Unicode>des Schnitzler'schen Stückes „Der Schleier der Beatrice“ nach¬</Unicode>
                </TextEquiv>
            </TextLine>
            <TextLine id="r1l19" custom="readingOrder {index:18;}">
                <Coords points="1096,1830 1235,1802 1484,1820 1548,1807 1549,1768 1449,1778 1097,1759"/>
                <Baseline points="1105,1801 1130,1801 1156,1801 1181,1801 1207,1801 1232,1801 1258,1801 1283,1802 1309,1802 1334,1803 1360,1803 1385,1804 1411,1804 1436,1804 1462,1805 1487,1805 1513,1805 1539,1804"/>
                <TextEquiv>
                    <Unicode>stehende Gezenerklärung:</Unicode>
                </TextEquiv>
            </TextLine>
            <TextLine id="r1l20" custom="readingOrder {index:19;}">
                <Coords points="1167,1853 2261,1851 2222,1818 2010,1804 1168,1805"/>
                <Baseline points="1176,1843 1229,1844 1283,1844 1337,1845 1391,1846 1444,1847 1498,1849 1552,1850 1606,1851 1659,1852 1713,1854 1767,1855 1821,1856 1874,1858 1928,1859 1982,1859 2036,1860 2089,1861 2143,1861 2197,1861 2251,1861"/>
                <TextEquiv>
                    <Unicode>„Sechs namhafte Schriftsteller haben sich verbündet, um einem</Unicode>
                </TextEquiv>
            </TextLine>
            <TextLine id="r1l21" custom="readingOrder {index:20;}">
                <Coords points="1070,1887 2255,1914 2256,1869 2127,1858 1118,1832 1071,1863"/>
                <Baseline points="1080,1885 1138,1886 1196,1887 1254,1888 1313,1889 1371,1891 1429,1892 1487,1893 1546,1894 1604,1896 1662,1897 1720,1898 1779,1899 1837,1900 1895,1901 1953,1902 2012,1903 2070,1903 2128,1904 2186,1904 2245,1904"/>
                <TextEquiv>
                    <Unicode>Unrecht zu wehren, das ihrem Berufsgenossen Arthur Schnitzler</Unicode>
                </TextEquiv>
            </TextLine>
            <TextLine id="r1l22" custom="readingOrder {index:21;}">
                <Coords points="1079,1953 1682,1931 2259,1963 2260,1905 1081,1893"/>
                <Baseline points="1089,1928 1147,1929 1205,1930 1263,1931 1321,1932 1379,1934 1437,1935 1495,1936 1553,1938 1611,1940 1669,1941 1727,1943 1785,1944 1843,1945 1901,1946 1959,1947 2017,1948 2075,1948 2133,1948 2191,1947 2249,1946"/>
                <TextEquiv>
                    <Unicode>durch mich in meiner Eigenschaft als Director des Burgtheaters</Unicode>
                </TextEquiv>
            </TextLine>
            <TextLine id="r1l23" custom="readingOrder {index:22;}">
                <Coords points="1064,2001 1329,1970 2169,2003 2257,1995 2258,1964 1293,1932 1065,1958"/>
                <Baseline points="1074,1974 1132,1973 1191,1973 1250,1973 1308,1974 1367,1975 1426,1976 1484,1977 1543,1979 1602,1981 1661,1982 1719,1984 1778,1986 1837,1987 1895,1988 1954,1989 2013,1990 2071,1991 2130,1990 2189,1990 2248,1989"/>
                <TextEquiv>
                    <Unicode>zugefügt sei. Es wird mir vorgeworfen, ich hätte das Drama</Unicode>
                </TextEquiv>
            </TextLine>
            <TextLine id="r1l24" custom="readingOrder {index:23;}">
                <Coords points="1073,2025 2262,2033 2255,1991 1074,1993"/>
                <Baseline points="1082,2017 1140,2015 1199,2014 1257,2014 1316,2014 1374,2015 1433,2016 1491,2017 1550,2018 1608,2020 1667,2022 1726,2024 1784,2025 1843,2027 1901,2028 1960,2029 2018,2030 2077,2030 2135,2030 2194,2029 2253,2028"/>
                <TextEquiv>
                    <Unicode>„Der Schleier der Beatrice“ im Februar fürs Burgtheater ange¬</Unicode>
                </TextEquiv>
            </TextLine>
            <TextLine id="r1l25" custom="readingOrder {index:24;}">
                <Coords points="1073,2063 2094,2087 2264,2055 1074,2024"/>
                <Baseline points="1082,2057 1140,2056 1199,2056 1257,2056 1316,2057 1375,2058 1433,2059 1492,2061 1551,2062 1609,2064 1668,2065 1727,2067 1785,2068 1844,2069 1903,2070 1961,2071 2020,2071 2079,2071 2137,2071 2196,2070 2255,2068"/>
                <TextEquiv>
                    <Unicode>nommen, im September hingegen abgelehnt: darin liege ein Wider¬</Unicode>
                </TextEquiv>
            </TextLine>
            <TextLine id="r1l26" custom="readingOrder {index:25;}">
                <Coords points="965,2101 975,2101 988,2114 1031,2106 1046,2117 1068,2118 1069,2056 1047,2054 1037,2059 1026,2049 1023,2053 1017,2049 1007,2058 989,2060 981,2056 976,2062 966,2061"/>
                <Baseline points="975,2098 1003,2096 1031,2096 1059,2100"/>
                <TextEquiv>
                    <Unicode>Für</Unicode>
                </TextEquiv>
            </TextLine>
            <TextLine id="r1l27" custom="readingOrder {index:26;}">
                <Coords points="1071,2103 2336,2148 2337,2088 2274,2070 1072,2064"/>
                <Baseline points="1080,2099 1142,2100 1204,2100 1267,2101 1329,2102 1392,2102 1454,2103 1516,2104 1579,2104 1641,2105 1704,2107 1766,2108 1828,2109 1891,2111 1953,2112 2016,2114 2078,2116 2140,2118 2203,2121 2265,2123 2328,2127"/>
                <TextEquiv>
                    <Unicode>spruch, welcher Gefahren für den Schriftstellerstand berge. Diesem zive</Unicode>
                </TextEquiv>
            </TextLine>
            <TextLine id="r1l28" custom="readingOrder {index:27;}">
                <Coords points="1058,2143 2301,2172 2283,2131 2105,2115 1058,2104"/>
                <Baseline points="1067,2140 1128,2141 1189,2143 1250,2144 1312,2145 1373,2147 1434,2147 1495,2148 1557,2149 1618,2150 1679,2151 1740,2152 1802,2152 1863,2153 1924,2155 1985,2156 2047,2157 2108,2158 2169,2160 2230,2162 2292,2164"/>
                <TextEquiv>
                    <Unicode>1 Vorwurf gegenüber kann ich erklären, daß „Der Schleier der to</Unicode>
                </TextEquiv>
            </TextLine>
            <TextLine id="r1l29" custom="readingOrder {index:28;}">
                <Coords points="1035,2186 2248,2224 2321,2212 2322,2165 1036,2134"/>
                <Baseline points="1044,2176 1107,2179 1170,2181 1234,2183 1297,2185 1360,2187 1424,2188 1487,2189 1550,2190 1614,2191 1677,2192 1740,2193 1804,2194 1867,2195 1930,2196 1994,2197 2057,2199 2120,2201 2184,2203 2247,2206 2311,2210"/>
                <TextEquiv>
                    <Unicode>2 Beatrice“ von mir nie „angenommen“ worden ist und daß par</Unicode>
                </TextEquiv>
            </TextLine>
            <TextLine id="r1l30" custom="readingOrder {index:29;}">
                <Coords points="1070,2228 2293,2278 2348,2273 2349,2202 1070,2185"/>
                <Baseline points="1079,2222 1142,2223 1205,2225 1268,2226 1331,2227 1394,2229 1457,2230 1520,2231 1583,2232 1646,2234 1709,2235 1772,2236 1835,2237 1898,2239 1961,2240 2024,2241 2087,2243 2150,2244 2213,2246 2276,2247 2339,2249"/>
                <TextEquiv>
                    <Unicode>er erst „abgelehnt“ werden mußte, als mich Arthur Schnitzler raus.</Unicode>
                </TextEquiv>
            </TextLine>
            <TextLine id="r1l31" custom="readingOrder {index:30;}">
                <Coords points="977,2243 1143,2292 1194,2271 1788,2290 1789,2255 1716,2238 978,2219"/>
                <Baseline points="986,2254 1025,2258 1065,2261 1104,2264 1144,2266 1184,2267 1223,2269 1263,2269 1303,2270 1342,2270 1382,2270 1422,2271 1461,2271 1501,2271 1541,2272 1580,2273 1620,2273 1660,2274 1699,2277 1739,2279 1779,2282"/>
                <TextEquiv>
                    <Unicode>10 vor eine unerfüllbare Bedingung stellte.</Unicode>
                </TextEquiv>
            </TextLine>
            <TextLine id="r1l32" custom="readingOrder {index:31;}">
                <Coords points="1154,2313 2377,2332 2377,2289 2244,2269 1155,2280"/>
                <Baseline points="1163,2310 1223,2311 1283,2312 1343,2313 1404,2315 1464,2316 1524,2318 1584,2319 1645,2321 1705,2322 1765,2323 1825,2325 1886,2326 1946,2326 2006,2327 2066,2327 2127,2327 2187,2326 2247,2325 2307,2324 2368,2322"/>
                <TextEquiv>
                    <Unicode>Ich äußere mich zunächst zur vermeintlichen „Annahme“. #t das</Unicode>
                </TextEquiv>
            </TextLine>
            <TextLine id="r1l33" custom="readingOrder {index:32;}">
                <Coords points="924,2366 2198,2409 2377,2368 2378,2332 925,2299"/>
                <Baseline points="933,2352 1004,2352 1076,2353 1148,2354 1219,2356 1291,2358 1363,2359 1434,2361 1506,2364 1578,2366 1650,2368 1721,2370 1793,2371 1865,2373 1936,2374 2008,2374 2080,2374 2151,2374 2223,2373 2295,2371 2367,2368"/>
                <TextEquiv>
                    <Unicode>Abonne Arthur Schnitzler hat den sechs protestirenden Collcun#uing es den</Unicode>
                </TextEquiv>
            </TextLine>
            <TextLine id="r1l34" custom="readingOrder {index:33;}">
                <Coords points="918,2397 2192,2455 2229,2417 919,2367"/>
                <Baseline points="928,2386 992,2389 1057,2392 1121,2395 1186,2397 1250,2400 1315,2403 1379,2406 1444,2408 1508,2412 1573,2414 1637,2417 1702,2419 1766,2423 1831,2425 1895,2428 1960,2431 2024,2433 2089,2436 2153,2439 2218,2442"/>
                <TextEquiv>
                    <Unicode>Abonnegrien zur Veroffentlichung überlassen, den ich ihm am 13. Februar</Unicode>
                </TextEquiv>
            </TextLine>
            <TextLine id="r1l35" custom="readingOrder {index:34;}">
                <Coords points="1051,2440 2356,2510 2366,2469 1053,2398"/>
                <Baseline points="1062,2431 1126,2434 1191,2437 1255,2440 1320,2443 1385,2446 1449,2449 1514,2452 1579,2456 1643,2459 1708,2463 1773,2465 1837,2468 1902,2472 1967,2475 2031,2478 2096,2481 2161,2485 2225,2488 2290,2491 2355,2494"/>
                <TextEquiv>
                    <Unicode>schrieb. Der vertrauliche, freundschaftliche Charakter dieser Zeilen nd die</Unicode>
                </TextEquiv>
            </TextLine>
            <TextLine id="r1l36" custom="readingOrder {index:35;}">
                <Coords points="1051,2469 2205,2545 2374,2504 1052,2439"/>
                <Baseline points="1060,2470 1125,2475 1190,2478 1255,2481 1320,2485 1385,2489 1450,2492 1516,2495 1581,2499 1646,2502 1711,2505 1776,2508 1841,2511 1906,2515 1972,2518 2037,2521 2102,2524 2167,2526 2232,2529 2297,2531 2363,2534"/>
                <TextEquiv>
                    <Unicode>stritt ebenso deutlich in der Form hervor wie ihr zurückhaltender, egen¬</Unicode>
                </TextEquiv>
            </TextLine>
            <TextLine id="r1l37" custom="readingOrder {index:36;}">
                <Coords points="934,2513 2217,2588 2339,2583 2377,2532 936,2473"/>
                <Baseline points="943,2516 1014,2516 1085,2517 1156,2519 1227,2521 1298,2524 1369,2527 1440,2532 1511,2535 1582,2540 1654,2544 1725,2548 1796,2552 1867,2556 1938,2559 2009,2562 2080,2565 2151,2567 2222,2568 2293,2569 2365,2568"/>
                <TextEquiv>
                    <Unicode>Tahalt völlig unverbindlicher Charakter im Inhalte. Hätte ich geahnt, jrung")</Unicode>
                </TextEquiv>
            </TextLine>
            <TextLine id="r1l38" custom="readingOrder {index:37;}">
                <Coords points="931,2568 2115,2623 2347,2624 2372,2583 933,2525"/>
                <Baseline points="940,2553 1011,2556 1082,2559 1153,2561 1224,2564 1295,2567 1366,2571 1437,2575 1508,2578 1579,2582 1650,2585 1721,2589 1792,2592 1863,2596 1934,2599 2005,2601 2076,2604 2147,2607 2218,2609 2289,2610 2361,2612"/>
                <TextEquiv>
                    <Unicode>brüt daß dieses Brieschen je das Licht der Oeffentlichkeit erblicken würde, (Leben</Unicode>
                </TextEquiv>
            </TextLine>
            <TextLine id="r1l39" custom="readingOrder {index:38;}">
                <Coords points="923,2596 2211,2663 2213,2621 2148,2614 925,2562"/>
                <Baseline points="932,2593 995,2596 1059,2600 1122,2603 1186,2606 1249,2609 1313,2613 1376,2616 1440,2619 1503,2622 1567,2626 1631,2629 1694,2632 1758,2635 1821,2638 1885,2641 1948,2643 2012,2647 2075,2649 2139,2651 2203,2654"/>
                <TextEquiv>
                    <Unicode>wollur so wäre ich dem weisen Rathe jenes jungen Mannes aus</Unicode>
                </TextEquiv>
            </TextLine>
            <TextLine id="r1l40" custom="readingOrder {index:39;}">
                <Coords points="930,2643 939,2644 945,2640 951,2643 955,2639 962,2644 970,2641 979,2645 992,2641 1003,2646 1007,2642 1021,2655 1030,2656 1034,2620 1022,2619 1006,2608 995,2613 990,2607 976,2606 973,2601 960,2602 952,2607 947,2601 934,2600"/>
                <Baseline points="940,2631 967,2633 995,2636 1023,2638"/>
                <TextEquiv>
                    <Unicode>des</Unicode>
                </TextEquiv>
            </TextLine>
            <TextLine id="r1l41" custom="readingOrder {index:40;}">
                <Coords points="2208,2665 2221,2668 2229,2662 2244,2672 2272,2656 2287,2669 2307,2666 2320,2674 2332,2664 2360,2684 2378,2682 2380,2615 2355,2616 2348,2624 2340,2616 2316,2623 2310,2617 2246,2623 2230,2613 2209,2615"/>
                <Baseline points="2217,2651 2242,2650 2268,2650 2293,2652 2319,2653 2344,2653 2370,2652"/>
                <TextEquiv>
                    <Unicode>lungen</Unicode>
                </TextEquiv>
            </TextLine>
            <TextLine id="r1l42" custom="readingOrder {index:41;}">
                <Coords points="1052,2648 2213,2710 2215,2666 2120,2651 1054,2615"/>
                <Baseline points="1062,2643 1119,2645 1176,2647 1233,2651 1290,2653 1347,2656 1404,2659 1461,2662 1518,2665 1575,2668 1633,2670 1690,2674 1747,2676 1804,2679 1861,2682 1918,2685 1975,2687 2032,2689 2089,2691 2146,2693 2204,2695"/>
                <TextEquiv>
                    <Unicode>Schnitzler's „Liebelei“ gefolgt, der den Freund nach der Entdeckung</Unicode>
                </TextEquiv>
            </TextLine>
            <TextLine id="r1l43" custom="readingOrder {index:42;}">
                <Coords points="936,2677 946,2678 954,2688 964,2682 973,2689 988,2684 1012,2702 1022,2698 1035,2701 1037,2647 1024,2642 1013,2642 1005,2649 1000,2643 987,2642 979,2646 970,2641 938,2644"/>
                <Baseline points="946,2671 972,2672 999,2673 1026,2675"/>
                <TextEquiv>
                    <Unicode>Werd</Unicode>
                </TextEquiv>
            </TextLine>
            <TextLine id="r1l44" custom="readingOrder {index:43;}">
                <Coords points="1046,2694 2190,2752 2215,2711 1048,2647"/>
                <Baseline points="1056,2684 1113,2687 1170,2690 1228,2693 1285,2696 1343,2700 1400,2703 1457,2706 1515,2708 1572,2711 1630,2714 1687,2717 1744,2720 1802,2723 1859,2725 1917,2728 1974,2730 2031,2732 2089,2735 2146,2737 2204,2739"/>
                <TextEquiv>
                    <Unicode>seiner Liebesbriefe warnt: „Ich sag' es immer, man soll nicht</Unicode>
                </TextEquiv>
            </TextLine>
            <TextLine id="r1l45" custom="readingOrder {index:44;}">
                <Coords points="1038,2738 2117,2790 2216,2750 1040,2689"/>
                <Baseline points="1049,2727 1106,2730 1164,2732 1222,2735 1280,2738 1338,2741 1396,2743 1453,2746 1511,2749 1569,2752 1627,2755 1685,2758 1743,2761 1801,2763 1858,2765 1916,2768 1974,2771 2032,2773 2090,2775 2148,2778 2206,2779"/>
                <TextEquiv>
                    <Unicode>Briefe schreiben.“ Die Methode des vertraulichen Privatverkehres</Unicode>
                </TextEquiv>
            </TextLine>
            <TextLine id="r1l46" custom="readingOrder {index:45;}">
                <Coords points="1042,2780 2216,2837 2219,2771 1044,2737"/>
                <Baseline points="1052,2771 1109,2773 1167,2775 1225,2778 1283,2780 1341,2783 1398,2785 1456,2789 1514,2792 1572,2795 1630,2798 1687,2801 1745,2804 1803,2806 1861,2809 1919,2811 1976,2813 2034,2815 2092,2816 2150,2818 2208,2819"/>
                <TextEquiv>
                    <Unicode>zwischen Autor und Theater=Director, die so oft beiden Theilen</Unicode>
                </TextEquiv>
            </TextLine>
            <TextLine id="r1l47" custom="readingOrder {index:46;}">
                <Coords points="1037,2810 2202,2871 2203,2834 2114,2822 1039,2774"/>
                <Baseline points="1046,2815 1103,2816 1160,2819 1217,2820 1275,2823 1332,2826 1389,2828 1447,2832 1504,2835 1561,2838 1619,2841 1676,2844 1733,2846 1790,2850 1848,2852 1905,2854 1962,2857 2020,2858 2077,2859 2134,2860 2192,2860"/>
                <TextEquiv>
                    <Unicode>Nutzen schuf und schaffen wird, ist hier leider einmal gescheitert.</Unicode>
                </TextEquiv>
            </TextLine>
            <TextLine id="r1l48" custom="readingOrder {index:47;}">
                <Coords points="1034,2852 2216,2905 2218,2858 1036,2815"/>
                <Baseline points="1043,2856 1101,2859 1159,2862 1217,2865 1275,2868 1334,2870 1392,2873 1450,2876 1508,2878 1566,2881 1625,2883 1683,2885 1741,2888 1799,2890 1857,2892 1916,2894 1974,2896 2032,2897 2090,2899 2148,2901 2207,2902"/>
                <TextEquiv>
                    <Unicode>Andererseits ist gerade aus meinen nun veröffentlichten Zeilen vom</Unicode>
                </TextEquiv>
            </TextLine>
            <TextLine id="r1l49" custom="readingOrder {index:48;}">
                <Coords points="1030,2897 2175,2963 2200,2914 1031,2863"/>
                <Baseline points="1039,2898 1096,2900 1154,2902 1211,2905 1269,2907 1326,2910 1384,2913 1441,2915 1499,2918 1556,2921 1614,2924 1671,2927 1729,2929 1786,2932 1844,2935 1901,2937 1959,2940 2016,2942 2074,2945 2131,2947 2189,2949"/>
                <TextEquiv>
                    <Unicode>13. Februar klar ersichtlich, wie weit ich damals noch von dem</Unicode>
                </TextEquiv>
            </TextLine>
            <TextLine id="r1l50" custom="readingOrder {index:49;}">
                <Coords points="1027,2941 2175,3004 2201,2960 1029,2898"/>
                <Baseline points="1037,2941 1094,2943 1152,2945 1210,2947 1267,2950 1325,2952 1383,2955 1440,2958 1498,2960 1556,2964 1614,2966 1671,2969 1729,2972 1787,2974 1844,2977 1902,2980 1960,2983 2017,2985 2075,2986 2133,2988 2191,2990"/>
                <TextEquiv>
                    <Unicode>Entschluß zur Annahme des Stückes entfernt war; ich spreche</Unicode>
                </TextEquiv>
            </TextLine>
            <TextLine id="r1l51" custom="readingOrder {index:50;}">
                <Coords points="1013,2994 2141,3046 2201,3000 1015,2951"/>
                <Baseline points="1023,2984 1081,2986 1139,2987 1198,2988 1256,2990 1314,2992 1373,2995 1431,2998 1489,3000 1548,3003 1606,3006 1664,3009 1723,3012 1781,3015 1839,3018 1898,3021 1956,3023 2014,3026 2073,3028 2131,3030 2190,3031"/>
                <TextEquiv>
                    <Unicode>von einer „ersten flüchtigen Durcharbeitung“; ich äußere Bedenken</Unicode>
                </TextEquiv>
            </TextLine>
            <TextLine id="r1l52" custom="readingOrder {index:51;}">
                <Coords points="1019,3038 2180,3092 2208,3017 2100,3044 1814,3004 1021,2997"/>
                <Baseline points="1029,3028 1087,3029 1145,3030 1203,3032 1262,3033 1320,3036 1378,3039 1437,3041 1495,3044 1553,3047 1612,3050 1670,3053 1728,3056 1786,3059 1845,3062 1903,3065 1961,3067 2020,3070 2078,3072 2136,3074 2195,3075"/>
                <TextEquiv>
                    <Unicode>gegen meine eigenen Kürzungsversuche; die Besetzungsfrage erregt</Unicode>
                </TextEquiv>
            </TextLine>
            <TextLine id="r1l53" custom="readingOrder {index:52;}">
                <Coords points="1010,3058 2199,3125 2190,3080 1012,3024"/>
                <Baseline points="1019,3068 1077,3070 1136,3071 1194,3074 1253,3076 1311,3078 1370,3081 1428,3084 1487,3087 1545,3090 1604,3093 1663,3096 1721,3099 1780,3102 1838,3105 1897,3107 1955,3110 2014,3112 2072,3113 2131,3115 2190,3116"/>
                <TextEquiv>
                    <Unicode>bei mir ebenso starke Zweifel wie beim Auter; ich spreche von</Unicode>
                </TextEquiv>
            </TextLine>
            <TextLine id="r1l54" custom="readingOrder {index:53;}">
                <Coords points="1013,3110 2195,3171 2197,3124 2097,3102 1016,3062"/>
                <Baseline points="1023,3110 1081,3111 1139,3113 1197,3115 1255,3117 1313,3119 1371,3122 1430,3125 1488,3128 1546,3130 1604,3133 1662,3136 1720,3139 1778,3142 1837,3145 1895,3148 1953,3150 2011,3152 2069,3154 2127,3156 2186,3157"/>
                <TextEquiv>
                    <Unicode>der „Riesenaufgabe“ der mir selbst das gegenwärtig, hauptsächlich</Unicode>
                </TextEquiv>
            </TextLine>
            <TextLine id="r1l55" custom="readingOrder {index:54;}">
                <Coords points="1013,3156 2090,3210 2185,3175 1015,3111"/>
                <Baseline points="1023,3152 1080,3154 1138,3156 1195,3158 1253,3160 1311,3162 1368,3164 1426,3167 1483,3169 1541,3171 1599,3174 1656,3177 1714,3179 1771,3182 1829,3184 1887,3187 1944,3190 2002,3192 2059,3194 2117,3196 2175,3199"/>
                <TextEquiv>
                    <Unicode>auf modern=realistische Stücke gerichtete Kunstpersonal eines aller¬</Unicode>
                </TextEquiv>
            </TextLine>
            <TextLine id="r1l56" custom="readingOrder {index:55;}">
                <Coords points="1007,3199 2155,3256 2194,3196 1009,3167"/>
                <Baseline points="1016,3195 1074,3196 1132,3198 1190,3200 1249,3203 1307,3205 1365,3207 1424,3210 1482,3213 1540,3215 1599,3218 1657,3220 1715,3223 1773,3226 1832,3228 1890,3230 1948,3233 2007,3235 2065,3237 2123,3239 2182,3240"/>
                <TextEquiv>
                    <Unicode>ersten Privattheaters nicht gewachsen schien, und verstehe darunter</Unicode>
                </TextEquiv>
            </TextLine>
            <TextLine id="r1l57" custom="readingOrder {index:56;}">
                <Coords points="1007,3245 1906,3292 2148,3290 2191,3247 1008,3209"/>
                <Baseline points="1017,3238 1075,3239 1133,3241 1191,3242 1249,3244 1308,3247 1366,3250 1424,3252 1482,3255 1540,3258 1599,3260 1657,3263 1715,3265 1773,3268 1831,3270 1890,3272 1948,3274 2006,3276 2064,3277 2122,3278 2181,3279"/>
                <TextEquiv>
                    <Unicode>die ungewöhnlich mühsame, kostspielige und zeitraubende Vor¬</Unicode>
                </TextEquiv>
            </TextLine>
            <TextLine id="r1l58" custom="readingOrder {index:57;}">
                <Coords points="1002,3284 2193,3351 2177,3277 1003,3258"/>
                <Baseline points="1012,3279 1070,3282 1129,3284 1187,3287 1246,3290 1305,3292 1363,3294 1422,3296 1480,3298 1539,3300 1598,3303 1656,3304 1715,3307 1773,3309 1832,3311 1891,3313 1949,3315 2008,3318 2066,3320 2125,3322 2184,3325"/>
                <TextEquiv>
                    <Unicode>bereitung zur Aufführung gerade dieses Stückes. Alle Bedenken</Unicode>
                </TextEquiv>
            </TextLine>
            <TextLine id="r1l59" custom="readingOrder {index:58;}">
                <Coords points="1005,3339 2103,3380 2185,3340 1007,3281"/>
                <Baseline points="1014,3323 1072,3324 1130,3326 1188,3328 1246,3330 1304,3332 1362,3334 1420,3336 1478,3339 1536,3341 1594,3344 1652,3346 1710,3349 1768,3352 1826,3354 1884,3356 1942,3359 2000,3361 2058,3363 2116,3365 2174,3367"/>
                <TextEquiv>
                    <Unicode>steigerten sia, als ich nach einer zweckmäßigen Pause im</Unicode>
                </TextEquiv>
            </TextLine>
            <TextLine id="r1l60" custom="readingOrder {index:59;}">
                <Coords points="1001,3367 2110,3422 2185,3418 2187,3366 1002,3341"/>
                <Baseline points="1011,3363 1069,3364 1127,3365 1185,3367 1244,3369 1302,3371 1360,3373 1419,3376 1477,3379 1535,3382 1594,3385 1652,3387 1710,3390 1768,3393 1827,3395 1885,3399 1943,3401 2002,3403 2060,3405 2118,3407 2177,3409"/>
                <TextEquiv>
                    <Unicode>April nochmals an das Studium des Werkes ging. Und sie</Unicode>
                </TextEquiv>
            </TextLine>
            <TextLine id="r1l61" custom="readingOrder {index:60;}">
                <Coords points="994,3419 2183,3450 2184,3418 2093,3403 996,3367"/>
                <Baseline points="1004,3405 1062,3407 1120,3408 1179,3410 1237,3412 1296,3414 1354,3416 1413,3419 1471,3421 1530,3423 1588,3426 1646,3428 1705,3430 1763,3433 1822,3435 1880,3438 1939,3440 1997,3444 2056,3446 2114,3448 2173,3451"/>
                <TextEquiv>
                    <Unicode>steigerten sich bei einer dritten Durchsicht im Juni</Unicode>
                </TextEquiv>
            </TextLine>
            <TextLine id="r1l62" custom="readingOrder {index:61;}">
                <Coords points="1002,3441 2091,3509 2174,3498 2176,3462 1003,3403"/>
                <Baseline points="1011,3444 1068,3446 1126,3448 1184,3451 1241,3453 1299,3456 1357,3459 1414,3461 1472,3464 1530,3466 1588,3469 1645,3472 1703,3474 1761,3477 1818,3480 1876,3481 1934,3484 1991,3486 2049,3489 2107,3491 2165,3493"/>
                <TextEquiv>
                    <Unicode>erst recht. Darauf schrieb ich am 17. Juni an Arthur</Unicode>
                </TextEquiv>
            </TextLine>
            <TextLine id="r1l63" custom="readingOrder {index:62;}">
                <Coords points="998,3483 2005,3548 2161,3545 2176,3498 999,3459"/>
                <Baseline points="1007,3488 1064,3490 1122,3492 1180,3494 1238,3496 1296,3499 1354,3501 1412,3504 1470,3507 1528,3509 1586,3511 1643,3514 1701,3516 1759,3519 1817,3521 1875,3523 1933,3526 1991,3528 2049,3530 2107,3533 2165,3535"/>
                <TextEquiv>
                    <Unicode>Schnitzler, der bis dahin nicht den geringsten Grund hatte, die</Unicode>
                </TextEquiv>
            </TextLine>
            <TextLine id="r1l64" custom="readingOrder {index:63;}">
                <Coords points="987,3518 2092,3587 2167,3577 2169,3543 988,3496"/>
                <Baseline points="996,3530 1054,3531 1112,3534 1170,3535 1228,3538 1286,3540 1344,3543 1402,3545 1460,3548 1518,3551 1577,3554 1635,3556 1693,3559 1751,3561 1809,3564 1867,3566 1925,3568 1983,3570 2041,3572 2099,3573 2158,3574"/>
                <TextEquiv>
                    <Unicode>Annahme des Stückes für gesichert zu halten. So gern ich dem</Unicode>
                </TextEquiv>
            </TextLine>
            <TextLine id="r1l65" custom="readingOrder {index:64;}">
                <Coords points="988,3573 2172,3610 2173,3578 989,3541"/>
                <Baseline points="998,3573 1056,3575 1114,3577 1172,3579 1231,3582 1289,3585 1347,3587 1405,3589 1464,3592 1522,3594 1580,3596 1638,3599 1697,3602 1755,3604 1813,3606 1871,3608 1930,3610 1988,3612 2046,3614 2104,3616 2163,3618"/>
                <TextEquiv>
                    <Unicode>Beispiel der sechs protestirenden Herren Collegen folgen und die</Unicode>
                </TextEquiv>
            </TextLine>
            <TextLine id="r1l66" custom="readingOrder {index:65;}">
                <Coords points="990,3612 2157,3668 2158,3631 2097,3613 991,3571"/>
                <Baseline points="999,3617 1056,3618 1113,3620 1171,3622 1228,3624 1286,3626 1343,3628 1400,3630 1458,3632 1515,3635 1573,3637 1630,3639 1687,3642 1745,3644 1802,3646 1860,3648 1917,3651 1974,3653 2032,3655 2089,3657 2147,3659"/>
                <TextEquiv>
                    <Unicode>Qualitäten des neuen Schnitzler'schen Werkes außer Discussion</Unicode>
                </TextEquiv>
            </TextLine>
            <TextLine id="r1l67" custom="readingOrder {index:66;}">
                <Coords points="994,3655 2157,3716 2129,3662 996,3614"/>
                <Baseline points="1004,3657 1061,3659 1118,3661 1175,3663 1232,3665 1290,3668 1347,3670 1404,3673 1461,3676 1518,3678 1576,3681 1633,3683 1690,3686 1747,3688 1804,3691 1862,3693 1919,3695 1976,3698 2033,3700 2090,3702 2148,3704"/>
                <TextEquiv>
                    <Unicode>stellen möchte, so bin ich zur Begründung meines Zögerns doch</Unicode>
                </TextEquiv>
            </TextLine>
            <TextLine id="r1l68" custom="readingOrder {index:67;}">
                <Coords points="983,3700 2159,3760 2161,3715 2088,3703 1118,3658 984,3682"/>
                <Baseline points="992,3703 1049,3705 1107,3707 1165,3708 1223,3710 1281,3712 1339,3714 1397,3715 1455,3717 1513,3720 1571,3722 1628,3723 1686,3726 1744,3728 1802,3730 1860,3732 1918,3735 1976,3737 2034,3739 2092,3741 2150,3743"/>
                <TextEquiv>
                    <Unicode>genöthigt, hierauf einzugehen. Dem Urtheil einer Bühnen=Direction</Unicode>
                </TextEquiv>
            </TextLine>
            <TextLine id="r1l69" custom="readingOrder {index:68;}">
                <Coords points="989,3744 1957,3802 2159,3802 2161,3763 990,3706"/>
                <Baseline points="998,3742 1055,3744 1113,3747 1170,3748 1228,3751 1286,3753 1343,3756 1401,3758 1458,3760 1516,3763 1574,3765 1631,3768 1689,3771 1746,3773 1804,3775 1862,3777 1919,3779 1977,3781 2034,3783 2092,3785 2150,3787"/>
                <TextEquiv>
                    <Unicode>bieten sich wie dem Urtheil der Kritik drei Kategorien von</Unicode>
                </TextEquiv>
            </TextLine>
            <TextLine id="r1l70" custom="readingOrder {index:69;}">
                <Coords points="978,3787 1920,3837 2156,3835 2158,3801 980,3748"/>
                <Baseline points="987,3784 1045,3785 1103,3787 1161,3788 1219,3790 1277,3793 1335,3795 1393,3798 1451,3801 1509,3804 1567,3807 1625,3810 1683,3812 1741,3815 1799,3817 1857,3819 1915,3821 1973,3823 2031,3824 2089,3824 2147,3824"/>
                <TextEquiv>
                    <Unicode>Stücken dar: Bei den einen steht die Unannehmbarkeit von vorn¬</Unicode>
                </TextEquiv>
            </TextLine>
            <TextLine id="r1l71" custom="readingOrder {index:70;}">
                <Coords points="974,3824 2147,3879 2148,3843 2031,3827 976,3787"/>
                <Baseline points="984,3826 1041,3828 1099,3830 1156,3832 1214,3834 1272,3837 1329,3839 1387,3841 1445,3844 1502,3846 1560,3848 1618,3850 1675,3852 1733,3854 1791,3857 1848,3859 1906,3862 1964,3865 2021,3867 2079,3870 2137,3873"/>
                <TextEquiv>
                    <Unicode>herein fest; es sind weitaus die meisten. Bei den anderen sieht die An¬</Unicode>
                </TextEquiv>
            </TextLine>
            <TextLine id="r1l72" custom="readingOrder {index:71;}">
                <Coords points="972,3871 2148,3930 2150,3881 2072,3874 973,3850"/>
                <Baseline points="981,3868 1042,3870 1103,3871 1164,3873 1225,3876 1286,3878 1347,3881 1408,3883 1469,3887 1530,3890 1591,3893 1652,3896 1713,3899 1774,3901 1835,3904 1896,3907 1957,3909 2018,3911 2079,3913 2140,3914"/>
                <TextEquiv>
                    <Unicode>nehmbarkeit von vornherein fest; es sind die wenigsten. Bei der dritten</Unicode>
                </TextEquiv>
            </TextLine>
            <TextLine id="r1l73" custom="readingOrder {index:72;}">
                <Coords points="973,3920 2146,3969 2114,3918 975,3871"/>
                <Baseline points="983,3910 1040,3912 1098,3914 1156,3916 1213,3919 1271,3921 1329,3924 1386,3926 1444,3929 1502,3932 1560,3934 1617,3937 1675,3940 1733,3942 1790,3945 1848,3947 1906,3949 1963,3952 2021,3954 2079,3956 2137,3958"/>
                <TextEquiv>
                    <Unicode>Kategorie kann man zweiseln, und das Urtheil kann und wird nicht nur</Unicode>
                </TextEquiv>
            </TextLine>
            <TextLine id="r1l74" custom="readingOrder {index:73;}">
                <Coords points="967,3957 2113,4008 2157,4006 2159,3941 2111,3972 968,3923"/>
                <Baseline points="976,3953 1034,3955 1093,3957 1151,3959 1210,3962 1268,3964 1327,3967 1385,3970 1444,3973 1502,3975 1561,3978 1620,3981 1678,3984 1737,3986 1795,3989 1854,3991 1912,3993 1971,3994 2029,3996 2088,3996 2147,3997"/>
                <TextEquiv>
                    <Unicode>bei der Gesammtheit der Leser, sondern auch beim Einzelnen</Unicode>
                </TextEquiv>
            </TextLine>
            <TextLine id="r1l75" custom="readingOrder {index:74;}">
                <Coords points="975,3992 1899,4059 2142,4042 2143,4005 2100,4001 976,3968"/>
                <Baseline points="984,3998 1041,3999 1098,4001 1156,4003 1213,4005 1271,4007 1328,4009 1385,4012 1443,4014 1500,4017 1558,4019 1615,4022 1672,4024 1730,4027 1787,4029 1845,4031 1902,4033 1959,4034 2017,4035 2074,4036 2132,4037"/>
                <TextEquiv>
                    <Unicode>schwanken. Man hat Beispiele, daß die Autoren selbst, im Laufe</Unicode>
                </TextEquiv>
            </TextLine>
            <TextLine id="r1l76" custom="readingOrder {index:75;}">
                <Coords points="976,4044 2136,4087 2137,4054 1956,4033 1899,4059 978,3999"/>
                <Baseline points="986,4035 1043,4037 1100,4040 1157,4043 1214,4045 1271,4047 1328,4050 1385,4053 1442,4055 1499,4058 1556,4060 1613,4063 1670,4066 1727,4068 1784,4071 1841,4072 1898,4074 1955,4076 2012,4078 2069,4080 2126,4082"/>
                <TextEquiv>
                    <Unicode>der Wochen und Monate, über ihre eigenen Stücke zu einer anderen</Unicode>
                </TextEquiv>
            </TextLine>
            <TextLine id="r1l77" custom="readingOrder {index:76;}">
                <Coords points="963,4084 2136,4152 2163,4097 964,4041"/>
                <Baseline points="972,4077 1031,4080 1090,4082 1149,4084 1208,4087 1267,4089 1326,4092 1385,4095 1444,4097 1503,4099 1562,4102 1621,4104 1680,4107 1739,4109 1798,4112 1857,4115 1916,4117 1975,4121 2034,4123 2093,4125 2153,4129"/>
                <TextEquiv>
                    <Unicode>Meinung gelangten und die Stücke zurückzogen oder umarbeiteten.</Unicode>
                </TextEquiv>
            </TextLine>
            <TextLine id="r1l78" custom="readingOrder {index:77;}">
                <Coords points="967,4138 2035,4179 2140,4176 2142,4136 969,4086"/>
                <Baseline points="977,4120 1034,4121 1092,4124 1150,4127 1207,4129 1265,4132 1323,4134 1380,4138 1438,4140 1496,4143 1554,4146 1611,4149 1669,4152 1727,4154 1784,4157 1842,4159 1900,4160 1957,4162 2015,4163 2073,4164 2131,4165"/>
                <TextEquiv>
                    <Unicode>Man hat Beispiele, daß auch Kritiker nach der ersten Bühnen¬</Unicode>
                </TextEquiv>
            </TextLine>
            <TextLine id="r1l79" custom="readingOrder {index:78;}">
                <Coords points="968,4167 1666,4187 1652,4150 1578,4163 1034,4124 969,4142"/>
                <Baseline points="978,4161 1011,4162 1045,4165 1079,4166 1113,4169 1147,4170 1181,4172 1215,4174 1249,4175 1283,4176 1317,4177 1350,4179 1384,4180 1418,4181 1452,4183 1486,4183 1520,4185 1554,4185 1588,4186 1622,4187 1656,4188"/>
                <TextEquiv>
                    <Unicode>anfführung ein Stück verdammten. dess</Unicode>
                </TextEquiv>
            </TextLine>
            <TextEquiv>
                <Unicode>box 20/1
14. Der SchleienderBeatrice
Telefon 12801.
Alex. Weigl's Unternehmen für Zeitungs-Ausschnitte
Ausschnitt
1103
„JBSERVEN Nr. 61
I. ö terr. behördl. conc. Bureau für Zeitungsberichte u. Personalnachrichten
Wien. IX Türkenstrasse 17.
— Filiale in Budapest: „Figyelé“ —
Vertretungen in Berlin. Chicago, Genf, London, Newyork, Paris, Rom, Stockholm.
119.
Wa PW
Ausschnitt aus:
N## 4.194900
„Der Schleier der Beatriee.“
Director Schlenther veröffentlicht in der Angelegenheit
des Schnitzler'schen Stückes „Der Schleier der Beatrice“ nach¬
stehende Gezenerklärung:
„Sechs namhafte Schriftsteller haben sich verbündet, um einem
Unrecht zu wehren, das ihrem Berufsgenossen Arthur Schnitzler
durch mich in meiner Eigenschaft als Director des Burgtheaters
zugefügt sei. Es wird mir vorgeworfen, ich hätte das Drama
„Der Schleier der Beatrice“ im Februar fürs Burgtheater ange¬
nommen, im September hingegen abgelehnt: darin liege ein Wider¬
Für
spruch, welcher Gefahren für den Schriftstellerstand berge. Diesem zive
1 Vorwurf gegenüber kann ich erklären, daß „Der Schleier der to
2 Beatrice“ von mir nie „angenommen“ worden ist und daß par
er erst „abgelehnt“ werden mußte, als mich Arthur Schnitzler raus.
10 vor eine unerfüllbare Bedingung stellte.
Ich äußere mich zunächst zur vermeintlichen „Annahme“. #t das
Abonne Arthur Schnitzler hat den sechs protestirenden Collcun#uing es den
Abonnegrien zur Veroffentlichung überlassen, den ich ihm am 13. Februar
schrieb. Der vertrauliche, freundschaftliche Charakter dieser Zeilen nd die
stritt ebenso deutlich in der Form hervor wie ihr zurückhaltender, egen¬
Tahalt völlig unverbindlicher Charakter im Inhalte. Hätte ich geahnt, jrung")
brüt daß dieses Brieschen je das Licht der Oeffentlichkeit erblicken würde, (Leben
wollur so wäre ich dem weisen Rathe jenes jungen Mannes aus
des
lungen
Schnitzler's „Liebelei“ gefolgt, der den Freund nach der Entdeckung
Werd
seiner Liebesbriefe warnt: „Ich sag' es immer, man soll nicht
Briefe schreiben.“ Die Methode des vertraulichen Privatverkehres
zwischen Autor und Theater=Director, die so oft beiden Theilen
Nutzen schuf und schaffen wird, ist hier leider einmal gescheitert.
Andererseits ist gerade aus meinen nun veröffentlichten Zeilen vom
13. Februar klar ersichtlich, wie weit ich damals noch von dem
Entschluß zur Annahme des Stückes entfernt war; ich spreche
von einer „ersten flüchtigen Durcharbeitung“; ich äußere Bedenken
gegen meine eigenen Kürzungsversuche; die Besetzungsfrage erregt
bei mir ebenso starke Zweifel wie beim Auter; ich spreche von
der „Riesenaufgabe“ der mir selbst das gegenwärtig, hauptsächlich
auf modern=realistische Stücke gerichtete Kunstpersonal eines aller¬
ersten Privattheaters nicht gewachsen schien, und verstehe darunter
die ungewöhnlich mühsame, kostspielige und zeitraubende Vor¬
bereitung zur Aufführung gerade dieses Stückes. Alle Bedenken
steigerten sia, als ich nach einer zweckmäßigen Pause im
April nochmals an das Studium des Werkes ging. Und sie
steigerten sich bei einer dritten Durchsicht im Juni
erst recht. Darauf schrieb ich am 17. Juni an Arthur
Schnitzler, der bis dahin nicht den geringsten Grund hatte, die
Annahme des Stückes für gesichert zu halten. So gern ich dem
Beispiel der sechs protestirenden Herren Collegen folgen und die
Qualitäten des neuen Schnitzler'schen Werkes außer Discussion
stellen möchte, so bin ich zur Begründung meines Zögerns doch
genöthigt, hierauf einzugehen. Dem Urtheil einer Bühnen=Direction
bieten sich wie dem Urtheil der Kritik drei Kategorien von
Stücken dar: Bei den einen steht die Unannehmbarkeit von vorn¬
herein fest; es sind weitaus die meisten. Bei den anderen sieht die An¬
nehmbarkeit von vornherein fest; es sind die wenigsten. Bei der dritten
Kategorie kann man zweiseln, und das Urtheil kann und wird nicht nur
bei der Gesammtheit der Leser, sondern auch beim Einzelnen
schwanken. Man hat Beispiele, daß die Autoren selbst, im Laufe
der Wochen und Monate, über ihre eigenen Stücke zu einer anderen
Meinung gelangten und die Stücke zurückzogen oder umarbeiteten.
Man hat Beispiele, daß auch Kritiker nach der ersten Bühnen¬
anfführung ein Stück verdammten. dess</Unicode>
            </TextEquiv>
        </TextRegion>
    </Page>
</PcGts>
