3248 4256
280 228 2376 359 14: Der Schleier der Beatrice box 20/1
1164 1179 2389 1268 Schmach beurtheilt. Aber Herr Bernhard Buch¬
1159 1262 2392 1322 binder, die Verkörperung des Missbrauchs kritischer
1158 1294 2410 1371 Amtsgewalt, Schnüffler und Producent, der übelste
1173 1350 2404 1429 Verpester der Wiener Vorstadtbühne, der dreisteste
1158 1413 2394 1472 Speculant auf die Verlotterung des Wiener Kunst¬
1155 1452 2406 1509 geschmacks, braucht nur eine seiner elenden und
1158 1499 2409 1580 geme nen Possen im Raimund-Theater zur Aufführung
1161 1555 2404 1609 bringen zu lassen, um der Zustimmung der strengen
1164 1587 2397 1652 Herren vom „Deutschen Volksblatt“ sicher zu sein.
1172 1650 2405 1696 Wenn irgendwo das Bestreben, die journalistischen
1163 1692 2406 1767 Tantièmenschmarotzer fernzuhalten und das Volks¬
1168 1745 2401 1809 empfinden vor Corrumpierung zu bewahren, in Action
1167 1800 2397 1859 zu treten hat, dann, sollte man doch meinen, kann es
1168 1842 2406 1910 keinen geeigneteren Anlass als die Première eines
1156 1901 2397 1955 Buchbinder'schen Werkes auf einer Wiener Volksbühne
1158 1947 2396 2016 geben. Aber am 27. October wird -Grubers Nach¬
1159 1997 2408 2049 folger- im Raimund-Theater aufgeführt, und am 28.
1161 2036 2410 2103 verkündet das „Deutsche Volksblatt' mit merklicher
1159 2087 2398 2155 Genugthuung: -Die gestrige Novität zeigt uns Bernhard
1154 2139 2401 2203 Buchbinder nicht ohne Erfolg bemüht, in den Bahnen
1167 2193 2400 2248 von Karlweis zu wandeln.=Und das ist nichtetwa Hohn,
1163 2243 2399 2290 sondern pure Anerkennung. Der von der Concordiapresse
1158 2292 2404 2336 gehätschelte Verwässerer O. F. Bergs wird ernstlich
1152 2332 2390 2391 als Lehrmeister einer neuen Volksdichterschule hin¬
1156 2383 2402 2457 gestellt. Auch die antisemitischen Blätter scheinen eben
1159 2425 2392 2483 unter jenen Bahnen von Karlweis, in denen zu wandeln
1158 2478 2388 2530 einem Journalisten erstrebenswert sein muss, die Süd¬
1154 2526 2389 2598 bahn am meisten zu schätzen. Herrn Bernhard Buch¬
1155 2579 2383 2632 binder — das „Deutsche Volksblatt’ erweist ihm literar¬
1150 2625 2391 2687 historische Ehren und lässt den -Herrne weg — werden
1158 2679 2391 2738 sodannrgut gezeichnete Situationen- und rmanch
1153 2738 2402 2808 hübsches Witzwort- nachgerühmt, das den Dialog
1159 2782 2397 2844 belebt-; man habe sich -vortrefflich unterhaltene u. S. w.
1150 2832 2401 2890 Der Hauptdarstellerin wird — ganz im Stile des anders¬
1151 2878 2392 2944 gläubigen Schmockthums — die aufdringlichste Reclame
1154 2924 2390 2989 gespendet und das Bedauern ausgesprochen, dass sie
1233 2978 2396 3031 wörtlich! — -nicht noch öfter und noch länger
1162 3029 2385 3103 auftrat, als das der Fall wars Wie man sieht, ist
1163 3080 2393 3174 eine Verständigung zwischen antisemitischer Kritik und
1156 3137 2394 3199 jüdischer Theaterwelt nicht gar zu schwer herzustellen.
1162 3181 2382 3251 Das „Deutsche Volksblatt“ versetzt nicht mehr blind¬
1156 3223 2387 3306 wüthig jedem andersgläubigen Autor einen Fußtritt und
1160 3277 2393 3351 ein Ausrufungszeichen hinter seinen Namen. Seine
1155 3319 2388 3381 Redacteure haben sich zu jener Höhe der Objectivität
1162 3375 2396 3458 erhoben, von der aus sie mindestens das Wirken der
1156 3413 2388 3504 schlechten und schädlichen Juden mit vorurtheilsloser
1149 3467 1833 3552 Nachsicht betrachten können.
