3484 4224
1952 137 2396 243 box 20/2
289 137 1868 243 14. Der Schleien der Reatrige
1522 910 1938 1009 Münchner Rundschau.
2323 922 2472 1020 113
981 1031 2466 1105 Kunstwerk ohne Ursache und eigenes Erleben nie entstanden. Ein Dutzend solcher
997 1096 2462 1149 Epigönchen, und die moderne Dichtung wird in verdünnten, verwässerten Dilettanten¬
1000 1132 2469 1206 arbeiten für die „Gartenlaube“ reif. Die Wahl dieses Werkes war ein Mißgriff, für
992 1188 2474 1244 den wir aber in der jüngst veranstalteten „Nietzsche=Feier“ entschädigt wurden.
990 1226 2466 1296 Conrad stand auf der Tribüne. Das war eine der interessantesten Bekanntschaften,
1000 1279 2476 1333 die uns je vermittelt wurden. Dieser gerade Mann, aufrecht und wehrfreudig wie kein
997 1331 2469 1384 Zweiter in Deutschland, sprach über Nietzsche. Im Grunde that er es nicht. Er vertrat
991 1387 2464 1453 dem Pöbel gegenüber Nietzsche's Stelle. Wuchtig, mit den rechten, offenen Worten, gab
991 1434 2473 1484 er sein Persönliches zu Nietzsche. Jeder Satz war ein prachtvoller Keulenschlag gegen
987 1473 2458 1545 den Mob, vor dem er sprach. Er setzte das Nietzsche'sche Werk für seinen Teil in die
995 1526 2454 1596 That um. Keine Verwässerung, Verständlichmachung, kein Verpöbeln dieses Werkes!
996 1582 2467 1643 Er wußte ganz prachtvoll die weite Distanz zu halten, nirgends Fühlung zu nehmen,
987 1633 2464 1690 herunterzusteigen. Und es war voll eigenartigen Humors, diese Betonung seines Thuns
985 1676 2463 1734 von ihm laur und unzweideutig ausgesprochen zu hören, während ich mir einen
987 1728 2463 1795 Aristophanes wünschte, der den Jubel dieses eben zusammengehauenen Pöbels über diese
989 1756 2468 1841 Rede gesehen hätte. Eine groteske Komik liegt darin, daß von diesen sechshundert
991 1831 2456 1892 Menschen, über die Conrad mit Nietzsche'schem Hohn wetterte, Jeder den Nachbar spöttisch
1003 1873 2472 1941 ansah und Keiner sich getroffen fühlte. Feierlich war die „Feier“ nicht und doch voll
997 1920 2475 1975 echten Stils. Sie war ein Triumph und eine That, voll von dem Geiste des Großen.
984 1982 2473 2043 Es war, als sollte man rufen: „Der Prophet ist tot! Nun, Ihr erlesenen und berufenen
987 2008 1800 2094 Jünger, tragt sein Werk in das Leben hinein.“
2044 2020 2387 2094 Josef Theodor.
1635 2362 1966 2455 S
1354 2600 2093 2716 Münchner Rundschau.
1018 2707 2468 2769 Ach bin den Lesern dieser Zeitschrift eigentlich noch einen besonderen Brief über die
987 2723 2446 2827 ° Münchner Kunst=Ereignisse seit Anfang dieses Jahres schuldig. Wer aber wird
987 2818 2450 2880 gerne „nachkluppen“ wollen? Ich hoffe zuversichtlich, auch meine gesch. Interessenten
995 2847 2456 2920 legen mit mir im Grunde mehr Wert auf Aktualität, als auf ein gewissenhaft braves
996 2911 2459 2984 Nachschleppen; und so will ich denn also frisch in die Vollen gehen und hier beherzt
992 2958 1633 3023 gleich beim neuen Quartal einsetzen!
1113 2984 2458 3062 Auch das musikalische München wird zusehends „moderner". Drei große,
988 3048 2451 3125 ganz außerordentliche Konzerte in dieser Saison: zuerst Gustav Mahler, dann Richard
987 3095 2452 3166 Strauß, und jetzt wieder Max Schillings — ich glaube, die Münchner Musikfreunde
991 3166 2448 3216 können sich heute wirklich nicht mehr beklagen. Wenigstens war das vor wenigen
982 3203 2456 3262 Jahren noch ganz anders hierzulande. Wir aber können es Herrn Schillings recht wohl
987 3267 2452 3292 nachempfinden, wenn er als einer der noch Zurückgesetzten den Drang nach praktischer
987 3306 2469 3379 Selbst=Bethätigung in sich verspürt hat, schon um einmal auch nach positiver Seite hin.
