3436 4320
1957 178 2402 288 box 20/4
303 199 1816 314 14. Der Schleier der Beatrice
1747 1062 2009 1151 Die Zukunft.
1199 1074 1329 1169 530
1201 1151 2592 1214 und lernen ahnen, warum gerade diese Zeit die reichste Kunsternte tragen
1208 1208 2591 1283 mußte. Zerstampfte Völker, verseuchte Höfe, Ungewißheit des nächsten Tages
1200 1271 2591 1348 und ungeheure Genußgier; und unter der Bewußtseinsschwelle überall ein
1216 1328 2591 1402 Pochen, das Sonnenuntergänge und Götterdämmerungen ankündet. In
1213 1404 2580 1468 Mussets Lorenzaccio sagt der Maler: Je plains les peuples malheu¬
1205 1453 2587 1516 reux, mais je crois en effet qu'ils fontlesgrands artistes; les champs
1210 1511 2577 1580 de bataille font pousser lesmoissons, lesterres corrompues engen¬
1204 1571 2586 1646 drent le blé céleste. So direkt redet man heute im Drama nicht mehr;
1215 1635 2584 1724 moderne Dichtergeschöpfe wollen behorcht sein. Herr Schnitzler zeigt Menschen,
1209 1712 2584 1772 über die der Christenglaube nur noch geringe oder gar keine Macht hat,
1208 1755 2599 1822 Menschen ohne Sozialgefühl, ohne fest wurzelnde Liebe zu Vaterland und Fürst,
1224 1817 2591 1908 schwankende Gestalten, die persönliches Glück suchen und sich herrischin das
1226 1899 2597 1956 Gesetz einer selbst bestimmten Individualsittlichkeit betten möchten. Und diese
1218 1956 2597 2014 Menschen kennen einander nicht, so dicht sie beisammen wohnen, wissennicht,
1218 1996 2606 2083 daß jeder Mensch, auch der unscheinbarste, eine Welt ist, deren Gemarkung
1218 2079 2593 2151 der Nachbar mit Ehrfurcht zu nahen hat. Das ist ein großer Gegenstand,
1215 2126 2596 2197 größer als alles Getriebe der Borgia und Sforza. Was wird unter Solchen
1215 2202 2606 2262 aus der Frau, die alter Bande ledig ist und dem leidvollen Glück entgeht,
1227 2261 2566 2324 als Gefäß der Gattung zu dienen? Sie blinzelt; sie taumelt; sie fällt, —
1219 2315 2605 2379 und über sie hinweg raft die Lebenssucht in neue Abenteuer, zum Fest neuer
1221 2378 2603 2453 Paarung. Denn alle erworbenen Rechte sind streitig geworden, auch das
1221 2430 2607 2503 wichtigste, das den Reichen der Geschlechter die Grenzen weist. Denn Jeder
1226 2499 2606 2578 denkt nur an die Beute der nächsten Stunde und Keiner achtet des Weibes,
1222 2557 2597 2633 das neben ihm, unter ihm stürzt. Warum wagte sie sich ins Gedräng?
1235 2630 2596 2700 Warum zog sie den Schleier nicht fest um Haupt und Glieder, den Schleier,
1239 2678 2605 2755 den Mannesherrschsucht und Manneseitelkeitihr gewebt hatten, trug ihnwie
1238 2745 2609 2829 einen Panzer, der alle besondere Wesensform wegschnürt, und blieb im Frauen¬
1235 2814 2613 2885 gemach, bis sie der Gebieter heranwinkte?... Solche Gährung der Geister dauert
1231 2868 2605 2946 nicht lange. Reiche sinken und Städte fallen, aber die Welt geht nicht unter und
1239 2923 2611 2999 der hitzigste Sinn muß wieder über den Mittag hinaus denken lernen. Sozialer.
1230 2996 2612 3071 Zwang meldet sich, die alte Ordnung stellt sich, wie von selbst, wieder her und
1232 3047 2613 3141 mählich erst merkt man, daß hier ein Grenzstein verrückt, dort alte von neuer
1228 3104 2617 3195 Konvention abgelöst ist. Jetzt, plötzlich, will Adam nicht Schöpfer mehr sein,
1243 3156 2629 3234 nicht in eines lieblich lügenden Kindes Schoß sich den Erben zeugen; der in
1231 3229 2632 3314 Mühsal Zerriebene sehnt sich nach Persönlichkeit. Des Hauses Thür thut sich
1237 3290 2640 3359 auf und schleierlos schreitet die Frau in den wiedergeborenen Tag. M. H.
1235 3401 2629 3449 Herausgeber und verantwortlicher Redakteur: M. Harden in Berlin. — Verlag der Zukunft in Berlin.
1568 3428 2277 3510 Druck von Albert Damcke in Berlin=Schöneberg.
