3392 4320
1918 191 2400 280 box 20/4
256 172 1799 299 14. Der Schleier der Beätrice
258 1386 3351 1566 hatte der Ansturm Dekurtins auf den Artitel Weiches immer die Art der Lösung sei, soviel obfektwv ausdruckte, nicht widerlegt werden, funf
1246 1584 3350 1639 ihrer Hand, wäre auch dazu bereit, wenn nicht Sokrates] zu haben, dem Asklepios einen Hahn zu schlachten. Lieb
538 1593 962 1700 Feuilleton.
2237 1637 3226 1694 Statt dessen hört er die reumütige Beichte der zer¬
1249 1636 2253 1702 hereinträte und seine warnende Stimme erhöbe.
3207 1635 3341 1702 gegen
3215 1681 3350 1739 ande
2235 1667 3228 1747 knirschten Timandra an: da der Kerkermeister dem
1253 1667 2242 1748 Ordentlich setzt er dem pflichtvergessenen Schüler den
2235 1720 3224 1773 Todeskandidaten aus Barmherzigkeit gleich eine ganze
3212 1717 3354 1776 wäre
1251 1720 2244 1784 Kopf zurecht. Prophetisch wie Wildenbruchsche oder
357 1722 1147 1810 Berliner Theater= und Kunstbriefe.
3219 1762 3350 1824 beiste
1248 1774 2248 1824 Lauifsche Helden, wenn sie die Größe des Vaterlandes
2238 1757 3239 1837 Kanne Schierling hingestellt hat, setzt Timandra den
453 1793 1083 1854 Von Dr. Max Meierfeld.
1257 1810 2246 1871 in begeisterten Worten voraussagen, schildert Sokrates
2235 1800 3236 1868 Krug an die Lippen und stirbt zugleich mit ihrem
3232 1813 3297 1869 Me
325 1835 1257 1900 Recht im Gegensatz zu Dreyers Schwank überaus
1254 1853 2247 1912 seinem künftigen Biographen die glänzende Zukunft,
2234 1850 3231 1915 hehren Opfer. Platon aber versichert uns noch, wenn er
2237 1890 3227 1962 diesen leidvollen Tag überlebe, dann könne ihn kein
1253 1896 2246 1957 die seiner harrt. Entbehren sollst du, sollit entbehren,
257 1899 1269 1962 unglücklich in der Erfindung und in merkwürdiger
3249 1861 3334 1953 er
258 1933 1251 2000 Uebereinstimmung mit dem Inhalt von Heyses biblischem
2241 1940 3234 2017 Sturm mehr knicken, sodaß wir doch wenigstens über
1244 1929 2241 2005 klingt es in seiner Moralpredigt, damit du der Nach¬
3215 1936 3343 2001 fakti
260 1982 1253 2035 Drama steht Adolf Wilbrandts fünfaktiges Trauer¬
1244 1988 2245 2056 welt deine wundervollen Werke schenken kannst. Und
2245 1976 3009 2049 seine Zukunft einigermaßen beruhigt sind.
3227 1990 3354 2048 geras#
267 2032 1256 2090 spiel „Timandra“. Der Name deutet meines
1250 2029 2247 2091 Platon, eben noch ganz Leidenschaft, ganz im Bann
2282 2023 3226 2091 Nur in solchem überlegenen Ton kann man von
3220 2027 3329 2090 mit
253 2059 1261 2136 Wissens auf Altibiades, dieser wiederum weist auf den
1247 2071 2240 2142 der geliebten Frau, folgt der höheren Einsicht seines
2237 2067 3222 2131 diesem ärgerlich flachen Machwerk berichten. Man tut
3214 2082 3348 2136 daun
268 2105 1257 2174 Kreis des Sokrates. In Wirklichkeit ist „Timandra“
1252 2112 2249 2177 verehrten Lehrers und stürzt davon. Herein aber stürzt
2239 2127 3228 2177 es ungern, denn Adolf Wilbrandt ist kein dichtender
3216 2122 3336 2178 der
274 2142 1267 2231 die Sokrates=Tragödie. Sie reiht sich stofflich an Wil¬
1247 2156 2251 2232 Timandra, racheschnaubend, wutentbrannt. Du hast
2238 2159 3235 2224 Schulmeister, aber ein Parkett von Primanern würde
269 2199 1258 2264 brandts frühere Dichtung „Hairan“ an, ein verkapptes
2236 2205 3225 2275 kaum eine Gestalt von so erschütternder geistiger
1253 2205 2246 2276 mir meinen Platon geraubt, du alter Schulfuchser,
266 2250 1255 2309 Christus=Drama. Von jeher haben die Poeten Unterrocks¬
1245 2253 2238 2306 warte, ich will dir zeigen, was ein gekränktes Weib
2237 2249 3233 2311 Impotenz für einen Sokrates hinnehmen. Mißbrauch
261 2289 1258 2343 politik in der Weltgeschichte getrieben, Helden der Tat
1244 2296 2238 2349 vermag. Den Kopf wird dich das kosten. Weidlich
2236 2286 3233 2363 der poetischen Lizenz ist es, irgend eine Bühnennull
268 2326 1250 2392 und des Gedankens mit einem Frauenschicksal verknüpft.
1244 2326 2249 2391 unbeliebt bist du bei den Athenern ohnehin, da brauch
2242 2340 3235 2398 mit einem hochtönenden Namen auszustatten. Wer
3213 2329 3344 2404 lung
263 2371 1252 2437 Das erklärt sich aus der dominierenden Rolle, die der
1259 2368 2241 2433 ich die Flamme nicht viel zu schüren. Wie ein echter
2244 2383 3344 2445 einen Sokrates auf die Beine stellen will, muß ihm „De#
262 2411 1267 2488 Liebe im modernen Drama zugefallen ist. An dem
2236 2434 3225 2491 vor allem einen Kopf mitgeben. Mißbrauch der poe¬
1254 2427 2243 2495 Weltweiser, erhobenen Hauptes und ohne mit der
3204 2429 3350 2495 wirt
262 2460 1259 2531 Weibe müssen selbst die zu Grunde gehen, denen die
1251 2469 2240 2538 Wimper zu zucken hört Sokrates die Schmähungen
2238 2468 3231 2537 tischen Lizenz scheint mir hier aber auch an dem Stoff¬
3215 2472 3341 2533 Stin
267 2513 1256 2574 Ueberlieferung in diesem Punkte kein Schuldenkonto
1248 2513 2237 2574 des rasenden Weibes an. Im nächsten Akt sitzt er
2246 2524 3231 2581 lichen in zwiefacher Weise getrieben zu sein. Der
3206 2521 3345 2576 Wert
268 2552 1257 2611 vorgesehen hat. Mit Xanthippe, dem mit Unrecht übei
1247 2544 2252 2617 aber bereits auf der Anklagebank; und zwar nicht, weil
2237 2560 3222 2621 Prozeß des Sokrates, eines antiken Volksseinds, mutet
3213 2567 3344 2620 selben
265 2602 1254 2668 beleumdeten Weib des Sokrates, vermöchte ein neuerer
1249 2610 2242 2660 er die Jugend verführt und die schlechtere Sache zur
2238 2589 3231 2669 an wie ein Vorspiel zur Christus=Tragödie. Der
265 2630 1258 2697 Dichter nichts anzufangen, es sei denn, daß er eine
1243 2645 2236 2705 besseren gemacht, sondern weil Timandra einem abge¬
3220 2655 3339 2704 Bild
2227 2649 3228 2699 athenische Straßenphilosoph erliegt dem Unserstand der
265 2674 1254 2752 Ehrenrettung versuche. So wurde Timandra vorge¬
1246 2688 2247 2741 wiesenen Liebhaber ihre Gunst versprochen, wenn er
2231 2700 3227 2753 Menge und eröffnet eine glorreiche Reihe von Märtyrern.
3219 2696 3345 2754 ist dis
260 2725 1257 2787 schoben. Daheim in Chios hat sie ihren Mann und
1247 2735 2244 2793 den leidigen Sittenprediger aus der Welt schaffe.
2228 2739 3225 2800 Es heißt, ihm seinen Nimbus rauben, seine kultur¬
3220 2741 3339 2795 nicht
1254 2769 2240 2836 Natürlich verurteilen die wankelmütigen Athener den
265 2777 1255 2841 ihre Kinder. In Athen wird sie viel umschwärmt und
2232 2782 3225 2840 geschichtliche Bedeutung und zugleich seine menschliche
266 2820 1256 2882 entbrennt selbst in heißer Lieb zu Platon. Nun erst
1252 2827 2238 2895 unbequemen Spötter, der ihnen längst ein Dorn im
2229 2828 3225 2896 Größe herabsetzen, indem man ihn über ein launisches
3203 2832 3335 2890 griffe
259 2861 1252 2926 geht ihr des Lebens Glück auf. Mit dem Aufgebot
1252 2867 2245 2936 Auge war, mit Stimmenmehrheit. Im letzten Akt
2241 2866 3226 2939 Weibchen stolpern läßt. Wer uns etwa Napoieons
3206 2879 3338 2926 dem
267 2908 1256 2972 ihrer weiblichen Ueberredungsgabe will sie, ein wenig
1244 2906 2244 2967 finden wir ihn, von seinen Freunden umringt, im Ge¬
2233 2919 3215 2971 Sturz als eine Folge seiner Trennung von Josephine
261 2955 1262 3010 femme incomprise des Altertums, den Geliebten zur
1245 2956 2238 3009 fängnis, wo er im Jahre 399 v. Chr. G. den Gift¬
3210 2962 3336 3017 Bolo
2231 2959 3224 3016 Beauharnais darstellen wollte, würde alle Kritik ent¬
267 3002 3341 3059 Flucht bestimmen, und der, ein girrender Seladon in 1 becher leert, ohne seine Getreuen vorher aufgefordert i waffnen. Zum zweiten wird Platon als schmachtender eine###
