<?xml version="1.0" encoding="UTF-8" standalone="yes"?>
<PcGts xmlns="http://schema.primaresearch.org/PAGE/gts/pagecontent/2013-07-15" xmlns:xsi="http://www.w3.org/2001/XMLSchema-instance" xsi:schemaLocation="http://schema.primaresearch.org/PAGE/gts/pagecontent/2013-07-15 http://schema.primaresearch.org/PAGE/gts/pagecontent/2013-07-15/pagecontent.xsd">
    <Metadata>
        <Creator>prov=University of Rostock/Institute of Mathematics/CITlab/Gundram Leifert/gundram.leifert@uni-rostock.de:name=ONB_Newseye_GT_M1+(htr_id=10810)::::v=2.4.2
prov=University of Rostock/Institute of Mathematics/CITlab/Tobias Gruening/tobias.gruening@uni-rostock.de:name=de.uros.citlab.module.baseline2polygon.B2PSeamMultiOriented:v=2.4.2
prov=University of Rostock/Institute of Mathematics/CITlab/Tobias Gruening/tobias.gruening@uni-rostock.de:name=/mnt/transkribus/LA/DEA/URO/LA_news_onb_att.pb:de.uros.citlab.segmentation.CITlab_LA_ML:v=2.4.2
Transkribus</Creator>
        <Created>2019-10-07T11:38:51.389+02:00</Created>
        <LastChange>2019-10-08T16:22:42.894+02:00</LastChange>
        <TranskribusMetadata docId="223979" pageId="9503111" pageNr="608" tsid="16600147" status="IN_PROGRESS" userId="40391" imgUrl="https://files.transkribus.eu/Get?id=XFPCEWEBMJPWDICQIDQSLTYH&amp;fileType=view" xmlUrl="https://files.transkribus.eu/Get?id=LWWPWLEZOVDRNJXVVGTFWYMS" imageId="6193325"/>
    </Metadata>
    <Page imageFilename="223979_0608.jpeg" imageWidth="3436" imageHeight="4224">
        <ReadingOrder>
            <OrderedGroup id="ro_1711449407185" caption="Regions reading order">
                <RegionRefIndexed index="0" regionRef="r1"/>
            </OrderedGroup>
        </ReadingOrder>
        <TextRegion orientation="0.0" id="r1" custom="readingOrder {index:0;}">
            <Coords points="214,200 214,3536 2575,3536 2575,200"/>
            <TextLine id="r1l1" custom="readingOrder {index:0;}">
                <Coords points="1874,245 2002,257 2055,242 2134,260 2163,248 2189,263 2249,237 2289,250 2324,240 2323,165 2250,156 2193,185 2130,156 2064,208 2036,191 1989,198 1873,170"/>
                <Baseline points="1885,236 1910,237 1935,237 1960,238 1985,238 2010,239 2036,239 2061,240 2086,240 2111,240 2136,240 2161,239 2187,238 2212,237 2237,235 2262,232 2287,229 2313,225"/>
                <TextEquiv>
                    <Unicode>box 20/6</Unicode>
                </TextEquiv>
            </TextLine>
            <TextLine id="r1l2" custom="readingOrder {index:1;}">
                <Coords points="205,251 735,306 1793,263 1580,181 205,213"/>
                <Baseline points="214,251 292,257 370,263 449,267 527,269 606,271 684,271 763,271 841,270 920,269 998,267 1076,265 1155,264 1233,262 1312,260 1390,259 1469,259 1547,259 1626,260 1704,262 1783,265"/>
                <TextEquiv>
                    <Unicode>14: Der Schleier der Bestrice</Unicode>
                </TextEquiv>
            </TextLine>
            <TextLine id="r1l3" custom="readingOrder {index:2;}">
                <Coords points="1512,846 1563,850 1585,836 1628,855 1712,834 1771,849 1930,833 1929,786 1916,784 1886,791 1859,777 1808,790 1768,774 1749,788 1684,783 1639,796 1562,781 1547,793 1511,776"/>
                <Baseline points="1521,830 1547,831 1574,831 1600,831 1627,831 1654,831 1680,831 1707,830 1733,829 1760,829 1787,828 1813,828 1840,827 1866,827 1893,827 1920,828"/>
                <TextEquiv>
                    <Unicode>Burgtheater=Première.</Unicode>
                </TextEquiv>
            </TextLine>
            <TextLine id="r1l4" custom="readingOrder {index:3;}">
                <Coords points="908,851 923,851 933,858 945,858 949,854 954,857 959,853 976,856 979,793 967,790 965,792 946,778 942,780 940,777 932,777 928,781 911,778"/>
                <Baseline points="917,842 942,842 967,844"/>
                <TextEquiv>
                    <Unicode>40</Unicode>
                </TextEquiv>
            </TextLine>
            <TextLine id="r1l5" custom="readingOrder {index:4;}">
                <Coords points="1722,918 1835,942 2529,921 2560,917 2560,867 2503,861 2460,891 2351,847 2238,890 1814,860 1722,881"/>
                <Baseline points="1733,918 1773,920 1814,921 1855,922 1896,922 1937,922 1978,922 2019,922 2060,921 2101,920 2142,919 2182,919 2223,917 2264,916 2305,915 2346,914 2387,912 2428,912 2469,911 2510,910 2551,909"/>
                <TextEquiv>
                    <Unicode>ist weiß, Herzl ist schwarz. Wittmann von</Unicode>
                </TextEquiv>
            </TextLine>
            <TextLine id="r1l6" custom="readingOrder {index:5;}">
                <Coords points="1728,977 2558,966 2557,927 2465,914 1727,938"/>
                <Baseline points="1738,968 1778,969 1818,970 1859,970 1899,970 1940,970 1980,970 2021,970 2061,969 2102,968 2142,968 2182,967 2223,966 2263,966 2304,965 2344,965 2385,964 2425,963 2466,963 2506,963 2547,963"/>
                <TextEquiv>
                    <Unicode>erlesener Güte und Liebenswürdigkeit mit er¬</Unicode>
                </TextEquiv>
            </TextLine>
            <TextLine id="r1l7" custom="readingOrder {index:6;}">
                <Coords points="1174,1031 1288,1031 1309,1016 1349,1032 1569,1031 1564,890 1525,906 1501,891 1474,908 1384,915 1324,900 1260,924 1238,907 1170,920"/>
                <Baseline points="1184,1013 1210,1013 1237,1013 1264,1014 1290,1014 1317,1013 1344,1013 1371,1013 1397,1012 1424,1010 1451,1009 1477,1006 1504,1003 1531,1000 1558,995"/>
                <TextEquiv>
                    <Unicode></Unicode>
                </TextEquiv>
            </TextLine>
            <TextLine id="r1l8" custom="readingOrder {index:7;}">
                <Coords points="1727,1022 2535,1025 2569,1021 2568,962 2239,994 2195,973 1726,991"/>
                <Baseline points="1737,1016 1778,1017 1819,1018 1860,1019 1901,1019 1942,1019 1983,1019 2024,1019 2065,1019 2106,1018 2147,1018 2188,1017 2229,1016 2270,1015 2311,1015 2352,1014 2393,1013 2434,1013 2475,1012 2516,1012 2558,1012"/>
                <TextEquiv>
                    <Unicode>freudiger Betonung des unverwüstlichen,</Unicode>
                </TextEquiv>
            </TextLine>
            <TextLine id="r1l9" custom="readingOrder {index:8;}">
                <Coords points="1728,1063 1886,1087 2066,1062 2192,1084 2235,1060 2564,1072 2564,1029 2511,1014 2378,1039 1728,1034"/>
                <Baseline points="1738,1068 1778,1068 1819,1067 1860,1067 1901,1066 1942,1066 1983,1066 2023,1066 2064,1065 2105,1065 2146,1065 2187,1065 2228,1064 2269,1064 2309,1064 2350,1063 2391,1062 2432,1061 2473,1060 2514,1059 2555,1058"/>
                <TextEquiv>
                    <Unicode>alten Adams — Herzl mehr elegischer</Unicode>
                </TextEquiv>
            </TextLine>
            <TextLine id="r1l10" custom="readingOrder {index:9;}">
                <Coords points="1721,1136 2557,1121 2568,1085 1720,1079"/>
                <Baseline points="1731,1118 1772,1117 1813,1117 1855,1116 1896,1116 1938,1115 1979,1115 2020,1114 2062,1114 2103,1114 2145,1113 2186,1113 2227,1112 2269,1112 2310,1111 2352,1111 2393,1110 2434,1110 2476,1109 2517,1108 2559,1108"/>
                <TextEquiv>
                    <Unicode>Spöttler, sentimentalischer Weltmann, übri¬</Unicode>
                </TextEquiv>
            </TextLine>
            <TextLine id="r1l11" custom="readingOrder {index:10;}">
                <Coords points="1724,1177 2531,1176 2562,1164 2561,1119 1723,1136"/>
                <Baseline points="1733,1171 1773,1170 1814,1168 1855,1167 1896,1165 1937,1165 1978,1164 2019,1164 2060,1163 2101,1163 2142,1163 2182,1162 2223,1162 2264,1162 2305,1162 2346,1161 2387,1160 2428,1160 2469,1159 2510,1157 2551,1156"/>
                <TextEquiv>
                    <Unicode>gens ein schöner Mensch, dem man eigentlich</Unicode>
                </TextEquiv>
            </TextLine>
            <TextLine id="r1l12" custom="readingOrder {index:11;}">
                <Coords points="1732,1228 2480,1226 2568,1205 2568,1160 1732,1189"/>
                <Baseline points="1742,1217 1782,1216 1823,1215 1864,1215 1905,1214 1946,1214 1987,1213 2027,1213 2068,1213 2109,1212 2150,1212 2191,1212 2232,1211 2273,1211 2313,1210 2354,1210 2395,1209 2436,1209 2477,1208 2518,1208 2559,1207"/>
                <TextEquiv>
                    <Unicode>einen grünen Turban aufsetzen, einen weißen</Unicode>
                </TextEquiv>
            </TextLine>
            <TextLine id="r1l13" custom="readingOrder {index:12;}">
                <Coords points="1717,1266 2555,1266 2541,1209 1717,1227"/>
                <Baseline points="1727,1261 1770,1262 1813,1262 1856,1263 1899,1263 1942,1263 1985,1263 2028,1262 2071,1262 2114,1262 2158,1261 2201,1260 2244,1260 2287,1259 2330,1258 2373,1258 2416,1257 2459,1257 2502,1256 2546,1256"/>
                <TextEquiv>
                    <Unicode>Burnus umhängen sollte, um ihn dann auf</Unicode>
                </TextEquiv>
            </TextLine>
            <TextLine id="r1l14" custom="readingOrder {index:13;}">
                <Coords points="1730,1315 2568,1315 2567,1270 2445,1260 1729,1279"/>
                <Baseline points="1740,1313 1780,1313 1821,1313 1862,1313 1903,1312 1944,1312 1985,1311 2025,1311 2066,1310 2107,1310 2148,1309 2189,1308 2230,1308 2271,1307 2311,1306 2352,1306 2393,1305 2434,1304 2475,1304 2516,1304 2557,1303"/>
                <TextEquiv>
                    <Unicode>einem feurigen Araberroß als Propheten</Unicode>
                </TextEquiv>
            </TextLine>
            <TextLine id="r1l15" custom="readingOrder {index:14;}">
                <Coords points="1204,1328 1249,1324 1285,1348 1306,1337 1320,1336 1315,1248 1268,1252 1242,1275 1228,1266 1215,1277 1201,1277"/>
                <Baseline points="1214,1330 1245,1325 1277,1323 1309,1325"/>
                <TextEquiv>
                    <Unicode></Unicode>
                </TextEquiv>
            </TextLine>
            <TextLine id="r1l16" custom="readingOrder {index:15;}">
                <Coords points="1724,1367 2536,1369 2571,1361 2571,1316 1973,1337 1868,1314 1723,1338"/>
                <Baseline points="1734,1360 1775,1360 1816,1360 1858,1360 1899,1360 1940,1359 1982,1359 2023,1358 2064,1358 2106,1357 2147,1357 2188,1356 2230,1355 2271,1355 2312,1354 2354,1354 2395,1353 2436,1353 2478,1352 2519,1352 2561,1352"/>
                <TextEquiv>
                    <Unicode>auszusenden, daß er die Völker des Ostens</Unicode>
                </TextEquiv>
            </TextLine>
            <TextLine id="r1l17" custom="readingOrder {index:16;}">
                <Coords points="1728,1423 2568,1408 2567,1371 2520,1357 1727,1370"/>
                <Baseline points="1738,1410 1781,1410 1824,1410 1867,1410 1910,1409 1953,1409 1996,1409 2039,1408 2082,1408 2125,1408 2169,1407 2212,1407 2255,1406 2298,1406 2341,1405 2384,1405 2427,1405 2470,1404 2513,1404 2557,1403"/>
                <TextEquiv>
                    <Unicode>unter seiner Fehne vereine. Ich glaube</Unicode>
                </TextEquiv>
            </TextLine>
            <TextLine id="r1l18" custom="readingOrder {index:17;}">
                <Coords points="1717,1472 2358,1475 2486,1446 2551,1465 2566,1408 1716,1425"/>
                <Baseline points="1727,1461 1768,1460 1810,1459 1851,1458 1893,1457 1934,1457 1976,1457 2017,1456 2059,1456 2100,1456 2142,1456 2183,1455 2225,1455 2266,1455 2308,1455 2349,1454 2391,1454 2432,1454 2474,1453 2515,1452 2557,1451"/>
                <TextEquiv>
                    <Unicode>aber, er würde vorziehen, sich wieder in</Unicode>
                </TextEquiv>
            </TextLine>
            <TextLine id="r1l19" custom="readingOrder {index:18;}">
                <Coords points="1724,1514 2574,1515 2573,1454 1724,1482"/>
                <Baseline points="1733,1511 1774,1510 1816,1509 1857,1509 1899,1509 1940,1508 1982,1507 2023,1507 2065,1506 2106,1506 2148,1505 2189,1505 2231,1504 2272,1504 2314,1503 2355,1503 2397,1502 2438,1502 2480,1501 2521,1501 2563,1501"/>
                <TextEquiv>
                    <Unicode>Paris anzusiedeln und boulevardier zu</Unicode>
                </TextEquiv>
            </TextLine>
            <TextLine id="r1l20" custom="readingOrder {index:19;}">
                <Coords points="1731,1566 2376,1571 2523,1555 2566,1519 2220,1502 1730,1523"/>
                <Baseline points="1741,1563 1781,1561 1822,1560 1863,1558 1904,1557 1945,1556 1985,1555 2026,1555 2067,1554 2108,1554 2149,1554 2189,1553 2230,1553 2271,1553 2312,1552 2353,1552 2393,1551 2434,1551 2475,1549 2516,1549 2557,1547"/>
                <TextEquiv>
                    <Unicode>spielen, statt dieser mühsamen und undank¬</Unicode>
                </TextEquiv>
            </TextLine>
            <TextLine id="r1l21" custom="readingOrder {index:20;}">
                <Coords points="1727,1609 2545,1610 2572,1606 2572,1558 1726,1573"/>
                <Baseline points="1736,1606 1777,1606 1818,1605 1860,1605 1901,1605 1942,1605 1984,1605 2025,1605 2066,1605 2108,1605 2149,1605 2190,1604 2232,1604 2273,1604 2314,1603 2356,1602 2397,1601 2438,1600 2480,1598 2521,1596 2563,1594"/>
                <TextEquiv>
                    <Unicode>baren Aufgabe nachzugehen. Herzl plauderte</Unicode>
                </TextEquiv>
            </TextLine>
            <TextLine id="r1l22" custom="readingOrder {index:21;}">
                <Coords points="1726,1672 2578,1643 2577,1614 2459,1602 1843,1627 1725,1608"/>
                <Baseline points="1736,1654 1777,1655 1819,1656 1860,1656 1902,1656 1943,1656 1985,1656 2026,1656 2068,1655 2109,1655 2151,1654 2193,1653 2234,1652 2276,1651 2317,1650 2359,1649 2400,1648 2442,1646 2483,1645 2525,1644 2567,1643"/>
                <TextEquiv>
                    <Unicode>viel mit Alfred von Berger der wieder</Unicode>
                </TextEquiv>
            </TextLine>
            <TextLine id="r1l23" custom="readingOrder {index:22;}">
                <Coords points="1736,1712 2541,1711 2566,1660 1736,1671"/>
                <Baseline points="1746,1705 1786,1705 1827,1705 1867,1705 1908,1705 1948,1705 1989,1704 2029,1704 2070,1703 2110,1703 2151,1703 2192,1702 2232,1701 2273,1701 2313,1700 2354,1699 2394,1698 2435,1697 2475,1696 2516,1696 2557,1695"/>
                <TextEquiv>
                    <Unicode>einmal von Hamburg nach Wien gefahren</Unicode>
                </TextEquiv>
            </TextLine>
            <TextLine id="r1l24" custom="readingOrder {index:23;}">
                <Coords points="1738,1763 2492,1764 2574,1749 2574,1717 2499,1699 1738,1724"/>
                <Baseline points="1748,1756 1788,1756 1829,1756 1870,1755 1911,1755 1952,1754 1992,1754 2033,1753 2074,1752 2115,1751 2156,1750 2196,1749 2237,1749 2278,1748 2319,1747 2360,1747 2400,1746 2441,1746 2482,1746 2523,1746 2564,1747"/>
                <TextEquiv>
                    <Unicode>war, um neue Kräfte aus dem heimischen</Unicode>
                </TextEquiv>
            </TextLine>
            <TextLine id="r1l25" custom="readingOrder {index:24;}">
                <Coords points="1039,1781 1108,1788 1142,1776 1230,1787 1234,1705 1207,1697 1154,1732 1139,1719 1127,1726 1112,1716 1077,1732 1042,1728"/>
                <Baseline points="1050,1761 1078,1762 1107,1763 1135,1764 1164,1766 1192,1768 1221,1770"/>
                <TextEquiv>
                    <Unicode>SA</Unicode>
                </TextEquiv>
            </TextLine>
            <TextLine id="r1l26" custom="readingOrder {index:25;}">
                <Coords points="1746,1823 2348,1797 2523,1815 2576,1787 2575,1761 2440,1751 1745,1762"/>
                <Baseline points="1756,1800 1796,1802 1837,1803 1877,1803 1918,1803 1958,1803 1999,1802 2039,1802 2080,1801 2120,1800 2161,1799 2201,1798 2242,1796 2282,1796 2323,1795 2363,1795 2404,1795 2444,1796 2485,1797 2525,1798 2566,1800"/>
                <TextEquiv>
                    <Unicode>Boden hinauszuführen an die Stelle, wo</Unicode>
                </TextEquiv>
            </TextLine>
            <TextLine id="r1l27" custom="readingOrder {index:26;}">
                <Coords points="1743,1865 2483,1861 2583,1836 2583,1789 2514,1813 1743,1820"/>
                <Baseline points="1754,1850 1797,1851 1840,1851 1883,1852 1926,1852 1969,1852 2012,1851 2055,1851 2098,1850 2141,1850 2185,1848 2228,1848 2271,1847 2314,1846 2357,1845 2400,1845 2443,1844 2486,1844 2529,1844 2573,1844"/>
                <TextEquiv>
                    <Unicode>er vom Theoretiker zum Praktiker werden</Unicode>
                </TextEquiv>
            </TextLine>
            <TextLine id="r1l28" custom="readingOrder {index:27;}">
                <Coords points="1002,1919 1031,1917 1050,1896 1067,1895 1105,1909 1164,1901 1159,1823 1087,1831 1045,1845 1018,1863 1010,1855 998,1856"/>
                <Baseline points="1009,1881 1037,1883 1066,1881 1095,1878 1124,1875 1153,1877"/>
                <TextEquiv>
                    <Unicode>Gin</Unicode>
                </TextEquiv>
            </TextLine>
            <TextLine id="r1l29" custom="readingOrder {index:28;}">
                <Coords points="1740,1921 1950,1912 1989,1888 2032,1921 2079,1899 2568,1897 2567,1852 1739,1861"/>
                <Baseline points="1749,1901 1789,1902 1829,1902 1870,1902 1910,1902 1951,1902 1991,1902 2032,1901 2072,1901 2113,1900 2153,1899 2193,1898 2234,1897 2274,1897 2315,1896 2355,1895 2396,1894 2436,1893 2477,1893 2517,1892 2558,1892"/>
                <TextEquiv>
                    <Unicode>durfte und die ersehnte Wirklichkeit der</Unicode>
                </TextEquiv>
            </TextLine>
            <TextLine id="r1l30" custom="readingOrder {index:29;}">
                <Coords points="1212,1951 1236,1955 1263,1943 1279,1955 1312,1945 1354,1953 1403,1945 1415,1953 1430,1941 1462,1941 1462,1901 1438,1890 1401,1904 1381,1906 1365,1896 1336,1908 1310,1894 1257,1906 1242,1896 1212,1898"/>
                <Baseline points="1223,1941 1248,1940 1273,1940 1299,1940 1324,1940 1349,1940 1375,1940 1400,1940 1425,1940 1451,1939"/>
                <TextEquiv>
                    <Unicode>J. J. David.</Unicode>
                </TextEquiv>
            </TextLine>
            <TextLine id="r1l31" custom="readingOrder {index:30;}">
                <Coords points="1732,1952 2574,1952 2573,1889 1731,1921"/>
                <Baseline points="1742,1952 1783,1952 1824,1952 1865,1952 1906,1951 1947,1951 1988,1950 2029,1950 2070,1949 2111,1948 2152,1948 2193,1947 2234,1946 2275,1945 2316,1944 2357,1943 2398,1943 2439,1942 2480,1941 2521,1941 2563,1940"/>
                <TextEquiv>
                    <Unicode>Dinge für die bisherige Wissenschaft ein¬</Unicode>
                </TextEquiv>
            </TextLine>
            <TextLine id="r1l32" custom="readingOrder {index:31;}">
                <Coords points="1069,1988 1114,2003 1140,1989 1228,2000 1281,1982 1324,2005 1564,1973 1563,1940 1532,1930 1505,1952 1455,1937 1283,1954 1188,1933 1151,1946 1069,1935"/>
                <Baseline points="1079,1979 1105,1980 1131,1980 1158,1981 1184,1981 1210,1981 1237,1981 1263,1981 1289,1980 1316,1980 1342,1979 1368,1979 1395,1978 1421,1978 1447,1977 1474,1977 1500,1977 1526,1977 1553,1977"/>
                <TextEquiv>
                    <Unicode>(Aufnahme von J. Löwy=Wien.)</Unicode>
                </TextEquiv>
            </TextLine>
            <TextLine id="r1l33" custom="readingOrder {index:32;}">
                <Coords points="1731,2004 2290,2012 2577,1986 2576,1951 2464,1942 1799,1970 1730,1951"/>
                <Baseline points="1741,1999 1782,2000 1823,1999 1864,1999 1906,1999 1947,1999 1988,1998 2030,1998 2071,1998 2112,1997 2154,1996 2195,1996 2236,1995 2277,1994 2319,1993 2360,1992 2401,1991 2443,1991 2484,1990 2525,1989 2567,1988"/>
                <TextEquiv>
                    <Unicode>tauschte. Ganz nah von Berger saß Felix</Unicode>
                </TextEquiv>
            </TextLine>
            <TextLine id="r1l34" custom="readingOrder {index:33;}">
                <Coords points="1736,2054 1782,2073 2529,2054 2582,2028 2582,2000 1736,2010"/>
                <Baseline points="1746,2044 1787,2044 1828,2045 1870,2045 1911,2045 1952,2045 1994,2046 2035,2046 2076,2046 2118,2046 2159,2046 2200,2046 2242,2045 2283,2044 2324,2044 2366,2043 2407,2042 2448,2041 2490,2040 2531,2038 2573,2036"/>
                <TextEquiv>
                    <Unicode>Dörmann; er hat eine reizende Frau, sieht</Unicode>
                </TextEquiv>
            </TextLine>
            <TextLine id="r1l35" custom="readingOrder {index:34;}">
                <Coords points="1747,2109 2581,2090 2581,2065 2518,2046 1747,2062"/>
                <Baseline points="1758,2103 1798,2101 1839,2099 1879,2097 1920,2096 1961,2095 2001,2094 2042,2094 2083,2093 2123,2093 2164,2092 2205,2092 2245,2092 2286,2092 2327,2091 2367,2091 2408,2090 2449,2089 2489,2088 2530,2087 2571,2085"/>
                <TextEquiv>
                    <Unicode>gar nicht mehr dekadent aus, gar nicht mehr</Unicode>
                </TextEquiv>
            </TextLine>
            <TextLine id="r1l36" custom="readingOrder {index:35;}">
                <Coords points="898,2091 1106,2117 1700,2106 1734,2096 1733,2033 1496,2059 1339,2040 1298,2066 1182,2040 897,2058"/>
                <Baseline points="907,2097 947,2098 988,2098 1029,2098 1070,2097 1111,2097 1151,2097 1192,2097 1233,2097 1274,2096 1315,2096 1355,2096 1396,2095 1437,2095 1478,2094 1519,2094 1559,2093 1600,2093 1641,2093 1682,2092 1723,2092"/>
                <TextEquiv>
                    <Unicode>Bauer heißt er; er sieht sehr zierlich und</Unicode>
                </TextEquiv>
            </TextLine>
            <TextLine id="r1l37" custom="readingOrder {index:36;}">
                <Coords points="1754,2151 2549,2154 2584,2140 2584,2108 1754,2110"/>
                <Baseline points="1764,2146 1804,2145 1845,2145 1885,2144 1926,2143 1966,2143 2007,2142 2047,2141 2088,2140 2128,2140 2169,2139 2210,2138 2250,2138 2291,2137 2331,2137 2372,2136 2412,2136 2453,2136 2493,2136 2534,2136 2575,2137"/>
                <TextEquiv>
                    <Unicode>à la Wahnsinn frisiert, sondern sehr englisch</Unicode>
                </TextEquiv>
            </TextLine>
            <TextLine id="r1l38" custom="readingOrder {index:37;}">
                <Coords points="899,2147 1737,2154 1737,2109 1680,2098 1154,2122 899,2104"/>
                <Baseline points="909,2146 952,2147 995,2147 1038,2147 1081,2147 1124,2147 1167,2147 1210,2146 1253,2146 1296,2145 1340,2144 1383,2144 1426,2143 1469,2143 1512,2142 1555,2142 1598,2142 1641,2142 1684,2142 1728,2142"/>
                <TextEquiv>
                    <Unicode>elegant aus, trug eine Weste von fabelhafter</Unicode>
                </TextEquiv>
            </TextLine>
            <TextLine id="r1l39" custom="readingOrder {index:38;}">
                <Coords points="1750,2198 2529,2204 2582,2190 2582,2137 1750,2161"/>
                <Baseline points="1760,2196 1800,2196 1841,2196 1881,2195 1922,2195 1963,2195 2003,2194 2044,2194 2085,2193 2125,2192 2166,2192 2207,2191 2247,2191 2288,2190 2329,2189 2369,2189 2410,2188 2451,2188 2491,2188 2532,2188 2573,2188"/>
                <TextEquiv>
                    <Unicode>und sehr korrekt. Er soll letzter Zeit fleißig</Unicode>
                </TextEquiv>
            </TextLine>
            <TextLine id="r1l40" custom="readingOrder {index:39;}">
                <Coords points="906,2196 1735,2196 1734,2155 1703,2149 906,2165"/>
                <Baseline points="917,2195 957,2195 997,2195 1038,2195 1078,2195 1118,2195 1159,2194 1199,2194 1239,2194 1280,2194 1320,2194 1360,2194 1401,2193 1441,2193 1481,2193 1522,2193 1562,2193 1602,2192 1643,2192 1683,2192 1724,2192"/>
                <TextEquiv>
                    <Unicode>Schönheit, seine Kritik über den heutigen Abend</Unicode>
                </TextEquiv>
            </TextLine>
            <TextLine id="r1l41" custom="readingOrder {index:40;}">
                <Coords points="1743,2267 2094,2272 2150,2234 2435,2265 2582,2251 2582,2188 1742,2214"/>
                <Baseline points="1753,2247 1794,2247 1835,2246 1876,2246 1917,2245 1958,2244 1999,2243 2040,2243 2081,2242 2122,2241 2163,2240 2204,2239 2245,2239 2286,2238 2327,2238 2368,2237 2409,2237 2450,2237 2491,2237 2532,2237 2573,2237"/>
                <TextEquiv>
                    <Unicode>geworden sein, das Bummeln aufgegeben</Unicode>
                </TextEquiv>
            </TextLine>
            <TextLine id="r1l42" custom="readingOrder {index:41;}">
                <Coords points="898,2255 1705,2254 1732,2248 1732,2203 898,2216"/>
                <Baseline points="907,2248 947,2246 988,2245 1029,2244 1070,2244 1111,2243 1151,2243 1192,2243 1233,2243 1274,2243 1315,2243 1355,2243 1396,2243 1437,2243 1478,2243 1519,2243 1559,2243 1600,2243 1641,2242 1682,2242 1723,2241"/>
                <TextEquiv>
                    <Unicode>schicke ich Dir mit, sie wird Dich sicher ebenso</Unicode>
                </TextEquiv>
            </TextLine>
            <TextLine id="r1l43" custom="readingOrder {index:42;}">
                <Coords points="909,2296 1743,2305 1743,2256 1615,2243 909,2263"/>
                <Baseline points="919,2295 959,2294 1000,2294 1041,2293 1081,2293 1122,2292 1163,2292 1203,2291 1244,2291 1285,2290 1326,2290 1366,2289 1407,2289 1448,2289 1488,2288 1529,2288 1570,2288 1610,2288 1651,2288 1692,2289 1733,2289"/>
                <TextEquiv>
                    <Unicode>amüsieren wie mich — nächstens mache ich ihm</Unicode>
                </TextEquiv>
            </TextLine>
            <TextLine id="r1l44" custom="readingOrder {index:43;}">
                <Coords points="908,2349 1743,2355 1742,2304 1693,2295 1042,2301 908,2329"/>
                <Baseline points="919,2345 959,2344 1000,2344 1040,2343 1081,2342 1122,2342 1162,2341 1203,2341 1244,2340 1284,2340 1325,2340 1366,2339 1406,2339 1447,2339 1488,2339 1528,2339 1569,2339 1610,2339 1650,2339 1691,2340 1732,2340"/>
                <TextEquiv>
                    <Unicode>einen Besuch. Vetter Franz hat mir den An¬</Unicode>
                </TextEquiv>
            </TextLine>
            <TextLine id="r1l45" custom="readingOrder {index:44;}">
                <Coords points="911,2412 1629,2405 1746,2384 1746,2356 910,2359"/>
                <Baseline points="920,2394 960,2394 1001,2393 1042,2393 1083,2392 1124,2392 1164,2392 1205,2392 1246,2391 1287,2391 1328,2391 1368,2391 1409,2390 1450,2390 1491,2389 1532,2389 1572,2388 1613,2387 1654,2386 1695,2385 1736,2384"/>
                <TextEquiv>
                    <Unicode>fang einer Ballade gesagt, in der Adele Sand¬</Unicode>
                </TextEquiv>
            </TextLine>
            <TextLine id="r1l46" custom="readingOrder {index:45;}">
                <Coords points="906,2445 1564,2454 1752,2432 1693,2393 906,2412"/>
                <Baseline points="916,2445 957,2444 998,2444 1039,2443 1081,2443 1122,2443 1163,2442 1205,2442 1246,2441 1287,2441 1329,2440 1370,2440 1411,2439 1452,2439 1494,2438 1535,2438 1576,2437 1618,2437 1659,2437 1700,2436 1742,2436"/>
                <TextEquiv>
                    <Unicode>rock und Charlotte Wolter vorkommen, Ju¬</Unicode>
                </TextEquiv>
            </TextLine>
            <TextLine id="r1l47" custom="readingOrder {index:46;}">
                <Coords points="900,2508 1675,2503 1750,2480 1749,2449 1702,2442 899,2447"/>
                <Baseline points="910,2493 951,2493 993,2493 1034,2493 1076,2493 1117,2493 1159,2492 1200,2492 1242,2491 1283,2490 1325,2489 1366,2489 1408,2488 1449,2487 1491,2486 1532,2486 1574,2485 1615,2485 1657,2484 1698,2484 1740,2484"/>
                <TextEquiv>
                    <Unicode>lius Bauer muß mir die Fortsetzung sagen.</Unicode>
                </TextEquiv>
            </TextLine>
            <TextLine id="r1l48" custom="readingOrder {index:47;}">
                <Coords points="905,2554 1624,2537 1665,2560 1755,2524 1735,2485 1570,2512 1334,2490 905,2511"/>
                <Baseline points="916,2544 957,2543 999,2542 1040,2540 1082,2540 1123,2539 1165,2538 1206,2538 1248,2538 1289,2537 1331,2537 1372,2537 1414,2537 1455,2536 1497,2536 1538,2535 1580,2535 1621,2534 1663,2533 1704,2532 1746,2530"/>
                <TextEquiv>
                    <Unicode>Man bekommt nämlich seine Verse nirgends</Unicode>
                </TextEquiv>
            </TextLine>
            <TextLine id="r1l49" custom="readingOrder {index:48;}">
                <Coords points="905,2604 1686,2603 1753,2576 1752,2535 905,2557"/>
                <Baseline points="915,2595 956,2593 997,2592 1039,2591 1080,2590 1122,2589 1163,2588 1205,2588 1246,2587 1288,2587 1329,2587 1370,2587 1412,2587 1453,2586 1495,2586 1536,2586 1578,2585 1619,2585 1661,2584 1702,2583 1744,2582"/>
                <TextEquiv>
                    <Unicode>zu kaufen; er hat sie gerade so wenig ge¬</Unicode>
                </TextEquiv>
            </TextLine>
            <TextLine id="r1l50" custom="readingOrder {index:49;}">
                <Coords points="917,2642 1759,2626 1712,2591 917,2595"/>
                <Baseline points="928,2642 969,2641 1010,2640 1051,2639 1092,2638 1133,2638 1174,2638 1215,2638 1256,2638 1297,2638 1339,2638 1380,2637 1421,2637 1462,2637 1503,2637 1544,2636 1585,2635 1626,2634 1667,2633 1708,2632 1750,2629"/>
                <TextEquiv>
                    <Unicode>sammelt wie Speidel seine Feuilletons.</Unicode>
                </TextEquiv>
            </TextLine>
            <TextLine id="r1l51" custom="readingOrder {index:50;}">
                <Coords points="917,2694 1716,2694 1765,2681 1765,2628 917,2658"/>
                <Baseline points="927,2687 968,2688 1009,2688 1051,2687 1092,2687 1134,2687 1175,2686 1216,2686 1258,2685 1299,2684 1341,2684 1382,2683 1423,2683 1465,2682 1506,2682 1548,2682 1589,2681 1630,2681 1672,2681 1713,2682 1755,2682"/>
                <TextEquiv>
                    <Unicode>Speidel, der berühmteste Kritiker Wiens, saß</Unicode>
                </TextEquiv>
            </TextLine>
            <TextLine id="r1l52" custom="readingOrder {index:51;}">
                <Coords points="905,2747 1678,2733 1727,2756 1758,2708 1518,2682 1071,2712 1039,2690 904,2718"/>
                <Baseline points="915,2739 956,2739 998,2739 1040,2738 1081,2738 1123,2737 1165,2737 1206,2736 1248,2735 1290,2734 1332,2734 1373,2733 1415,2732 1457,2731 1498,2731 1540,2730 1582,2730 1623,2730 1665,2730 1707,2730 1749,2731"/>
                <TextEquiv>
                    <Unicode>auch da. Wie ein grauer Löwe sieht er aus.</Unicode>
                </TextEquiv>
            </TextLine>
            <TextLine id="r1l53" custom="readingOrder {index:52;}">
                <Coords points="917,2789 1253,2807 1319,2779 1347,2800 1761,2784 1680,2734 917,2746"/>
                <Baseline points="927,2785 968,2786 1009,2786 1050,2786 1091,2785 1133,2785 1174,2785 1215,2784 1256,2783 1297,2783 1339,2782 1380,2781 1421,2781 1462,2780 1503,2780 1545,2779 1586,2779 1627,2779 1668,2779 1709,2779 1751,2780"/>
                <TextEquiv>
                    <Unicode>Aber er kann sich gar nicht mehr entschließen,</Unicode>
                </TextEquiv>
            </TextLine>
            <TextLine id="r1l54" custom="readingOrder {index:53;}">
                <Coords points="921,2839 1704,2846 1765,2827 1765,2784 921,2798"/>
                <Baseline points="931,2837 972,2836 1013,2835 1054,2835 1095,2834 1137,2834 1178,2834 1219,2833 1260,2833 1301,2833 1343,2833 1384,2832 1425,2832 1466,2832 1507,2831 1549,2831 1590,2831 1631,2830 1672,2829 1713,2828 1755,2827"/>
                <TextEquiv>
                    <Unicode>zu schreiben. Er soll sich früher auch nur</Unicode>
                </TextEquiv>
            </TextLine>
            <TextLine id="r1l55" custom="readingOrder {index:54;}">
                <Coords points="917,2895 1755,2878 1754,2844 1672,2833 916,2850"/>
                <Baseline points="927,2885 967,2885 1008,2885 1049,2885 1090,2885 1131,2885 1172,2884 1212,2884 1253,2883 1294,2883 1335,2882 1376,2881 1417,2881 1458,2880 1498,2880 1539,2879 1580,2879 1621,2878 1662,2878 1703,2878 1744,2879"/>
                <TextEquiv>
                    <Unicode>sehr schwer und nur auf vieles Bitten seiner</Unicode>
                </TextEquiv>
            </TextLine>
            <TextLine id="r1l56" custom="readingOrder {index:55;}">
                <Coords points="922,2949 1524,2924 1746,2941 1762,2905 1679,2881 921,2900"/>
                <Baseline points="931,2935 972,2934 1013,2934 1054,2933 1095,2932 1136,2932 1177,2931 1218,2931 1259,2930 1300,2930 1341,2929 1382,2929 1423,2928 1464,2928 1505,2928 1546,2927 1587,2927 1628,2926 1669,2926 1710,2925 1751,2925"/>
                <TextEquiv>
                    <Unicode>Frau und seines Chefredakteurs entschlossen</Unicode>
                </TextEquiv>
            </TextLine>
            <TextLine id="r1l57" custom="readingOrder {index:56;}">
                <Coords points="916,2987 1358,2999 1515,2970 1680,2991 1758,2978 1758,2941 916,2950"/>
                <Baseline points="925,2980 966,2980 1007,2980 1048,2980 1089,2980 1130,2980 1171,2979 1213,2979 1254,2979 1295,2978 1336,2978 1377,2977 1418,2977 1459,2977 1501,2976 1542,2976 1583,2975 1624,2975 1665,2975 1706,2974 1748,2974"/>
                <TextEquiv>
                    <Unicode>haben, aber jetzt soll gar nichts mehr helfen.</Unicode>
                </TextEquiv>
            </TextLine>
            <TextLine id="r1l58" custom="readingOrder {index:57;}">
                <Coords points="910,3029 1306,3049 1496,3018 1642,3046 1760,3026 1759,2987 1621,2973 1369,2999 909,2992"/>
                <Baseline points="919,3030 960,3031 1002,3031 1043,3032 1085,3032 1126,3032 1168,3032 1209,3032 1251,3031 1292,3031 1334,3030 1376,3029 1417,3028 1459,3027 1500,3026 1542,3025 1583,3024 1625,3023 1666,3022 1708,3021 1750,3020"/>
                <TextEquiv>
                    <Unicode>Der letzte Satz, den er für die Offent¬</Unicode>
                </TextEquiv>
            </TextLine>
            <TextLine id="r1l59" custom="readingOrder {index:58;}">
                <Coords points="923,3078 992,3099 1471,3068 1756,3086 1755,3022 923,3047"/>
                <Baseline points="933,3081 973,3081 1014,3081 1054,3081 1095,3081 1136,3080 1176,3080 1217,3079 1258,3078 1298,3078 1339,3077 1380,3076 1420,3075 1461,3074 1502,3073 1542,3072 1583,3072 1624,3071 1664,3071 1705,3071 1746,3070"/>
                <TextEquiv>
                    <Unicode>lichkeit geprägt hat, stammt von dem Fest</Unicode>
                </TextEquiv>
            </TextLine>
            <TextLine id="r1l60" custom="readingOrder {index:59;}">
                <Coords points="923,3135 1686,3137 1768,3122 1768,3096 922,3089"/>
                <Baseline points="932,3131 973,3130 1014,3129 1055,3128 1097,3127 1138,3126 1179,3126 1221,3125 1262,3125 1303,3124 1345,3124 1386,3124 1427,3123 1468,3123 1510,3122 1551,3122 1592,3122 1634,3121 1675,3120 1716,3120 1758,3119"/>
                <TextEquiv>
                    <Unicode>seines 70. Geburtstages, wo er auf eine</Unicode>
                </TextEquiv>
            </TextLine>
            <TextLine id="r1l61" custom="readingOrder {index:60;}">
                <Coords points="923,3188 1677,3188 1751,3171 1751,3128 923,3133"/>
                <Baseline points="932,3177 972,3178 1013,3178 1053,3178 1094,3178 1134,3177 1175,3177 1215,3177 1256,3176 1296,3175 1337,3175 1377,3174 1418,3173 1458,3172 1499,3172 1539,3171 1580,3170 1620,3170 1661,3169 1701,3169 1742,3168"/>
                <TextEquiv>
                    <Unicode>lange Rede mit den knappen Worten er¬</Unicode>
                </TextEquiv>
            </TextLine>
            <TextLine id="r1l62" custom="readingOrder {index:61;}">
                <Coords points="920,3232 1760,3234 1759,3185 1728,3176 919,3183"/>
                <Baseline points="929,3225 970,3225 1011,3226 1052,3226 1093,3226 1134,3225 1175,3225 1216,3225 1257,3225 1298,3224 1339,3224 1380,3223 1421,3223 1462,3222 1503,3221 1544,3221 1585,3220 1626,3219 1667,3218 1708,3217 1750,3217"/>
                <TextEquiv>
                    <Unicode>widerte: „Meine Herrn, Sie haben mich</Unicode>
                </TextEquiv>
            </TextLine>
            <TextLine id="r1l63" custom="readingOrder {index:62;}">
                <Coords points="911,3265 992,3293 1078,3270 1111,3291 1704,3285 1764,3268 1764,3235 910,3247"/>
                <Baseline points="921,3279 962,3278 1004,3277 1046,3276 1087,3276 1129,3275 1171,3275 1212,3275 1254,3274 1296,3274 1338,3274 1379,3274 1421,3273 1463,3273 1504,3272 1546,3271 1588,3270 1629,3269 1671,3267 1713,3265 1755,3263"/>
                <TextEquiv>
                    <Unicode>gefeiert und mir mehr gesagt, als ich ver¬</Unicode>
                </TextEquiv>
            </TextLine>
            <TextLine id="r1l64" custom="readingOrder {index:63;}">
                <Coords points="918,3331 1698,3337 1764,3325 1764,3278 918,3282"/>
                <Baseline points="929,3323 970,3323 1011,3324 1052,3324 1094,3325 1135,3325 1176,3325 1218,3324 1259,3324 1300,3324 1342,3323 1383,3322 1424,3322 1465,3321 1507,3320 1548,3320 1589,3319 1631,3318 1672,3318 1713,3317 1755,3316"/>
                <TextEquiv>
                    <Unicode>diene; ich habe ja nur Feuilletons geschrieben,</Unicode>
                </TextEquiv>
            </TextLine>
            <TextLine id="r1l65" custom="readingOrder {index:64;}">
                <Coords points="2413,3391 2423,3392 2427,3388 2433,3389 2436,3393 2444,3393 2452,3398 2456,3394 2468,3395 2472,3326 2462,3326 2457,3321 2440,3328 2437,3324 2433,3326 2429,3322 2417,3321"/>
                <Baseline points="2425,3361 2460,3363"/>
                <TextEquiv>
                    <Unicode></Unicode>
                </TextEquiv>
            </TextLine>
            <TextLine id="r1l66" custom="readingOrder {index:65;}">
                <Coords points="926,3376 1758,3380 1757,3333 1653,3323 925,3341"/>
                <Baseline points="936,3372 976,3372 1017,3372 1057,3372 1098,3372 1138,3372 1179,3371 1219,3371 1260,3371 1300,3370 1341,3370 1382,3369 1422,3369 1463,3368 1503,3367 1544,3366 1584,3366 1625,3365 1665,3364 1706,3364 1747,3363"/>
                <TextEquiv>
                    <Unicode>und ein Feuilleton ist die Unsterblichkeit eines</Unicode>
                </TextEquiv>
            </TextLine>
            <TextLine id="r1l67" custom="readingOrder {index:66;}">
                <Coords points="920,3424 1672,3432 1758,3418 1758,3380 920,3384"/>
                <Baseline points="929,3418 970,3418 1011,3418 1052,3418 1093,3418 1134,3418 1175,3418 1216,3418 1257,3417 1298,3417 1339,3416 1380,3416 1421,3415 1462,3414 1503,3413 1544,3413 1585,3412 1626,3411 1667,3410 1708,3410 1749,3409"/>
                <TextEquiv>
                    <Unicode>Tages.“ Jetzt hat er die Unsterblichkeit dieser</Unicode>
                </TextEquiv>
            </TextLine>
            <TextLine id="r1l68" custom="readingOrder {index:67;}">
                <Coords points="1915,3477 1929,3476 1938,3486 1954,3482 1982,3483 1987,3489 2005,3495 2019,3493 2020,3440 1990,3443 1965,3419 1945,3425 1916,3419"/>
                <Baseline points="1925,3456 1953,3463 1981,3463 2009,3458"/>
                <TextEquiv>
                    <Unicode>S</Unicode>
                </TextEquiv>
            </TextLine>
            <TextLine id="r1l69" custom="readingOrder {index:68;}">
                <Coords points="913,3483 1710,3484 1761,3464 1761,3412 913,3428"/>
                <Baseline points="923,3465 964,3466 1005,3466 1047,3467 1088,3467 1130,3467 1171,3467 1212,3467 1254,3467 1295,3466 1337,3466 1378,3466 1419,3465 1461,3465 1502,3464 1544,3464 1585,3464 1626,3463 1668,3463 1709,3463 1751,3463"/>
                <TextEquiv>
                    <Unicode>Art an seinen alten Freund Wittmann und</Unicode>
                </TextEquiv>
            </TextLine>
            <TextLine id="r1l70" custom="readingOrder {index:69;}">
                <Coords points="918,3519 1409,3550 1481,3518 1599,3548 1768,3516 1768,3483 918,3486"/>
                <Baseline points="929,3514 970,3516 1011,3517 1053,3518 1094,3518 1136,3518 1177,3518 1219,3517 1260,3516 1302,3516 1343,3515 1384,3514 1426,3514 1467,3513 1509,3513 1550,3513 1592,3513 1633,3513 1675,3513 1716,3514 1758,3516"/>
                <TextEquiv>
                    <Unicode>an Theodor Herzl abgetreten. Wittmann</Unicode>
                </TextEquiv>
            </TextLine>
            <TextLine id="r1l71" custom="readingOrder {index:70;}">
                <Coords points="1994,3553 2116,3523 2192,3543 2212,3533 2328,3541 2328,3479 2293,3490 2214,3470 2149,3489 2104,3473 2085,3487 2030,3473 1994,3483"/>
                <Baseline points="2005,3522 2031,3522 2057,3522 2083,3523 2109,3523 2135,3523 2162,3523 2188,3523 2214,3524 2240,3524 2266,3524 2292,3523 2319,3523"/>
                <TextEquiv>
                    <Unicode>Julius Bauer.</Unicode>
                </TextEquiv>
            </TextLine>
            <TextEquiv>
                <Unicode>box 20/6
14: Der Schleier der Bestrice
Burgtheater=Première.
40
ist weiß, Herzl ist schwarz. Wittmann von
erlesener Güte und Liebenswürdigkeit mit er¬

freudiger Betonung des unverwüstlichen,
alten Adams — Herzl mehr elegischer
Spöttler, sentimentalischer Weltmann, übri¬
gens ein schöner Mensch, dem man eigentlich
einen grünen Turban aufsetzen, einen weißen
Burnus umhängen sollte, um ihn dann auf
einem feurigen Araberroß als Propheten

auszusenden, daß er die Völker des Ostens
unter seiner Fehne vereine. Ich glaube
aber, er würde vorziehen, sich wieder in
Paris anzusiedeln und boulevardier zu
spielen, statt dieser mühsamen und undank¬
baren Aufgabe nachzugehen. Herzl plauderte
viel mit Alfred von Berger der wieder
einmal von Hamburg nach Wien gefahren
war, um neue Kräfte aus dem heimischen
SA
Boden hinauszuführen an die Stelle, wo
er vom Theoretiker zum Praktiker werden
Gin
durfte und die ersehnte Wirklichkeit der
J. J. David.
Dinge für die bisherige Wissenschaft ein¬
(Aufnahme von J. Löwy=Wien.)
tauschte. Ganz nah von Berger saß Felix
Dörmann; er hat eine reizende Frau, sieht
gar nicht mehr dekadent aus, gar nicht mehr
Bauer heißt er; er sieht sehr zierlich und
à la Wahnsinn frisiert, sondern sehr englisch
elegant aus, trug eine Weste von fabelhafter
und sehr korrekt. Er soll letzter Zeit fleißig
Schönheit, seine Kritik über den heutigen Abend
geworden sein, das Bummeln aufgegeben
schicke ich Dir mit, sie wird Dich sicher ebenso
amüsieren wie mich — nächstens mache ich ihm
einen Besuch. Vetter Franz hat mir den An¬
fang einer Ballade gesagt, in der Adele Sand¬
rock und Charlotte Wolter vorkommen, Ju¬
lius Bauer muß mir die Fortsetzung sagen.
Man bekommt nämlich seine Verse nirgends
zu kaufen; er hat sie gerade so wenig ge¬
sammelt wie Speidel seine Feuilletons.
Speidel, der berühmteste Kritiker Wiens, saß
auch da. Wie ein grauer Löwe sieht er aus.
Aber er kann sich gar nicht mehr entschließen,
zu schreiben. Er soll sich früher auch nur
sehr schwer und nur auf vieles Bitten seiner
Frau und seines Chefredakteurs entschlossen
haben, aber jetzt soll gar nichts mehr helfen.
Der letzte Satz, den er für die Offent¬
lichkeit geprägt hat, stammt von dem Fest
seines 70. Geburtstages, wo er auf eine
lange Rede mit den knappen Worten er¬
widerte: „Meine Herrn, Sie haben mich
gefeiert und mir mehr gesagt, als ich ver¬
diene; ich habe ja nur Feuilletons geschrieben,

und ein Feuilleton ist die Unsterblichkeit eines
Tages.“ Jetzt hat er die Unsterblichkeit dieser
S
Art an seinen alten Freund Wittmann und
an Theodor Herzl abgetreten. Wittmann
Julius Bauer.</Unicode>
            </TextEquiv>
        </TextRegion>
    </Page>
</PcGts>
