3436 4320
1935 216 2390 324 box 20/4
285 218 1806 337 14: Der Schleier der Beatrice
1377 1445 3355 1530 seiben Darsteller, nur daß sie bald Mitglieder dieser, Der Hauptmangel oder wenigstens der, der
1402 1506 3362 1591 bald Mitglieder jener Bühne sind. Wer nicht von Theaterpublikum zuerst empfindet, ist das F#
540 1394 1209 1619 „Feuilleton.
1402 1549 2431 1618 der Megalomania berolinensls angesteckt ist,
2425 1559 3357 1633 eines einheitlichen Mittel= und Kristallisat
365 1563 590 1661 1
1405 1602 3368 1680 wünscht unserem Theaterleben dringend eine Auf= punktes, um den sich der Stoff ordnete und au
1411 1652 2068 1719 frischung durch die Provinz!.
2416 1647 3370 1742 sich unsere Aufmerksamkeit sammelte. Das D
491 1644 1315 1745 Der Schleier der Beatrice.
1466 1675 2428 1759 Irene Triesch also ward ihrer Aufgabe in vollen¬
2422 1708 3361 1781 hat drei Mittelpunkte, Das heißt: es hat keinen
519 1717 1246 1804 Von Arthur Schnitzler.
1394 1739 2437 1817 deter Weise gerecht. Sie schafft von innen heraus,
2426 1752 3362 1820 scheint der Dichter Filippo Loschi ausersehen
448 1759 1417 1857 * Berlin, 7. März. Heute Abend wurde Arthur
1398 1782 2438 1860 D. h. ihre Phantasie ist so stark, sie mitten in's
2428 1797 3360 1861 Stück zu tragen; dann sehen wir in Beatriee
365 1820 1420 1903 Schnitzler's Renaissance=Drama „Der Schleier der
1408 1842 3364 1921 Herz der darzustellenden Gestalt zu versetzen. Sie Heldin, und schließlich spricht der erst in der zu
352 1884 1418 1955 Beatrice“, um dessentwillen der Dichter sich vor zwei
1402 1885 3309 1958 list, was sie darstellt, sie lebt ihre Gestalten, und Hälfte auftretende Herzog von Bologna,
341 1906 2435 2011 Jahren mit dem Burgtheater entzweit hat, zum daher sind diese stets Ganzheiten, Schöpfungen aus
2421 1941 3353 2014 voglio, das letzte und entscheidende Wort, un
371 1980 2442 2067 ersten Male im Deutschen Theater ani¬ Einem Guß, an denen kein Ton einen falschen
2432 1997 3367 2047 spricht es an der Bahre Filippo's und Beate
363 2016 1704 2090 geführt. Es war beinahe die Uraufführung des Klang hat...
2398 2042 3360 2127 Drei Typen will Schnitzler in diesen Renais
355 2065 1425 2139 Dramas, das bisher nur in Breslau auf die Bühne
1454 2092 3358 2162 Der äußere Verlauf der Schnitzter Première war Menschen darstellen, die aber nicht Renaissance¬
358 2114 2433 2183 gelangt:. Der Erfolg war für die weiter genau so unsinnig wie der aller Premièren des
2423 2120 3358 2203 dernganz moderne Tyven sind. In Filippo
354 2170 2433 2243 Bühnenlaufbahn des Stückes nicht ermuthigend. Deutschen Theaters, das ein Partei=Theater ist wie
2420 2182 3355 2243 zeähnet er den Dichter, der sein Leben mit w
354 2231 3341 2289 Freilich fehlen dem „Deutschen Theater“ fast gänz kein zweites in Berlin und wohl in ganz Deutsch= Augen träumt, unfähig, die Wirklichkeit zu
353 2257 3356 2324 lich die Kräfte, um ein Renaissance=Drama aufzu land. Gleich nach dem ersten Akte, ehe sich noch eine wie sie ist, und hiflos, wo es sich um Thaten!
356 2312 3367 2397 führen. Die Dorstelter dieser Bühne sind weder ge Hand zum Beifall gerührt hatte, begann das Zischen. Entschlüsse handelt. Mit Einem Worte: ein
355 2354 3357 2455 wohnt, Verse zu sprechen, noch sich im Kostüm zu be. So etwas ist unbedingt widersinnig. Ein Urtheil, mungsmensch. Und solchen Menschen zwingt
347 2409 3358 2473 wegen, und im „Deutschen Theater“, so meinte kürz wie es in diesem Zischen sich ausdrückte, kann man Nothwendigkeit klarer Entschlüsse in schwerer
362 2454 3357 2555 lich einer unserer witzigsten Dichter, fängt das nach dem ersten Akte eines fünfaktigen Dramas un oft Handlungen ab, die von dem Moralgesetz
366 2489 1405 2566 Kostüm“ schon beim schwarzen Gehrock an. Außer¬
1386 2517 3342 2573 #nöglich haben. Es ist eben auch kein ästhetisches Schurkereien gelten, und die Erkenntniß ihres
364 2531 1396 2621 dein ist die Bühne des „Deutschen Theaters“ klein
1390 2565 3357 2637 Urtheil, sondern eine Parteimeinung. Und wenn delns verekelt ihnen das Leben. Sie sterben,
355 2600 1406 2685 und nicht im Stande, den unentbehrlichen Reich¬
1390 2614 3354 2690 dann im weiteren Verlaufe des Abends nach jedem ihr Geist, nicht gefügt für die harten Stöße
354 2641 970 2720 thum der Szenerie zu bieten.
1377 2649 3356 2724 Akte Beifall und Zischen heftig mit einander Wirklichkeit, geht aus den Fugen. Filippo ##
414 2697 3357 2746 Kurz, für eine guasi Ur=Aufführung dieses Dra= kämpften, so war der Charakter dieses Kampfes von den die Leidenschaft zu der jungen Beatrice 9
347 2715 3353 2828 mar wäre das „Denische Theater“ die ungeeignetste vornherein durch die Aufnahme des ersten Aktes ge= zum Treubruch an seiner Verlobten, der G
357 2787 3345 2830 Stütte, besäße dieses nicht in Irene Triesch eins geben. Das Zischen ist ebenso wenig wie der stür= Teresina Fantuzzi, gebracht hat und der
357 2828 3356 2880 Künstlerin, die für die Rolle der Beatrice wie ge= mische Beifall der zutreffende Ausdruck für die wenigen Tagen des Rausches erkennt, daß in
351 2880 3257 2932 schaffen erscheint. Drene Triesch ist gegenwärtig die Empfindung, die uns das Drama einflößt. Zweifel-schönen Beatrice keine Seele schlummert —
357 2935 3356 2980 genialste Schauspielerin, die ich kenne, — ich will los fließt in dem Werke das Herzblut Schnitzler's, Loschi treibt diese Erkenntniß in den Tod. Bec
349 2977 3359 3021 nicht sagen, die die deutsche Bühne besitzt, denn wir und einen Mann, der uns in sein Innerstes blicken ist das Weib als Triebwesen, jenseits von Gut
340 3021 3357 3120 in Perlin haben ja von Dem, was außerhalb läßt, zischt man nicht aus. Man kann seine Miß= Böse stehend, ein Kind voll Egoismus, Grausan
348 3070 3358 3175 unserer Mauern an Talent vorhanden ist, so gut wie billigung über Das, was man da erschaut, wohl auch Zärtlichkeit, Furcht und Lebensdrang, ein Wesen
350 3111 2004 3232 keine Ahnung und sehen seit Jahren immer die auf andere Weise ausdrücken,
2379 3156 3348 3242 dessen Beurtheilung wir den Schlüssel nicht fin
