3484 4320
314 166 2446 263 14. Der Schleier der Beatrice box 20/4
1551 959 2490 1041 Erfolg mühte, kann nicht im Handumdrehen
1560 1032 2499 1133 die getragene Sprache der grossen Tragödie
1560 1105 1827 1188 erzwingen.
1641 1133 2497 1238 Das musste auch Arthur Schnitzler zu
1556 1203 2497 1286 seinem Schmerz erfahren. Der Sprung des
1560 1277 2509 1349 „Deutschen Theaters“ von der schlesischen
1568 1343 2509 1407 Prosa zum Jambus war ein Salto mortale.
1559 1387 2498 1470 Nicht zum Mindesten an der Unzulänglich¬
1566 1454 2507 1543 keit der Darsteller, Rudolf Rittner an der
1567 1514 2498 1583 Spitze, zerriss der „Schleier der Beatrice“.
1574 1569 2502 1642 Das Deutsche Theater purzelte, da es über
1575 1632 2508 1698 seinen eigenen Schatten springen wollte.
1569 1680 2510 1778 Und wäre „Monna Vanna“ nicht die Dichtung
1144 1732 1504 1826 Arthur Schnitzler.
1558 1748 2508 1828 des Genies — sie hätte sich nicht länger
1024 1811 2502 1898 gehalten, als das zarte Bolognesische Gewebe von Schnitzlers Gnaden.
1119 1873 2505 1946 Als guter Koch und erfahrener Wirth servirte der Hausvater des
1038 1938 2518 2001 alten Baues in der Schumannstrasse zwischen den beiden lyrischen
1039 1989 2511 2055 Gängen etwas Pikantes, Gaumenreizendes, Max Dreyers „Thal des
1032 2049 2513 2123 Lebens“. Grosspapa Censor, der zäher ist als der schwächliche
1043 2090 2514 2181 Goethe-Bund, in dem so wunderhübsche Reden gehalten werden,
1045 2153 2515 2233 hatte das Stück zwar auf den Index gesetzt — that aber nichts. Denn
1040 2215 2516 2287 wozu sind denn die Freitag-Nachmittage da! Und so amüsirte sich
1037 2276 2516 2360 männiglich über einen Schwank, der saftiger ist als „Lutti“ plus
1043 2342 2519 2431 „Dame von Maxime“ zur dritten Potenz erhoben. Es war charmant,
1038 2385 2521 2473 und ich bekenne es offen und frei: ich habe mich samos amüsirt.
1047 2445 2517 2529 Vielleicht, dass Herr Lautenburg? Die Moral in der Blumenstrasse
1042 2510 2520 2595 hält Grosspapa Censor vielleicht für gefesteter, denn sothane in
1045 2583 1541 2681 der Schumannstrasse.
1133 2603 2500 2712 Max Dreyer, der von der Kritik ob seines „Thals des Lebens“
1047 2698 2520 2771 weidlich zerzaust wurde, hat bei den literarischen Mannen die Schlacht
1053 2758 2516 2836 verloren. Aber nicht gilt für ihn der Ausspruch des Marquis
1065 2838 2519 2902 Wielopolski: „Un capitaine qui a perdu sa campagne, n’a pas le
1058 2875 2515 2958 droit de transmettre ses traits à la postérité; dieses Wort, das für die
1062 2935 2518 3023 Literatur in noch weiter gehendem Sinne gilt, als für das Staats- und
1053 2992 2505 3080 Völkerleben. Max Dreyer mag nicht verzagen, sein sehr sympathi¬
1058 3066 2520 3161 sches Talent wird ihn noch zu manchem Siege führen, die Literatur¬
1059 3127 2189 3201 geschichte wird seine Züge der Nachwelt überliefern.
1151 3154 2513 3259 In diesem Monat war ich bei Paul Lindau zu Gast, wohlver¬
1058 3238 2525 3313 standen, ich sass im Parkett seines Theaters. Harry Walden
1051 3290 2511 3376 karlheinzte zum 300. Male. Dieser Walden muss ein geistiger Kraft¬
1051 3344 2529 3441 mensch sein, dass er darüber noch nicht verrückt geworden ist.
1046 3398 2545 3527 Zwischendurch hat der Prinzenspezialist Walden auch einen Marx
