3484 4224
156 227 1104 331 15. S W  sesee eeeteseeeesee ge de e ee eden
485 556 678 648 Nr. 8
468 657 1270 735 Emil: Ja, nur ein Wort, nur einen Blick.
419 712 1280 764 Diesen zum Beispiel. — Warum gestehen Sie
415 758 1277 815 mir 's denn nicht ein, gnädige Frau? Sie sind
409 808 1275 859 es, Sie waren es, die in einer Nacht wie heute
422 848 1280 905 mit ihrem Geliebten durch den Schnee fuhr, während
411 890 1279 940 zu Hause die Leute tanzten und Karten spielten.
423 931 1282 975 Und während Sie die Geschichte erzählt haben,
420 975 1278 1037 glühten Ihre Augen in der Erinnerung an jene
414 1024 551 1080 Nacht.
471 1050 1278 1127 Agathe: Sie irren sich ganz gewiß. Im
424 1105 1282 1171 übrigen ist das ganz gleichgiltig, — ob eigene
414 1146 1109 1219 oder fremde Vergangenheit, es ist fern.
482 1203 1125 1253 Bmil: Aber es kann wiederkommen.
483 1244 1278 1305 Agathe: Was fällt Ihnen ein. Nichts kommt
428 1288 616 1342 wieder. —
471 1326 1282 1389 Emil: Aber Neues kommt. Wie sagten Sie,
419 1375 1271 1423 gnädige Frau? Bei jedem Fest kommt es auf
429 1422 1290 1467 das Morgen an; so könnte das das schönste sein,
411 1463 837 1522 das ich je erlebt habe.
485 1500 793 1565 Agathe: Aber!
481 1538 1281 1603 Emil (faßt ihre Hand): Sie wissen ja nicht,
428 1590 1278 1645 wie schön Sie sind! O glauben Sie mir! Wenn
421 1637 1285 1694 man von Jemand geliebt würde wie Sie, da
423 1684 1286 1751 wär' es wohl der Mühe werth, Alles auf's Spiel
432 1727 609 1788 zu setzen.
477 1767 931 1833 Agathe: Glauben Sie?
482 1800 1286 1867 Emil: Ich weiß es, ich fühle es! (Sie sind
432 1858 1285 1917 nah nebeneinander; ihre Lippen begegnen sich,
434 1900 1279 1955 wie zufällig. — In diesem Moment hört das
426 1941 1281 2008 Klavierspiel im Nebenzimmer auf; Emil sieht be¬
427 1991 819 2057 sorgt nach der Thüre).
481 2037 1235 2105 Agathe: Nein, es hat's Niemand gesehen.
485 2079 860 2143 Emil (verlegen): O -
470 2118 1290 2186 Agathe: Im übrigen — wir könnten be¬
437 2165 1293 2235 schwören, daß es gar nichts zu bedeuten hatte.
473 2209 1295 2274 Emil: Nun ja.... gnädige Frau . (Er
415 2255 970 2311 will wieder ihre Hand fassen).
488 2300 1292 2354 Agathe (sie ihm leicht entziehend): Oder bilden
435 2353 1285 2408 Sie sich am Ende ein, daß Sie es waren, den
430 2395 1287 2440 ich geküßt habe? (Sie tritt vom Fenster weg,
419 2417 1340 2478 geht zur Thüre, und ohne sich noch einmal um
415 2480 1021 2539 zuwenden, tritt sie in den Salon).
490 2583 1252 2687 Eine Rothschild=Brinnerung
482 2663 1289 2732 Als der Begründer des berühmten Bankhauses
429 2722 1284 2776 in Frankfurt a. M. eines Tages spazieren ging,
433 2770 1277 2833 sprach ihn ein alter jüdischer Bettler um ein Al¬
423 2819 1278 2871 mosen an. Der Mann sah aber derartig unsauber
437 2854 1284 2918 aus, daß dem alten Rothschild direkt übel wurde.
428 2907 1290 2967 Rasch ging er weiter, indem er dem Manne zu¬
436 2948 1288 2998 rief: „Schreibt mir einen Brief, an mich persön¬
433 2989 1289 3038 lich adressiert, worin Ihr mich an diese Begegung
427 3041 1272 3092 erinnert, dann sollt Ihr eine Unterstützung haben.“
491 3079 1284 3135 Am andern Morgen brachte man Rothschild
438 3118 1290 3177 wie gewöhnlich einen ganzen Stoß Bettelbriefe.
432 3170 1300 3225 Mit kühnem Griff, und ohne die Briefe zu öffnen,
438 3222 1299 3271 hatte Rothschild sofort das Schreiben seines neuen
426 3252 1297 3312 Schützlings heraus. Auf einem Kouvert stand
438 3303 1301 3347 nämlich: „An den hochwohlgeborenen Herrn Baron
429 3341 1288 3405 v. Rothschild zum persönlichen Erbrechen.“
670 3463 1062 3560 Titel=Bilder
496 3544 1306 3632 Eduard VII. ist in Pretoria zum Herrn
431 3624 1298 3682 von und über Transvaal ausgerufen wor¬
432 3675 1304 3734 den. Der Titel ist entschieden zu einfach. Wir
443 3725 1303 3785 fänden es angemessener wenn sich Eduard VII.
444 3785 1241 3859 nennen würde: „Herr von — über
434 3831 1320 3919 unter — zwischen — neben — hinter
431 3888 697 3948 Transvaal.“
1270 210 1637 293 box 21
1510 547 1911 634 "JUGEND
1407 1031 2014 1134 G
1644 1136 1799 1198 Von
1538 1235 1606 1344 3
1455 1375 1532 1451 F
1439 1446 1613 1537 1u4
1438 1624 1503 1712 □
1690 1636 1784 1729 S
1524 1670 1688 1755 4
1630 1734 1999 1806 S
1617 1799 1823 1863 Ueber
1603 1917 1697 2018 8
1677 1950 1866 2049 8
1584 1979 1666 2039 8
1715 2012 1772 2052 7
1626 2023 1675 2070 ¼
1552 2002 1607 2098 □
1572 2123 1695 2207 ∆
1869 2119 1972 2208 S!
1802 2188 2058 2292 0
1541 2254 1714 2327 60
1567 2289 2027 2393 A
1632 2394 1845 2458 Unter
1488 2728 2089 2851 R
1601 2922 1900 2991 Zwischen
1383 3040 1721 3169 Gad
1468 3187 1506 3214 S
1766 3172 2048 3287 ¬
1469 3292 2051 3382 — S
1634 3439 1878 3511 Neben
1382 3737 2089 3872 B
1630 3887 1863 3951 Hinter
1682 3970 1799 4036 122
2792 552 2969 618 1901
2327 647 2885 743 Der höchste Stand
2274 729 3030 777 Ein pezußischer Gardeleutnant hatte eine Belei¬
2205 773 3041 824 digungsklage bei einem Leipziger Gerichte anhängig
2211 819 3042 874 gemacht. Dieses verurtheilte den Beklagten zu 100
2207 856 2521 909 Mark Geldstrafe.
2267 884 2993 954 In der Begründung des Urtheils heißt es:
2279 935 3038 985 „Trotz der ungünstigen Vermögenslage des An¬
2207 984 3039 1029 geklagten ist die Strafe so hoch bemessen worden,
2211 1029 3029 1061 weil seine intensiven Angriffe sich gegen einen An¬
2209 1058 3044 1105 gehörigen des Offizierstandes richteten, des höchsten
2217 1096 3028 1137 Standes im deutschen Reiche. Dies war
2201 1133 2873 1189 strasverschärfend zu berücksichtigen.
2247 1180 2886 1262 Dreisend mit viel schönen Reden
2206 1250 2842 1308 Ihres Standes Werth und Art,
2220 1286 2772 1352 Saßen viele deutsche Herren
2215 1333 2806 1411 In der Kneipe froh geschaart.
2265 1406 3024 1468 „Herrlich!“ sprach ein Industrieller
2219 1460 2818 1511 „Recket sich der Technik Macht,
2212 1506 2871 1564 Bisen schmilzt mir in den Hütten,
2209 1540 2849 1609 Rohlen ruhn im tiefen Schacht!“
2275 1603 2961 1682 „Seht mein Land in üppiger Fülle!“
2213 1664 2755 1732 Win Agrarier rief darein.
2215 1712 2856 1771 Goldne Saaten in den Thälern,
2217 1752 2842 1822 Und im Stalle viele Schwein'!“
2253 1835 2921 1889 „Großer Städte Bildungszentren,“
2219 1882 2937 1937 Stolz drauf ein Gelehrter sprach,
2219 1921 2988 1987 Schaffen, daß auch Deurschland keinem
2216 1968 2822 2042 Lande steht an Bildung nach!“
2256 2027 2993 2096 Und ein Leutnant, von der Garde,
2235 2095 2898 2148 Drehr' die Schnurrbartspitzen aus,
2228 2134 2914 2191 Sprach: „Die Gage ist zwar kleine,
2229 2179 2807 2236 Bin auch kein gelehrtes Haus!
2251 2255 2903 2317 Doch der Richter dort in Leipzig
2230 2301 2805 2365 Hat im Urtheil stolz bekannt,
2228 2325 2985 2401 Daß im ganzen Deutschen Reicht
2222 2396 2986 2460 Teutnant ist der höchste Stand!“
2260 2460 2872 2526 Und es riefen all' mitsammen:
2228 2518 2948 2573 „Ja, der ist der höchste Stand,
2229 2564 3023 2614 Dem selbst der Jurist sich beuget —
2227 2599 2819 2668 Heil Dir, deutsches Vaterland!
2841 2636 3017 2701 Killan
2422 2754 2801 2843 Wunderbares
2244 2844 3057 2908 Der Stadtrath von Grenoble beschloß, einem
2189 2905 3056 2945 dort verstorbenen Schimpansen ein Denkmal
2189 2942 3048 2998 zu errichten. Sollte dies wirklich der Erste seiner
2189 2983 2883 3049 Art sein, der ein Monumeni bekommt?
2242 3074 3058 3161 Mit Bedauern wird bemerkt, daß weder der
2200 3154 3055 3195 deutsche Kaiser noch der deutsche Reichstag bei
2197 3189 3052 3244 Boecklins Tode sein Beileid ausdrückte. Was den
2190 3224 3063 3293 deutschen Reichstag anbelangt, so war die Sache
2195 3276 3058 3338 sozusagen gegenseitig. Auch Boecklin hatte dem
2189 3316 3068 3387 Reichstag, der einem die Jahre her oft genug leid
2200 3374 2753 3431 thun konnte, niemals condolirt.
2234 3480 3051 3552 Der preußische Minister Brefeld hat die Kühn¬
2195 3553 3064 3593 heit gehabt, den Kohlenhandel jener Herren, welche
2199 3583 3051 3629 die Preise für unser wichtigstes Heizmittel zu un¬
2197 3631 3046 3683 erschwinglicher Höhe hinaufwuchern — als noth¬
2226 3678 3053 3720 vendiges Uebel zu bezeichnen und in prachtvollem
2191 3714 3059 3765 Männerstolz hat die Kohlenfirma Cäsar Wollheim
2197 3767 3059 3814 dem Minister ihre geschäftlichen Beziehungen zum
2199 3797 3059 3851 Fiskus erklärt. Sie will damit offenbar beweisen,
2189 3846 3057 3911 daß sie sich nicht zu den nothwendigen Uebeln
2201 3893 2315 3956 zählt.
