3484 4224
1904 191 2354 272 box 20/6
238 229 1757 310 14. Der Schleier der Beatrice
1409 1006 1813 1122 — —  — 1 . —  — — — —
1003 1130 2236 1199 Alex. Weigl’s Unternehmen für Zeitungs-Ausschnitte
1797 1183 2235 1317 De. Ausschnln
1235 1207 1814 1336 „OBSERVE
2049 1240 2269 1336 Nr. 5
881 1320 2342 1390 I. österr. behördl. conc. Burea 1 für Zeitungsberichte u. Personalnachrichten
1119 1388 2115 1471 Wien, IX/1, Türkenstrasse 17.
1300 1446 1939 1529 Filiale in Budapest: „Figyelö“ —
894 1514 2349 1587 Vertretungen in Berlin, Chicago, Genf, London, Newyork, Paris, Rom, Stockholm.
1805 1665 1908 1744 #
886 1637 1428 1739 Ausschnitt aus:
1666 1638 1779 1734 De
1955 1664 2127 1790 Wn
886 1790 1834 1902 vo# anc Mle 170 1
1056 2234 2414 2297 Seit Gerhart Hauptmann seine hohltönende -Versunkene
932 2287 2389 2344 Glockes aus edlen Bruchstücken der Weltliteratur zusammen¬
945 2329 2403 2410 schweisste, haben seine Nachahmer, die ihre Unselbständigkeit
935 2385 2408 2449 gar noch aus zweiter Hand beziehen, unermüdlich Versdramen
944 2442 2416 2495 verfertigt und plagen sich und uns mit ihren ersonnenen¬
945 2477 2395 2542 Naivetäten. So gebiert die aus Autoritätsdusel, directorialem Ge¬
943 2542 2402 2601 schäftstalente, kritischem Snobismus entstandene böse That dieses
948 2598 2402 2648 Erfolges sfortzeugend neues Bösess. Es ist hohe Zeit, dass
947 2624 2406 2702 einmal ein tüchtiger Director die  Versunkene Glockes mit
933 2682 1994 2749 Schnitzlers -Schleier der Beatrices zudeckt.
1009 2742 2327 2828 Im Gegensatze zu anderen Bureauz für Zeitungsausschnitte ist das
888 2818 1921 2876 Abonnement durch keine bestimmte Zeitdauer begrenzt;
1918 2817 2341 2883 — auch stcht es den
896 2861 2214 2921 Abonnenten frei die aufgegebenen Themen zu ergänzen oder zu ändern.
1006 2926 2337 2983 Der „OBSERVER“ veranstaltet täglich einen Auszug enthaltend die
888 2983 2326 3034 Inhaltsangabe aller wichtigen Mittheilungen der Wiener Morgen¬
2280 3014 2328 3049 41
889 3033 2303 3061 blätter (Tagesjournale ausser „Neue Freie Presse“ und „Wiener Zeitung“
886 3066 2339 3107 wodurch eine Uebersicht über das gesammte politische und wirthschaftliche
892 3093 2340 3167 Leben des In- und Auslandes in drastischer Kürze geboten wird. Diese Mit¬
887 3139 1916 3215 theilungen werden in Wien um 9 Uhr Früh verschickt.
1221 3215 1997 3284 Prospecte gnatis und franco.
