3436 4320
120 2007 209 2083 5
1955 127 2374 236 box 20/4
272 141 1784 250 14. Der Schleier der-Beatrice
280 341 535 515 77
1971 927 3348 1167 Nasci
817 941 1896 1173 N
2063 1045 2190 1120 des
3151 1196 3222 1279 —
1200 1245 1277 1320 —
1967 1239 2986 1371 esbon
3017 1199 3115 1352 7
1464 1256 1919 1366 Sch
1091 1198 1228 1367 50
689 1307 1106 1473 G
477 1402 631 1504 7#
672 1443 3363 1549 Ed aus Nahren und Schlesien.
1644 1607 2578 1691 Samstag den 13. Juni 1903.
469 1612 798 1698 Nr. 272.
2664 1666 2720 1742 —
1527 1683 1729 1759 In nen entnen e e
814 1678 897 1748 Atene 20
332 1607 484 1769 —
1611 1723 3376 1806 Ja, die Größe selbst, soweit sie uns in ihren Bann tut schen Seite hin ein Drang zur
489 1729 863 1850 gde
1528 1781 3378 1857 und nicht nur eine vererbte hohle Form ist, soll jene Kind= viel für das Individuum begehrt
800 1780 1121 1889 Dekadent.
2718 1831 3373 1896 nichts Faßbares übrig bleibt, im
1535 1841 2718 1913 lichkeit, jene Sicherheit des Triebes zum Kerne haben. Da¬
582 1855 1344 1950 Studie von Prof. Dr. Alfred Klaar.
2716 1891 3374 1959 völlige Abkehrung vom Materiali
1538 1899 2714 1959 für hat schon Richard Wagner mit seinem „reinen
2716 1937 3378 2007 Suchen nach neuen Idealen und
446 1926 1545 2006 Dekadent! Das Fremdwort begegnet einem heute auf
1550 1949 2717 2015 Toren“ den Ton angegeben. Auch diese Art, das Leben
2716 1972 3380 2072 zu dunklen Trieben und ihren ge
361 1978 1538 2046 allen Straßen des Lebens und der Literatur, so daß man
1549 1996 2722 2059 anzusehen, ist unserer Zeit nicht aus den Wolken gefallen.
362 2035 1541 2095 sich seiner kaum erwehren kann. Und man könnte noch dar¬
2786 2048 3375 2122 Das sieht wie Verworrenhe
1540 2043 2733 2107 Zum Naturstande drängt die Poesie schon seit zwei Jahr¬
362 2083 1551 2157 über hinweg hören, wenn es nur ein Wort und noch dazu
1544 2090 2714 2145 hunderten zurück, an die überlegenheit der Einfakt glaubten
2712 2094 3371 2179 jenem spiralischen Laufe der E
363 2134 1552 2195 ein uns innerlich fremdes wäre. Aber es ist mehr als ein
1543 2142 2713 2206 schon Schiller und Lessing, im Ringen nach der Kraft
2721 2142 3363 2215 alle Geistes= und Kulturgeschichte
362 2186 1555 2236 gedankenlos nachgesprochenes Modewort aus Frankreich, das
1552 2192 2719 2255 des Unmittelbaren verzehrte sich Heinrich v. Kleist.
2720 2201 3382 2268 Wege nach unten geht es wiede#
362 2227 1558 2300 uns so viele hohle Schlagwörter beschieden hat, es ist ein
1556 2245 2712 2306 Dennoch stand dieser gewaltige Zug nicht im Zeichen der De¬
2721 2250 3383 2320 Hebung ist an sicheren Kennzeiche
361 2277 1554 2342 Stück Leben, das sich in diesen Laut zusammendrängt, ein
1553 2295 2719 2364 kadenze, denn alle diese Geister feierten die Offenbarung des
2716 2296 3388 2379 riöse Befriedigung, die muskelst#
352 2336 1555 2399 Erkennungszeichen, das zwischen Kundigen ausgetauscht
1555 2346 2718 2410 Naturells, das sich ins Ungemeine erhebt, indem es vorbildlich
2724 2348 3383 2416 zugleich satte und hohle Selbstgen
350 2387 1536 2433 wird, so oft sie gewissen Erscheinungen unseres gesellschaft¬
1548 2406 2724 2454 oder unmittelbar etwas Großes für viele vollbringt. Die aus¬
2721 2398 3383 2471 tritt wieder zurück gegen das hi
359 2430 1548 2492 lichen und geistigen Lebens gegenüberstehen, ein Ausdruck,
1550 2448 2720 2508 erlesene Natur war es, die ihnen vorschwebte, und in der Aus¬
2716 2450 3378 2515 nach Vergeistigung und das leiden
361 2473 1554 2544 vor dem man sich scheute und der doch zum charakteristischen
1549 2489 2722 2556 lese liegt schon das Moment der emporsteigenden Entwicklung.
2725 2502 3370 2557 die Rätsel des Lebens; all das
347 2532 1547 2599 Naiurlaut für Tausende geworden ist. Daß sich zunächst eine
1543 2539 2720 2625 Der dumpfe Naturstand aber, dem sich heute die kultur¬
2714 2553 3372 2614 achtung und Willensverneinung,
360 2581 1539 2637 Gruppe französischer Schrifisteller — mit jener in der Ge¬
1554 2592 2724 2654 müde Dichtung zuwendet, trägt keinen solchen Entwick¬
2719 2602 3378 2673 Unbewußte und der Unterschätzun
351 2625 1544 2695 schichte oft vorkommenden Selbstpreisgebung, die einen
1545 2644 2725 2704 lungskern in sich. Es ist kein Zurückdrängen in einen neuen
2726 2653 3378 2709 absurd geberden — es ist doch wi
367 2674 1543 2730 Schimpf ironisch aufgreift, um ihn in ein stolzes Bekenntnis
1546 2694 2720 2753 Anfang, sondern eine Neigung zum Ursprünglichen, das zu¬
2728 2701 3383 2774 Abwendung von der selbstzufried
362 2721 1545 2784 zu verkehren — den Namen der Dekadenten beilegie, ist dabei
1549 2737 2730 2808 gleich Anfang und Ende ist, eine trotzig resignierte Vorliebe für
2722 2748 3374 2833 Zug, der bei aller scheinbaren
353 2777 1553 2834 nicht das Wesentliche. Das Merkwürdige ist, daß man sich
1557 2793 2731 2856 alles, was im Triebe keimt und untergeht, was unbewußt dem
2721 2797 2971 2881 Höhe weist.
351 2820 1558 2893 überall von dem Worte getroffen fühlte und mit einem Male
1558 2841 2728 2908 Falle entgegentaumelt. Es ist wiederum ein Faustischer
2793 2831 3382 2916 Das Theater ist diejenige Se
363 2875 1556 2958 entdeckte, daß der Zustand längst vorhanden war, ehe das
1546 2896 2726 2952 Drang, der an den Kern des Seins vordringen möchte, aber
2720 2894 3385 2975 der Offentlichkeit die stärkste Ber
361 2906 1128 2990 typische Wort für ihn geprägt wurde.
1546 2943 2729 3006 ein flügellahmer, der vorgibt, mit der Welt fertig zu sein und
2723 2955 3388 3025 Bildfläche aus am tiefsten auf die
462 2949 1552 3038 So geht es auch mit einer bedeutenden Anzahl physischer
1550 2993 2727 3067 darum nicht mehr durch die Welt hindurch stürmt, dem die
2725 3008 3393 3075 immer charakteristisch für das vor
351 3026 1550 3082 Krankheiten. Wir haben nute Krankheiten, die wirklich neu
1550 3046 2730 3112 Träume von Liebesglück, politischer Herrschsucht und antiker
2728 3063 3373 3130 müter. Die drei Stücke nun, die
369 3072 1552 3123 zu sein scheinen weil sie mit früher unbekennten Bedingun¬
1558 3090 2721 3155 Schönheit längst erledigt scheinen und dem nichts ferner liegen
2728 3109 3376 3175 zeit am meisten verwandte Empfind
364 3121 1550 3184 gen des Kulturlebens zusammenhängen. Aber wir haben auch
1559 3147 2719 3208 kann, als der Weisheit letzter Schluß Freiheit und Leben täg¬
2713 3160 3378 3235 die Poesiefreudigkeit die ausgiebig
363 3169 1553 3228 solche, die immer da waren, ohne in ihrer Spezialität er¬
1562 3204 2735 3261 lich zu erobern und sie dadurch zu genießen. Es ist ein
2723 3204 3371 3283 alle das Zeichen der Dekadenze
358 3220 1547 3277 kannt worden zu sein. Man gab ihnen erst einen Namen,
1551 3245 2728 3311 Drang, sich in das Unbewußte einzuwühlen, aus dem wir
2725 3265 3367 3332 Dramen, die ich meine — das
362 3262 1549 3332 als man ihr besonderes Wesen entdeckte und sie umgrenzen
1554 3294 2731 3356 doch nur emporsteigen, um darin unterzutauchen, uns in Bil¬
2727 3287 3382 3385 „Der Schleier der Beat
359 3319 1552 3366 und unterscheiden konnte. Das gilt vollauf vom geistigen
358 3353 2731 3435 Zustande der Dekadenze; das Wort würde nicht so lebhaft dern anschaulich zu machen, daß wir mit dem Leben fertig
2730 3354 3388 3428 „Pelleas und Melisand
357 3406 2729 3452 aufgegriffen, so sicher und ernsthaft angewendet dienn uns #sind. unsirenisch an unser Mottenschicksal, das hinter allen
2727 3403 3389 3478 in= Herkunft, Stil und äußeren M
365 3463 2735 3519 die Erscheinungen, die es bezeichnen soll, nicht längst vertraut! Bestrebungen geborgen liegt, zu ergötzen und die letzte Illusion
2728 3450 3389 3523 denkbar. Da malt ein Russe nch
1556 3478 2735 3568 daraus herauszuschlagen, daß wir „uns keine Illusionen
374 3502 537 3578 wären
2732 3503 3384 3566 den pastosen Farben seines Volk
1556 3540 1766 3614 machen“.
461 3525 1558 3612 Können wir das Wort übersetzen? Nicht leicht. Das
2736 3552 3388 3617 Episodenfolge, die sich erst im nach
1636 3556 2732 3646 Diese Art der Dekadenze beherrscht selbstverständlich nur
366 3596 1566 3663 ist ja die schwache Seite aller Sprachreinigung, daß sich mit
2731 3607 3372 3670 zen verbindet, das Elend einer
1556 3631 2732 3688 einen Teil der Literatur. Einem großen Teile der Schaf¬
361 3649 1554 3722 sdem Worte dort, too es entsteht und zur Zeit, da es sich ein¬
2726 3649 3374 3709 aus, dort führt uns ein Wiener
1558 3689 2731 3750 fenden, und gerade jenem, der dem Volke in seiner breiten Ent¬
371 3698 1561 3755 bürgert, ein ganzer Komplex von Merkmalen verbindet,
2737 3700 3388 3773 steigerten Lebensdrang der italie
1554 3731 2738 3800 faltung nahesteht, ist sie ebenso fremd geblieben, wie Millio¬
360 3743 1566 3817 den die übertragung vergeblich an sich heranzuziehen sucht.
2726 3751 3391 3829 in der sich Fürst und Volk, den
1556 3780 2729 3850 nen von Genießenden. Dennoch will sie scharf ins Auge ge¬
369 3789 1476 3857 „Verfallen“ „herabkommen“, „entartet“
2730 3802 3375 3861 schwelgen, und kann sich in der
1566 3834 2726 3902 faßt sein: sie zieht magnetisch bedeutende Talente an sich und
367 3835 1560 3918 gibt das die Vorstellung vom Dekadenten, die uns so rasch
2729 3834 3380 3917 Motive nicht genug tun, und in d
1570 3882 2733 3944 sie übt einen außerordentlichen Reiz auf die Jugend, die in
370 3885 1560 3951 geläufig wurde? Bei all diesen Zuständen denken wir an eine
2730 3904 3381 3967 der Halbfranzose Maeterlinck, der
1555 3931 2732 3994 ihren Wallungen zu Extremen geneigt ist und der man eher
376 3943 1559 4004 Verwahrlosung, die den Individuen oder Gattungen
2726 3954 3374 4019 schaffen, in eine Balladenwelt, in
1558 3985 2728 4050 beikommt, wenn man alles bejaht oder alles verneint, als
368 3988 1561 4045 kaum bewußt ist, von ihnen nicht gewollt war und die trotz¬
2729 3997 3388 4063 realen Voraussetzungen ablösen
1571 4031 2724 4098 wenn man ihr das Glück einer Bescheidung in gegebenen Gren¬
380 4034 1559 4087 dem durch Schwäche, Vernachlässigung oder Zuchtlosigkeit
2727 4047 3392 4117 Bildern uns die Tragik einernc
1558 4075 2729 4147 zen vor die Sinne rückt. Der Mut der Bejahung ist selten ge¬
375 4083 1571 4165 eingetreten ist. Das stimmt aber nicht für das Dekadente in
2811 4109 3392 4162 Durch diese grundverschieden
1816 4127 2730 4208 — —
380 4128 1556 4214 — G —
