3436 4320
1942 173 2383 259 box 20/5
274 174 1790 275 14: Der Schleien der Beatrice
1795 787 1931 845 1234
1364 880 2342 1007 Die fürchtende Tiebe sieht weit.
586 1042 1824 1094 Frl. Kirch gaben die genußsüchtigen Florentinerinnen etwas zu auf¬
1894 1042 3121 1095 und die vielen Tränen, die sie dem Kinde des Geliebten zeigt, konnten
594 1090 1823 1135 dringlich. Mit etwas mehr Zurückhaltung lassen sich viel größere
1896 1090 3119 1138 lange nicht die Wirkung erzielen, wie der stumme, dumpfe Schmerz
597 1124 1833 1163 Wirkungen erzielen. Auch die anderen zahlreichen Mitwirkenden waren
1895 1136 3133 1174 und der tiefe innere Kampf, den die Rejane zeigte. Die Rejane
594 1159 1830 1217 gut am Platze, und wenn die unendlich langen Pausen nicht gewesen
1895 1169 3133 1214 weinte auch, aber nicht fassungslos und haltlos, sondern beherrscht
596 1207 1821 1260 wären, so hätte man von der wohlgelungenen und interessanten Auf¬
1891 1213 3135 1261 von dem großen heiligen Gefühl: Hier in dieses Heiligtum der Familie
596 1235 1216 1299 führung noch mehr Genuß gehabt.
1893 1250 3125 1291 darfst du nicht hinein, hier mußt du ferne stehen und ein Glück nicht
703 1275 1831 1337 Hatte sich uns Irene Triesch an ihrem ersten Gastspielabend
1899 1292 3135 1342 vernichten, worauf du selbst deinen Anspruch verwirkt hast. Im fünften Akt
592 1325 1838 1371 von einer geradezu glänzenden Seite gezeigt, so wurde unser Urteil am
1901 1325 3134 1371 dagegen fand Irene Triesch sehr glücklich den überlegenen Ton, den Frauen
588 1359 1830 1405 zweiten Gastspielabend durch ihre Darstellung der Zaza in der gleich¬
1894 1367 3132 1425 so oft haben, wenn sie über Gräber der Erinnerung schreiten. Es
583 1402 1835 1456 namigen Sittenkomödie von Pierre Berton und Charles Simon
1897 1406 3126 1450 klopften Tränen in der Stimme und der Mund lächelte, als sie zum
592 1430 1827 1485 leider etwas herabgestimmt. Man muß die „Zaza“ von der
1888 1448 3130 1485 letzten Abschied dem Geliebten die Hand reichte, sie hinein ins Leben
583 1473 1833 1537 Rejane oder einer anderen Französin gesehen haben, wenn man die
1891 1487 3128 1542 schreitend, eine bezahlte Komödiantin, von Glanz und Flitter umgeben,
588 1518 1141 1561 richtige „Zaza“ sehen will.
1156 1519 1829 1574 So was liegt unseren deutschen
1896 1526 3123 1584 aber leeren Herzens, und er zu Weib und Kind mit der Erinnerung
593 1553 1822 1618 Künstlerinnen nicht. Die „Zaza“ von Irene Triesch war gewiß eine
1895 1568 3125 1624 an Zaza, die er nicht vergessen kann. Die den Alkohol liebende
595 1592 1828 1639 sehr schätzenswerte künstlerische Leistung, aber ihr fehlte eines, das ganz
1886 1607 3126 1655 Mutter Zazas wurde von Katharina Winkler mit der ganzen
585 1636 1831 1682 unsagbare Parfüm, das wie ein Hauch, wie ein undefinierbares Etwas
1903 1644 3117 1682 Unverfrorenheit dargestellt, die diese saubere Theatermutter charakterisiert.
583 1678 1833 1732 die Pariserin umgibt. Zuerst schon die Szene in der Garderobe
1888 1686 3126 1727 Herr Emil Wirth war ein sehr pfisfiger Varietee=Theater=Direktor,
592 1715 1828 1773 mit Bernard Dufresne, der übrigens von Herrn Lothar Mehnert
1893 1725 3123 1769 Herr Bernhard Wildenhein als Cascart ein guter Gesangs¬
592 1755 1832 1798 mit vornehmer Eleganz und warmem Gefühl überaus glücklich ge¬
1898 1760 3125 1820 komiker und edelmütiger Liebhaber und Freund. Else Wernow
593 1791 1828 1851 spielt wurde. Um die Szene so durchzuführen, wie es beispielsweise
1887 1801 3125 1848 gab eine sehr farblose Natalie, Frl. Kirch eine vornehme, von all
580 1840 1820 1876 die Rejane tut, muß man die leichte Unbefangenheit der Franzosen
1885 1842 3119 1888 dem um sie her Vorgehenden nichts begreifende, vertrauensvolle Gattin.
593 1870 1826 1928 haben, die vom Leben nur den Schaum nehmen. Esprit und Grazie
1895 1882 3120 1922 Hannchen Stickel, welche die kleine Toto spielte, scheint ein echtes
588 1928 1826 1976 müssen hier das Gewagte der Situation verdecken, sonst wirkt alles plump
1895 1925 3133 1975 Theaterkind zu sein, das sich so leicht nicht verblüffen läßt. Die übrigen
590 1961 1821 2005 und unschön. Ebenso wird die Prügelszene Zazas mit der Neben¬
1898 1959 3129 2013 Mitwirkenden fügten sich mit mehr oder minder Geschick in das
583 1989 1829 2039 buhlerin Floriane unerträglich, wenn die Künstler es nicht verstehen
1898 1998 3157 2036 Ensemble. Die Regie, die Herr Eggeling führte, war gut. Sehr
582 2030 1824 2090 Maß zu halten. Hier darf nicht mehr gegeben werden, als unbedingt
1887 2038 3137 2074 stimmungsvoll war der Schluß=Akt vor dem Theater. Im Schein der
579 2069 1828 2112 zur Charakteristik notwendig ist. Die besten Momente hate Irene
1887 2081 3125 2119 Gaslampe Zazas Wagen, der die Geseierte stolz davon führen soll und
578 2100 1823 2153 Triesch in den Liebesszenen mit Dufresne. Feuer, Leidenschaft und
1884 2118 2958 2162 am Eingang wie ein Bettler der Mann, der sie
2957 2122 3121 2178 verriet,
581 2144 1825 2208 Grazie, aber doch ein wenig zu fest zupackend in den Haupt¬
1902 2141 3132 2212 ihrer harrend mit klopfendem Herzen, nur noch einmal sie zu sehen,
588 2193 1830 2235 momenten der Rolle, die hauptsächlich im Unausgesprochenen liegen.
1887 2197 3118 2245 die einem schimmernden Traum gleich von dannen fliegt — für immer.
575 2226 1821 2285 So ging beispielsweise der sonst so sehr wirkungsvolle dritte Akt, wo
1899 2232 3122 2287 Irene Triesch wurde sehr gefeiert. Die interessante Künstlerin auch in
576 2273 1820 2309 Zaza zu Dufresnes Gattin kommt, entschlossen, für ihr Glück zu
1891 2280 3120 2333 anderen Rollen zu sehen, beispielsweise als „Nora“ dürfte ein be¬
580 2309 1811 2351 kämpfen und selbst das äußerste zu tun, in der großen Szene mit
1890 2320 3119 2375 rechtigter Wunsch vieler sein, die Gelegenheit hatten, diese eigenartige,
578 2346 1809 2414 Dufresnes Töchterchen fast ganz verloren. Die wilde Leidenschaftlichkeit
1890 2356 2624 2416 temperamentvolle Gastin kennen zu lernen.
2735 2353 3015 2419 Anny Wothe.
1888 2442 3131 2502 von der Frau des Hofes, der freundlichen Mutter Jörns, zutraulich
716 2437 1693 2516 Frauengestalten aus Frenssens
1882 2475 3118 2531 und gut behandelt worden — diese freundliche Güte hat die Magd nie
995 2497 1369 2583 „Jörn Uhl.“
1885 2519 3125 2573 vergessen. So jung sie auch noch war, hatte Wieten keine rechte
1882 2559 3126 2601 Jugend mehr kennen gelernt; sie blieb verschlossen und oft verdüstert,
887 2559 1497 2640 Von Annelise Messow.
1884 2601 3126 2659 war „hintersinnig“ und besaß die unglückliche Gabe, böse Ereignisse
695 2618 1812 2690 Wohl selten ist ein Werk so schnell und fast allgemein gelesen
1879 2649 3121 2692 voraus zu sehen oder zu ahnen. Diese Eigenschaften hatten ihr auch
570 2678 1823 2728 und vielgerühmt worden wie Gustav Freussens „Jörn Uhl“, selten
1880 2687 3113 2732 den Spottnamen Wieten Klook eingetragen. — „Wieten muß bei den
572 2705 1809 2766 wohl — und ganz besonders in der neueren Literatur — berührt aber
1893 2719 3127 2773 Kleinen bleiben,“ mit diesen Worten sucht sich die in ihrer größten
578 2746 1820 2796 auch ein Buch so tief und warm. Ist es nicht oft, als seien unsere
1890 2760 3121 2809 Not von ihrem Manne verlassene Frau das Sterben leichter zu
576 2788 1820 2830 eigenen innersten Gedanken und Gesühle offenbart, einfach und klar
1879 2791 3122 2848 machen. Der Bauer, der behäbige, lachende Klaus Uhl, wird den kleinen
582 2829 1815 2882 ausgesprochen, was man dunkel empfunden haue? Das sind individuelle
1890 2836 3115 2887 Jörn und dem jungen Wesen, das geboren werden soll, keine Stütze
585 2865 1818 2924 Menschen, die da reden und handeln, auerdings kluge, philosophisch
1898 2879 3119 2920 im Leben sein, das weiß die Sterbende wohl; sie findet nicht eher
575 2908 1825 2964 angelegte Naturen, wie man sie aber gerade bisweilen auf dem Lande
1894 2920 3127 2957 Ruhe, als bis ihr Wieten, die Zuverlässige, in die Hand versprochen
575 2946 1812 2999 antrifft: nur wenig berührt vom modernen Zeitgeist und manchmal
1894 2941 3126 3009 hat, bei den Kindern zu bleiben. Mit diesem Versprechen bringt die
580 2988 1800 3043 vielleicht ein wenig zu ideal — aber nachdenklich, „hintersinnig“
1895 2997 3126 3051 Magd ein großes Opfer: verzichtet sie doch damit auf ihr eigenes
569 3022 1813 3085 und originell. — Das Buch ist so recht mit Liebe geschrieben; warme,
1879 3026 3116 3091 Lebensglück, das sie in Dietrich, dem Großknecht auf der Uhl, zu finden
576 3062 1815 3124 stolze Liebe für Heimatland und Leute spricht sich in jeder Persön¬
1885 3082 3127 3126 gehofft hatte. In ihrer ruhig verständigen Art setzt sie ihm kurz
571 3098 1826 3155 lichkeit aus, und deren gibt es gar viele in „Jörn Uhl“. Von der
1882 3118 3113 3172 auseinander, warum sie ihn nicht heiraten könne, und er „tröstete sich
577 3144 1821 3191 stark ausgeprägten Persönlichkeit des Helden selber sowie seines Intimus
1885 3156 2630 3197 bald und ist ein Junggeselle geblieben.“
2628 3150 3126 3206 — So ist Wieten Wirt¬
571 3182 1813 3247 Fiete Krey, Thieß Thiessen und anderen Freunden will ich abstehen und
1895 3193 3114 3237 schafterin auf der Uhl geworden und hat ihre schwierige Stellung zu
577 3223 1813 3298 nur die Hauptpersonen unter den Frauengestalten zu charakterisieren
1888 3233 3126 3278 behaupten gewußt, auch dem steis sorglos lachenden Bauern und den
580 3255 780 3313 versuchen.
1884 3273 3124 3323 erwachsenen leichtsinnigen Söhnen gegenüber, die sie gelegentlich als
704 3290 1811 3361 Wieten Penn, die aufopfernde, treue Seele, verdient wohl
1873 3306 3113 3364 dumme, unfertige Jungen abzukanzeln verstand. Was sie dem früh¬
575 3323 1808 3403 an erster Stelle genannt zu werden. „Unverständige Menschen gaben
1874 3350 3111 3400 reifen Jörn und der wilden kleinen Elsbe war, zeigt sich deutlich an
568 3386 1808 3430 ihr den Namen Wieten Klook und taten das ihre, daß sie sich in sich
1881 3384 3117 3442 einem Beispiel aus deren Kindheit, wo sich die beiden altklug darüber
571 3410 873 3464 selbst einschloß.
904 3418 953 3463 —
940 3420 1817 3471 Ein armes Waisenkind, verrichtete sie schon als
1878 3433 3120 3469 unterhalten, was eine Mutter eigentlich täte, und warum nur sie keine
572 3456 1818 3516 ganz junges Ding geringe Dienste bei einem Bauern, unter dessen Ob¬
1887 3467 3117 3512 hätten? Da macht Jörn den Vorschlag, Wieten bei nächster Gelegen¬
582 3489 1809 3558 hut sie von der Armenverwaltung gestellt worden war. Gar Wunder¬
1875 3512 3115 3558 heit „Mutter Klook“ zu nennen! — So schön wie Wieten weiß nie¬
569 3531 1805 3596 bares hat das junge, warm empfindende Kind auf diesem Bauernhofe
1872 3561 3110 3600 mand den Kindern zu erzählen, und es ist kaum zu glauben, daß es
580 3581 1820 3620 kennen gelernt, wo nüchternes Vorwärtsstreben und phantasievolle
1881 3585 3115 3633 außer Jörn, „der garnichts glaubt“, noch iemanden gab, der „immer
575 3614 1812 3676 Schwärmereien, sichere, kalte Berechnung und zaghafte, träumerische
1883 3632 3106 3677 alles besser wissen wollte“ nämlich Theodor Storm. Doch wie schwer
574 3647 1818 3709 Weichheit Hand in Hand gingen. Der Bauer kümmerte sich um Frau
1881 3666 3112 3714 trifft sie Fiete Kreys Vorwurf, daß sie ihm mit all ihren seltsamen
568 3681 1817 3749 und Kinder nur wenig; die reiche Bauerntochter war dem damaligen
1892 3708 3115 3751 Erzählungen die „Nücken“ in den Kopf gesetzt hätte, um deretwillen er
566 3731 1814 3785 Knecht ihres Vaters in ihrer Leidenschaf lichkeit zu sehr entgegen¬
1886 3744 3106 3793 den Hof verlassen muß! Wie konnte sie denken, daß der praktisch an¬
577 3775 1813 3839 gekommen, hatte ihm später in der Ehe zu wenig Frauenstolz gezeigt,
1882 3778 3101 3834 gelegte Junge diese alten Geschichten wie Spaten und Kälberstock hank¬
577 3811 1814 3873 sodaß sie zeitlebens eine einsame, ungeliebte Frau geblieben war. Ihre
1881 3808 3114 3870 haben würde, um sie in der hellen Sonne über den Hosplatz zu
580 3845 1819 3912 Kinder, ein Mädchen und ein Knabe, arteten nach der schwachen,
1880 3868 3109 3911 schreien?“ Ihr schwerblütiges Temperament konnte sich lange nicht
577 3883 1808 3951 schwärmerischen Mutter, die die Erziehung fast allein in Händen
1873 3898 3106 3940 der Gedanken an den verlassenen Knaben entschlagen, in dessem Kopf
576 3925 1818 3988 hatte; ganz besonders wurde der sonst so begabte Knabe ein nervöser,
1873 3941 2810 3983 es doch gar zu bunt aussah, und „sie weinte leise.“
2869 3938 3112 3989 Seit diesem
573 3974 1813 4034 willenloser Träumer, der nach dem Tode der Mutter, voller Ein¬
1891 3980 3109 4028 Tage wurde Wieten noch stiller, und ihie unheimliche Gabe, längst
578 4005 1815 4065 bildungen und Visionen wie er war, bald ein schreckliches Ende sand.
1883 4019 3111 4067 vergangene Menschenschicksale vor ihrem Geist auftauchen zu sehen,
576 4040 1807 4104 Die Tochter hatte doch mehr von dem praktischen Sinn des Vaters ge¬
1888 4060 3109 4103 schien noch zuzunehmen. Erst im späteren Alter, als sie ein friedvolles
567 4084 1806 4147 #erbt und ist bei fleißiger, häuslicher Arbeit und ohne den vielsach un¬
1895 4096 3109 4149 Leben in Jörns Familie fand, gewann sie Ruhe vor derartigen Er¬
562 4123 1815 4180 gesunden Einfluß der Mutter sicher noch mit ihrem Seemann glücklich
2119 4136 3112 4185 Keiner verstand es besser wie sie, Jörn richtig zu
573 4164 1054 4197 geworden, obschon sie seine
2354 4167 2644 4239 —
2647 4172 3109 4237 Ainmn
