3436 4224
271 139 1800 228 14. Der Schleier der Beatrige
677 735 1192 836 Sere erean fur Zeltengen
509 831 1625 902 Wien, IX, Türkenstrasse 17.
712 891 1443 991 — Filiale in Budapest: „Figyelo“ —
327 994 1796 1067 Vertretungen in Berlin, Chicago, Genf, London, Newyork, Paris, Rom, Stockholm.
858 1024 1874 1151 De to Sate
320 1097 878 1192 Ausschnitt aus:
983 1115 1883 1236 1 S
520 1203 980 1314 #88.
327 1255 532 1329 vom
811 1451 1399 1555 Tobe-Theater.
499 1522 1788 1618 Ein „Schnitzler=Abend“ ist immer ein Ereigniß in unserer
403 1593 1788 1670 modernen dramatischen Litteratur. Gilt doch der Wiener Dichter
416 1646 1785 1704 als einer der hervorragendsten Vertreter der naturalistischen Richtung!
418 1700 1798 1759 Daß er auch vielseitig und ein genialer Sprachformer ist, bewies!
423 1744 1792 1803 sein neuestes Werk „Der Schleier der Beatrice“ das am
1146 1793 1181 1816 —
415 1809 1788 1864 Sonnabend seine überhaupt erste Aufführung in unserem Lobetheater
419 1843 1795 1919 erlebte. Der Stoff des Schauspiels ist der Gestaltung durch einen
409 1941 1793 1992 die Borgia ihre Leidenschaften ausströmen ließen, ist reich an
413 1996 1776 2055 Momenten, in denen Kunst und Politik das bewegteste Leben herauf¬
418 2030 1794 2107 führten. Welch' eine Summe von überschäumender Geisteskraft und
413 2079 1789 2153 herrlicher Entfaltung echt künstlerischen Verständnisses machte sich
417 2134 1793 2204 damals nicht geltend! Sinnlich berauschende Frauen und Männer
417 2181 1789 2244 mit Cäsaren=Naturen, aber auch mit Henker=Herzen, die mit ihren
410 2240 1794 2310 Mitmenschen oft frevelhaftes Spiel trieben, drücken jenen Tagen ein
411 2281 1778 2342 eigenartiges Signum auf, wie es später nicht mehr in die Er¬
346 2327 1788 2403 Ab scheinung tritt. Das Austoben schrankenloser Individualität wird
365 2382 1779 2454 Ab damals gepredigt und wirft so wunderbare Reflexe auf unsere Tage,
415 2435 1372 2489 in denen dem „Uebermenschen“ gehuldigt wird.
508 2453 1793 2547 Aus dieser Fülle von fesselnden Charakteren hat Schnitzler
350 2489 428 2548 In
346 2538 1792 2595 bi seine Schauspiel=Typen herausgeholt. Packende, den Zuschauer un¬
360 2564 1785 2649 wo willkürlich fortreißende Szenen schufen seine Phantasie und dramatische
357 2624 1788 2689 des Begabung; die Handlung weist eine Reihe der fesselndsten psycholo¬
363 2657 444 2712 we
421 2687 1791 2736 gischen Konflikte auf, die des Poeten Kenntniß der menschlichen Seele
411 2733 1782 2788 und ihrer Triebkräfte das beste Zeugniß ausstellen. Im Mittel¬
418 2777 1786 2849 punkte des Dramas stehen der Dichter Filippo Loschi und die kaum
412 2822 1794 2893 zur Jungfrau erblühte Beatrice, die Tochter eines Wappenschneiders.
420 2873 1792 2955 Sie verfällt unbewußt in Schuld, für die sie allerdings bei allen
412 2931 1176 2991 gerechten Richtern Verzeihung findet.
513 2958 1787 3032 Daß Schnitzler nicht ganz seiner gewaltigen Aufgabe gewachsen
407 3020 1785 3090 war, wird ihm kein Einsichtiger hoch anrechnen. Ein außergewöhnlicher
417 3066 1791 3123 Glanz müßte über dem Ganzen walten, dee sich wiederum nur an
405 3109 1788 3182 einzelnen Stellen vorfindet. Aber das Werk ist trotzdem von einer
419 3167 1782 3235 großartigen Schönheit durchglüht, welche es von selbst adelt und ihm
409 3216 1782 3284 einen ersten Platz anweist. Vielleicht hat der Dichter zu viel Schwierig¬
412 3262 1781 3325 keiten gehäuft, die er nicht alle forträumen konnte. Ein eminenter
408 3304 1790 3379 Wurf ist das Schauspiel ohnehin, und jeder freut sich, daß die deutsche
414 3356 1554 3412 Litteratur um ein derartiges Stück bereichert worden ist.
501 3378 1796 3471 Die Darstellung unter Regie des Herrn Runge war nicht
415 3456 1774 3519 durchweg gleichwerthig. Die Herren Lettinger (Filippo) und
417 3499 1778 3566 Jessen (Herzog) pflückten die meisten Lorbeeren. Ihre Leistungen
418 3547 1790 3633 waren mustergiltig. Wenig zu gefallen vermochte Frl. Konrad
421 3599 1772 3660 in der Hauptrolle (Beatrice), die aber auch ungeheure Anforderungen
419 3640 1789 3718 stellt. Die übrigen Mitwirkenden hielten sich wacker, je nach ihrem
420 3710 1794 3761 Können. Der Dichter konnte sich nach dem dritten und vierten Akt¬
412 3759 1794 3814 mehrmals dem Publikum zeigen und für den lebhaften Beifall dankend
416 3799 1790 3853 quittiren. Derselbe blieb aber nicht ohne Widerspruch, zum Theil
397 3848 1593 3925 wohl infolge der mangelhaften Besetzung einzelner Rollen.
1955 115 2393 210 box 20/2
2470 1303 2891 1390 Telefon 12801.
2005 1410 3344 1497 Altx. Weigl's Unternehmen für Zeitungs-Ausschnitte
3028 1479 3218 1546 Ausschnltt
1829 1380 2013 1586 F.
2327 1522 3333 1636 „JBSERVER“ Nr. 63
1928 1655 3355 1712 I. österr. behördl. conc. Bureau für Zeitungsberichte u. Personalnachrichte
2121 1704 3231 1806 Wien, IX, Türkenstrasse 17.
2336 1777 3004 1873 Filiale in Budapest: „Figyelö“-
1948 1849 3360 1932 Vertretungen in Berlin, Chicago, Genf, London, Newyork, Paris, Rom, Stockhol
1947 1919 3195 2064 Ausschnitt aus: Vorwaris (Sellar
2154 2082 2674 2193 2 2 55.
1954 2115 2162 2201 vom
2214 2374 3125 2467 3 0-Cgcutee „U#l—
2064 2392 3254 2523 —[Arthur Schnitzlers neues Drama „Der Schleier
1988 2447 3251 2563 der Beatrice“ ist bei der Erstaufführung im Breslauer
1977 2501 2669 2593 Lobe=Theater durchgefallen. 1—
2410 2868 2966 2965 Bezugs-Bedingungen:
1989 2932 3131 3007 Für 50 Zeitungsausschnitte (Artikel oder Notizen) Kr. 15.—
3172 2953 3346 3029 inclusive
3003 2982 3143 3044 28 —
2958 3002 3004 3045 „
2065 2990 2171 3046 100
2009 2998 2071 3059 91
3184 3006 3337 3053 Porto.
2995 3021 3129 3075 50.—
2062 3036 2171 3078 200
3176 3040 3339 3095 Zahlbar
2952 3042 3134 3118 „ 110.—
2060 3065 2174 3120 500
2660 3043 2872 3123 n 500
2029 3085 2068 3131 9
2955 3080 3347 3172 200.—] im Voraut
2010 3110 2187 3182 „ 1000
2080 3134 3330 3210 Im Gegensatze zu anderen Bureaux für Zeitungsausschnitte ist
1957 3202 3333 3262 Abonnement durch keine bestimmte Zeitdauer begrenzt; — auch steht es
1959 3250 3254 3297 Abonnenten frei die aufgegebenen Themen zu ergänzen oder zu ändern.
2070 3324 3332 3382 Der „OBSERVFR“ veranstaltet täglich einen Auszug enthaltend
1961 3364 3339 3409 Inhaltsangabe aller wichtigen Mittheilungen der Wiener Morge
1973 3410 3347 3456 blätter (Tagesjournale ausser „Neue Freie Presse“ und „Wiener Zeitun
1970 3444 3343 3509 wodurch eine Uebersicht über das gesammte politische und wirthschaftliche Let
1970 3485 3322 3544 des In- und Auslandes in drastischer Kürze geboten wird. Diese Mittheilur
1971 3529 2771 3600 werden in Wien um 9 Uhr Früh verschickt.
2262 3593 3109 3682 Prospecte gratis und franco.
