3484 4320
1921 163 2375 250 box 20/4
271 160 1774 261 14: Der Schleien der Beatrice
1764 907 2818 984 Türme, Asinelli und Garisenda, die schon bei Dante““
1766 956 2783 1025 ihre Rolle spielen, herrscht große bedräuhene Kriegs¬
992 908 1721 1097 Feuilleton. E.
1774 1011 2776 1069 not — der wilde Cesar Borgia ist nahe mit den Päpst¬
1763 1054 2757 1115 lichen. Ein fabelhafter „Herzog von Bologna“
924 1037 1570 1136 Berliner Plaudereien.
1776 1091 2767 1153 tut mit seinem Stadtvolk, als käme der letzte
1078 1102 1411 1175 Von E. Vely.
1758 1124 2770 1200 Tag, oder die Pestzeit, in der Boccaccios Novellen
744 1159 1743 1236 Die Zensur, Schnitzlers Beatrice, Charjentiers
1768 1179 2764 1236 entstanden. Es ist alles aus Rand und Band.
824 1215 1657 1270 Louise, Mis Duncan und Agnes Sorma.
1758 1222 2778 1274 Da soll nun eine große allgemeine Orgie in den
771 1228 1747 1321 Man sieht, die Ereignisse der letzten Zeit stehen
1759 1273 2771 1338 Mauern von Bologna la grassa — wie sie auch
726 1294 1754 1363 unter dem Zeichen des Frauennamens. Die
1756 1315 2778 1362 hieß und heute noch heißt nach der berühmten
724 1340 1744 1402 Theaterzensur, die Versammlung des Goethe¬
1762 1355 2769 1422 Bologneser Salami — denn die große Gelehr¬
721 1386 1753 1458 bundes, so zahlreich und interessant, wie sich der
1757 1403 2763 1471 samkeit wird nicht mehr betont — stattfinden.
727 1424 1744 1482 Zusammenfluß alles dessen, das sich für wahre
1755 1443 2769 1507 Iß und trink und leb’ und liebe, meine Seele,
725 1476 1753 1541 Kunst, Freiheit in ihr und durch sie, einsetzt, sein
1756 1482 2770 1559 morgen bist du vielleicht tot. Da scharen sich
718 1515 1742 1578 mußte in solchem Wohnplatz wie Berlin, die
1752 1532 2775 1593 denn die Lebensfreudigen zusammen. Die flatter¬
714 1572 1737 1626 Redner so bedeutend durch ihre Persönlichkeit
1749 1573 2774 1630 hafte Beatrice, Braut des Vittorino, war dem
715 1600 1429 1666 wie durch das, was sie sagten
1437 1611 1734 1669 — die Zensur
1748 1621 2771 1678 Jilippo Boschi in die Arme geeilt, als sie ihm
723 1653 1738 1720 bloß gestellt in ihren wunderlichen Widersprüchen,
1752 1667 2764 1722 aber erzählt, daß sie vom Herzog, von Größe
718 1691 1741 1756 in ihrer seltsamen Handhabung am sonnen¬
1757 1701 2766 1770 und Glück in seiner Liebe geträumt, verstößt er
715 1741 1735 1801 beleuchteten Sonntagmorgen. Eine Einig¬
1831 1754 2768 1815 — worauf sie den Kirchgang mit dem Ver¬
711 1772 1743 1828 keit im Protesterheben gegen diese nicht
1750 1792 2767 1850 lobten antritt. Hier sieht sie der Herzog und ver¬
713 1827 1745 1880 mehr zeitgemäße Dame! — Und ein Hoffen
1753 1834 2767 1895 liebt sich in sie. Sie will seine Gattin für das Todes¬
716 1866 1743 1919 darauf, daß der neuzuwählende Reichstag der
1741 1873 2761 1954 fest werden. Aber in allen Ehren. Und so
711 1902 1738 1967 beabsichtigten Petition ein williges Ohr schenken
1749 1920 2761 1995 wird richtige Hochzeit gehalten. Von der aus
708 1968 1733 2017 werde. Inzwischen freilich wird sich Dame Zensur
1744 1967 2767 2031 aber stürzt sie zu Filippo, um mit ihm zu sterben
708 1999 1746 2056 wieder ganz behaglich in ihrem Rokokofessel
1808 2012 2768 2074 er trinkt den Giftbecher, sie hat nicht den
707 2048 1738 2105 zurücklehnen, die Juße auf das gepolsterte
1751 2051 2765 2132 Mut und eilt wieder zum Herzog. Ihr schöner,
720 2088 1732 2145 Bänkchen setzen, den gepuderten Kopf hochmütig
1746 2108 2764 2168 prunkvoller Schleier, den er ihr schenkte, fehll —
710 2142 1733 2203 heben und mit dem Fächer ihren bezopften
1740 2147 2771 2217 das bringt den Herzog so auf, daß sie vor den
709 2178 1731 2237 Dienern zuwinken: „Laßt die Schreier! Je ne
1751 2184 2761 2254 Richterspruch auf Leben und Tod gestellt wird.
706 2222 1741 2282 m’encandillerai pas! Große Emotionen passen
1750 2229 2754 2286 Zitternd führt sie ihn hin in Jilippos Haus, der
703 2266 1730 2323 nicht für die Menge! Die Leute sind ja viel
1743 2271 2760 2324 schimmernde Schleier findet sich. Da entdeckt
706 2311 1728 2356 glücklicher, wenn sie nicht zum Denken angeregt
1744 2312 2753 2393 Bolognas Fürst aber auch die Leiche Filippos — —.
705 2354 1735 2406 werden. Und unsere kleinen Plaisiers? Die
1748 2365 2747 2420 Beatrice stirbt durch die Hand lhres Bruders.
705 2386 1735 2475 bringen uns die französischen Stücke so ungeniert
1743 2415 2758 2474 Sie, die den Tod so bang gefürchtet, wird nun
713 2441 1546 2503 charmant — daran haben wir genug.“
1735 2448 2760 2497 du# ihn erlöst. Und der gefoppte Herzog ent¬
748 2490 1729 2551 Mit dem Gefühl der Zusammengehörigkeit,
1740 2493 2749 2560 schuidigt das wankelmütige Weib; sie war ein
712 2533 1719 2591 die Hoffnung auf kommende bessere Zeiten im
1739 2539 2756 2604 spielendes neugieriges Kind, und alle wollten ihr
700 2557 1673 2639 Herzen trennte sich dann die Versammlung.
1738 2585 2763 2644 eine Welt sein, jeder für sich, während sie nach
711 2607 1728 2667 Die nächste Tat des Goethebundes wird eine
1738 2628 2760 2683 dem Spielzeug griff: „So nannten wir dein Tun
699 2655 1713 2728 Aufführung von „Maria von Magdala“ sein vor
1735 2674 2750 2742 Betrug und Frevel — und du warst ein Kind!“
699 2709 1724 2762 geladenem Publikum. Inzwischen aber wird
1777 2715 2755 2783 Man klatschte, man zischte, man rief den Autor,
710 2746 1722 2808 Paul Heyses Dichtung schon in einer Vorlesung
1730 2751 2750 2814 man war gleichgültig — aus diesem Gemisch
713 2790 1731 2852 den Berlinern zugänglich gemacht werden, durch
1739 2798 2757 2870 entstand nur das, was man einen Achtungs¬
704 2840 1721 2915 Friedrich Holthaus zum besten der Freien Hoch¬
1727 2836 2075 2905 erfolg nennt.
2098 2851 2749 2911 So wenig Maeterlinck echte
701 2877 881 2945 schule.
1726 2875 2754 2966 Renaissancemenschen vor uns hingestellt, hat es
742 2897 1715 2984 Das Fräulein der Renaissancezeit, Beatrice
1737 2933 2752 2999 Schnitzler getan — Es ist ein Ausflug ins
700 2968 1730 3030 Nardi, die Tochter des Wappenschneiders von
1729 2981 2751 3037 Kostümierte. Warum nur? seine wie wir ange¬
706 3013 1721 3069 Bologna, die uns Arthur Schnitzler in seinem
1738 3021 2745 3080 zogenen Menschen fühlen und empfinden wie wir,
697 3059 1722 3110 fünfaktigen Schauspiel vorstellte, hat keinen sehr
1726 3065 2749 3129 wir brauchen über keine Regenbogenbrücke in
695 3103 1722 3157 enthusiastischen Empfang in der Stadt an der
1733 3109 2745 3159 ein Märchenland zu fliegen und uns nicht an
697 3141 1725 3206 Spree gefunden. Die Renaissance ist plötzlich
1733 3153 2745 3223 Steinbalustraden mit fremden Bronzebildern
702 3193 1723 3255 Mode — schade, daß Schnitzler, der uns so echte
1722 3191 2750 3242 hinzutappen. — Das Weaner Madel verstehen
694 3228 1724 3301 Gestalten der Gegenwart gab, sie mitmachte, um
1725 3239 2735 3306 wir, den Literaten von da unten und den Offizier
698 3277 1712 3330 an ihr zu scheitern. Es sind ja allerdings
1728 3285 2748 3329 der unter Dorurteilen zu leiden hat. — Was ist
691 3316 1724 3378 recht hübsche Stimmungsschilderungen in den
1720 3328 2742 3409 uns der Herzog von Bologna — was uns Beatrice,
694 3366 1711 3415 Renaissancerahmen gebracht, viel buntes Krabesken¬
1719 3365 2739 3439 die zwischen drei Männern hin und her
684 3396 2746 3438 werk umraiz ie an sich dürftige Handlung. Flüchtende. Der Schleier der Beatrice wird sich
687 3442 2788 3546 In Bononia cet. der Stadt der beiden schiefen! bald in den Schleier der Vergessenheit wandeln.
