<?xml version="1.0" encoding="UTF-8" standalone="yes"?>
<PcGts xmlns="http://schema.primaresearch.org/PAGE/gts/pagecontent/2013-07-15" xmlns:xsi="http://www.w3.org/2001/XMLSchema-instance" xsi:schemaLocation="http://schema.primaresearch.org/PAGE/gts/pagecontent/2013-07-15 http://schema.primaresearch.org/PAGE/gts/pagecontent/2013-07-15/pagecontent.xsd">
    <Metadata>
        <Creator>prov=University of Rostock/Institute of Mathematics/CITlab/Gundram Leifert/gundram.leifert@uni-rostock.de:name=ONB_Newseye_GT_M1+(htr_id=10810)::::v=2.4.2
prov=University of Rostock/Institute of Mathematics/CITlab/Tobias Gruening/tobias.gruening@uni-rostock.de:name=de.uros.citlab.module.baseline2polygon.B2PSeamMultiOriented:v=2.4.2
prov=University of Rostock/Institute of Mathematics/CITlab/Tobias Gruening/tobias.gruening@uni-rostock.de:name=/mnt/transkribus/LA/DEA/URO/LA_news_onb_att.pb:de.uros.citlab.segmentation.CITlab_LA_ML:v=2.4.2
Transkribus</Creator>
        <Created>2019-10-07T11:36:43.557+02:00</Created>
        <LastChange>2019-10-08T09:35:45.868+02:00</LastChange>
        <TranskribusMetadata docId="223979" pageId="9500981" pageNr="116" tsid="16510291" status="IN_PROGRESS" userId="40391" imgUrl="https://files.transkribus.eu/Get?id=SOZCVUDAKIKSAGUFPHXXKHOL&amp;fileType=view" xmlUrl="https://files.transkribus.eu/Get?id=NKWBAKRDXOMBURODNYIGDCSI" imageId="6191203"/>
    </Metadata>
    <Page imageFilename="223979_0116.jpeg" imageWidth="3248" imageHeight="4256">
        <ReadingOrder>
            <OrderedGroup id="ro_1711449002623" caption="Regions reading order">
                <RegionRefIndexed index="0" regionRef="r1"/>
                <RegionRefIndexed index="1" regionRef="r2"/>
                <RegionRefIndexed index="2" regionRef="r3"/>
            </OrderedGroup>
        </ReadingOrder>
        <TextRegion orientation="0.0" id="r1" custom="readingOrder {index:0;}">
            <Coords points="290,151 290,309 458,309 458,151"/>
            <TextLine id="r1l1" custom="readingOrder {index:0;}">
                <Coords points="282,267 344,262 372,280 403,269 424,278 441,270 465,272 467,220 410,210 395,198 354,214 344,203 331,201 313,216 283,212"/>
                <Baseline points="290,255 318,253 346,251 374,251 402,252 430,256 458,259"/>
                <TextEquiv>
                    <Unicode>14.</Unicode>
                </TextEquiv>
            </TextLine>
            <TextEquiv>
                <Unicode>14.</Unicode>
            </TextEquiv>
        </TextRegion>
        <TextRegion orientation="0.0" id="r2" custom="readingOrder {index:1;}">
            <Coords points="477,249 477,4234 1787,4234 1787,249"/>
            <TextLine id="r2l1" custom="readingOrder {index:0;}">
                <Coords points="469,289 1795,298 1795,229 1674,210 469,230"/>
                <Baseline points="477,269 542,271 608,272 673,273 739,274 804,275 870,275 935,276 1001,276 1066,276 1132,276 1197,276 1263,276 1328,276 1394,276 1459,276 1525,277 1590,277 1656,278 1721,279 1787,280"/>
                <TextEquiv>
                    <Unicode>Der Schleier der Beatrice</Unicode>
                </TextEquiv>
            </TextLine>
            <TextLine id="r2l2" custom="readingOrder {index:1;}">
                <Coords points="697,614 711,619 722,616 726,621 737,624 755,551 746,548 738,550 715,542"/>
                <Baseline points="709,600 733,606"/>
                <TextEquiv>
                    <Unicode>—</Unicode>
                </TextEquiv>
            </TextLine>
            <TextLine id="r2l3" custom="readingOrder {index:2;}">
                <Coords points="1229,594 1335,615 1507,610 1548,622 1604,607 1607,563 1529,578 1496,555 1396,557 1380,571 1363,555 1308,561 1269,540 1232,548"/>
                <Baseline points="1238,594 1263,597 1289,599 1314,601 1340,602 1365,604 1391,605 1416,606 1442,606 1467,607 1493,609 1518,611 1544,613 1569,616 1595,620"/>
                <TextEquiv>
                    <Unicode>Wien, Samstag</Unicode>
                </TextEquiv>
            </TextLine>
            <TextLine id="r2l4" custom="readingOrder {index:3;}">
                <Coords points="790,638 842,673 1757,695 1758,651 1696,642 790,622"/>
                <Baseline points="797,649 844,651 892,654 939,656 987,658 1034,660 1082,663 1129,664 1177,666 1224,668 1272,670 1320,672 1367,673 1415,675 1462,677 1510,678 1557,680 1605,681 1652,682 1700,683 1748,684"/>
                <TextEquiv>
                    <Unicode>Pan wird uns hoffentlich nicht mißverstehen. Wir</Unicode>
                </TextEquiv>
            </TextLine>
            <TextLine id="r2l5" custom="readingOrder {index:4;}">
                <Coords points="696,697 1607,740 1746,737 1748,693 698,648"/>
                <Baseline points="704,693 755,695 807,698 859,700 911,703 962,706 1014,708 1066,711 1118,713 1169,715 1221,717 1273,719 1325,721 1376,722 1428,724 1480,725 1532,726 1583,727 1635,728 1687,728 1739,728"/>
                <TextEquiv>
                    <Unicode>brauchen nicht erst ausdrücklich zu sagen, daß wir das</Unicode>
                </TextEquiv>
            </TextLine>
            <TextLine id="r2l6" custom="readingOrder {index:5;}">
                <Coords points="698,737 1749,785 1750,742 1688,732 699,708"/>
                <Baseline points="706,738 757,741 809,744 861,747 913,749 964,752 1016,754 1068,756 1120,758 1171,760 1223,762 1275,764 1327,765 1378,767 1430,768 1482,769 1534,770 1585,772 1637,773 1689,773 1741,774"/>
                <TextEquiv>
                    <Unicode>Autorrecht der Aufführung für eines der aller¬</Unicode>
                </TextEquiv>
            </TextLine>
            <TextLine id="r2l7" custom="readingOrder {index:6;}">
                <Coords points="690,780 780,811 1735,839 1742,785 690,754"/>
                <Baseline points="698,786 749,789 801,793 853,795 904,798 956,799 1008,802 1059,803 1111,804 1163,806 1215,807 1266,809 1318,810 1370,811 1421,812 1473,814 1525,816 1576,818 1628,820 1680,822 1732,824"/>
                <TextEquiv>
                    <Unicode>wichtigsten, der natürlichsten und unverletzlichsten, aber auch</Unicode>
                </TextEquiv>
            </TextLine>
            <TextLine id="r2l8" custom="readingOrder {index:7;}">
                <Coords points="697,840 1315,855 1392,886 1469,857 1655,887 1740,877 1741,847 698,807"/>
                <Baseline points="705,837 756,839 807,840 859,842 910,844 962,846 1013,848 1064,849 1116,851 1167,852 1219,854 1270,856 1321,857 1373,859 1424,860 1476,862 1527,863 1578,865 1630,866 1681,867 1733,868"/>
                <TextEquiv>
                    <Unicode>für eines der schlechtestgeschützten Rechte des Theater¬</Unicode>
                </TextEquiv>
            </TextLine>
            <TextLine id="r2l9" custom="readingOrder {index:8;}">
                <Coords points="691,895 1754,931 1755,881 1708,873 978,876 692,842"/>
                <Baseline points="700,882 752,885 804,887 856,888 909,891 961,892 1013,893 1066,895 1118,897 1170,898 1223,899 1275,901 1327,902 1379,903 1432,905 1484,907 1536,909 1589,910 1641,912 1693,915 1746,917"/>
                <TextEquiv>
                    <Unicode>dichters halten. Trotz aller Verträge und Abmachungen</Unicode>
                </TextEquiv>
            </TextLine>
            <TextLine id="r2l10" custom="readingOrder {index:9;}">
                <Coords points="687,932 1740,977 1741,933 1671,919 688,895"/>
                <Baseline points="695,930 746,932 798,934 850,936 902,938 954,940 1005,941 1057,943 1109,944 1161,946 1213,947 1264,949 1316,950 1368,952 1420,953 1472,955 1523,956 1575,958 1627,959 1679,961 1731,962"/>
                <TextEquiv>
                    <Unicode>ist der dramatische Dichter nur zu sehr dem Belieben</Unicode>
                </TextEquiv>
            </TextLine>
            <TextLine id="r2l11" custom="readingOrder {index:10;}">
                <Coords points="686,988 1733,1017 1734,971 687,947"/>
                <Baseline points="694,979 745,980 797,982 848,983 900,984 951,986 1003,987 1054,989 1106,991 1157,992 1209,994 1261,995 1312,997 1364,999 1415,1001 1467,1002 1518,1004 1570,1005 1621,1007 1673,1008 1725,1009"/>
                <TextEquiv>
                    <Unicode>der Theaterdirektoren preisgegeben. Die Tantiemenver¬</Unicode>
                </TextEquiv>
            </TextLine>
            <TextLine id="r2l12" custom="readingOrder {index:11;}">
                <Coords points="682,1015 1743,1068 1731,1013 682,999"/>
                <Baseline points="689,1028 741,1029 793,1030 845,1031 898,1032 950,1033 1002,1034 1054,1035 1107,1036 1159,1038 1211,1039 1263,1040 1316,1042 1368,1043 1420,1046 1472,1048 1525,1050 1577,1052 1629,1054 1681,1057 1734,1061"/>
                <TextEquiv>
                    <Unicode>träge zum Beispiel, die das Burgtheater unterzeichnen läßt,</Unicode>
                </TextEquiv>
            </TextLine>
            <TextLine id="r2l13" custom="readingOrder {index:12;}">
                <Coords points="681,1068 1739,1113 1740,1079 1629,1060 682,1040"/>
                <Baseline points="688,1075 740,1076 792,1076 844,1077 896,1079 948,1080 1000,1082 1053,1083 1105,1086 1157,1087 1209,1089 1261,1091 1313,1093 1365,1095 1418,1097 1470,1099 1522,1100 1574,1102 1626,1103 1678,1103 1731,1104"/>
                <TextEquiv>
                    <Unicode>enthalten keinerlei Verpflichtung der Direktion, ein ange¬</Unicode>
                </TextEquiv>
            </TextLine>
            <TextLine id="r2l14" custom="readingOrder {index:13;}">
                <Coords points="677,1102 994,1148 1749,1155 1750,1127 1603,1107 678,1090"/>
                <Baseline points="685,1120 737,1121 790,1123 843,1124 896,1126 949,1127 1001,1129 1054,1130 1107,1132 1160,1134 1213,1135 1265,1137 1318,1139 1371,1140 1424,1142 1477,1144 1529,1145 1582,1147 1635,1149 1688,1151 1741,1153"/>
                <TextEquiv>
                    <Unicode>nommenes Stück auch wirklich spielen zu lassen und eine ganze</Unicode>
                </TextEquiv>
            </TextLine>
            <TextLine id="r2l15" custom="readingOrder {index:14;}">
                <Coords points="677,1177 1471,1182 1738,1221 1729,1161 679,1120"/>
                <Baseline points="686,1167 738,1169 790,1170 842,1172 895,1173 947,1174 999,1176 1051,1177 1104,1179 1156,1180 1208,1182 1260,1184 1313,1185 1365,1187 1417,1189 1469,1191 1522,1193 1574,1196 1626,1198 1678,1201 1731,1204"/>
                <TextEquiv>
                    <Unicode>Reihe solcher dramatischer „Mauerblümchen“ ziert jahraus,</Unicode>
                </TextEquiv>
            </TextLine>
            <TextLine id="r2l16" custom="readingOrder {index:15;}">
                <Coords points="687,1226 1740,1265 1742,1221 689,1174"/>
                <Baseline points="695,1216 746,1218 798,1219 850,1220 902,1221 954,1222 1006,1224 1057,1225 1109,1226 1161,1227 1213,1229 1265,1230 1317,1232 1369,1234 1420,1235 1472,1238 1524,1240 1576,1242 1628,1244 1680,1247 1732,1249"/>
                <TextEquiv>
                    <Unicode>jahrein das imaginäre Novitätenrepertoire — Mauerblümchen,</Unicode>
                </TextEquiv>
            </TextLine>
            <TextLine id="r2l17" custom="readingOrder {index:16;}">
                <Coords points="678,1255 1742,1301 1743,1264 1694,1254 679,1221"/>
                <Baseline points="685,1262 737,1264 789,1266 842,1268 894,1269 947,1271 999,1273 1052,1274 1104,1276 1157,1277 1209,1279 1261,1281 1314,1282 1366,1283 1419,1285 1471,1287 1524,1288 1576,1290 1629,1292 1681,1294 1734,1295"/>
                <TextEquiv>
                    <Unicode>die nicht sitzen, sondern liegen bleiven. Und doch erscheint</Unicode>
                </TextEquiv>
            </TextLine>
            <TextLine id="r2l18" custom="readingOrder {index:17;}">
                <Coords points="673,1325 1694,1353 1737,1313 674,1280"/>
                <Baseline points="681,1308 733,1311 785,1313 838,1315 890,1318 943,1319 995,1321 1047,1322 1100,1324 1152,1325 1205,1326 1257,1327 1309,1329 1362,1330 1414,1332 1467,1333 1519,1335 1571,1337 1624,1339 1676,1341 1729,1344"/>
                <TextEquiv>
                    <Unicode>die Forderung als eine selbstverständliche, daß ein</Unicode>
                </TextEquiv>
            </TextLine>
            <TextLine id="r2l19" custom="readingOrder {index:18;}">
                <Coords points="672,1378 1123,1368 1559,1409 1720,1400 1738,1356 673,1325"/>
                <Baseline points="681,1359 733,1359 785,1360 838,1361 890,1363 942,1365 995,1366 1047,1368 1099,1369 1152,1371 1204,1373 1256,1375 1309,1377 1361,1379 1413,1380 1466,1382 1518,1383 1570,1384 1623,1385 1675,1386 1728,1387"/>
                <TextEquiv>
                    <Unicode>angenommenes Stück auch wirklich aufgeführt werde</Unicode>
                </TextEquiv>
            </TextLine>
            <TextLine id="r2l20" custom="readingOrder {index:19;}">
                <Coords points="671,1405 1739,1446 1740,1402 1592,1387 1119,1402 1087,1373 673,1366"/>
                <Baseline points="679,1404 731,1405 784,1406 836,1407 889,1409 942,1410 994,1412 1047,1414 1099,1416 1152,1418 1205,1420 1257,1421 1310,1424 1362,1426 1415,1427 1468,1429 1520,1430 1573,1431 1625,1433 1678,1434 1731,1434"/>
                <TextEquiv>
                    <Unicode>und daß jeder Autor, der im Repertoire Heimats¬</Unicode>
                </TextEquiv>
            </TextLine>
            <TextLine id="r2l21" custom="readingOrder {index:20;}">
                <Coords points="671,1444 1274,1498 1447,1459 1492,1494 1573,1470 1727,1498 1728,1450 1692,1444 672,1419"/>
                <Baseline points="679,1454 731,1454 783,1455 835,1456 887,1458 939,1459 991,1461 1043,1463 1095,1465 1147,1467 1199,1469 1251,1471 1303,1473 1355,1475 1407,1477 1459,1478 1511,1480 1563,1481 1615,1482 1667,1483 1719,1483"/>
                <TextEquiv>
                    <Unicode>recht erworben, auch ein Recht habe seine ferneren</Unicode>
                </TextEquiv>
            </TextLine>
            <TextLine id="r2l22" custom="readingOrder {index:21;}">
                <Coords points="676,1502 1720,1537 1721,1499 1564,1483 1081,1497 992,1464 677,1463"/>
                <Baseline points="685,1500 736,1501 787,1502 839,1504 890,1505 941,1507 993,1509 1044,1511 1095,1513 1147,1514 1198,1516 1249,1518 1301,1520 1352,1521 1403,1523 1455,1524 1506,1525 1557,1526 1609,1527 1660,1527 1712,1527"/>
                <TextEquiv>
                    <Unicode>Arbeiten angenommen zu sehen, wenn ihm nicht unwider¬</Unicode>
                </TextEquiv>
            </TextLine>
            <TextLine id="r2l23" custom="readingOrder {index:22;}">
                <Coords points="664,1555 1725,1596 1727,1553 665,1515"/>
                <Baseline points="672,1547 724,1548 776,1549 828,1550 881,1552 933,1553 985,1555 1037,1557 1090,1558 1142,1560 1194,1563 1246,1564 1299,1566 1351,1568 1403,1570 1455,1572 1508,1573 1560,1575 1612,1576 1664,1577 1717,1578"/>
                <TextEquiv>
                    <Unicode>legliche Gegengründe nachgewiesen werden. Der bloße</Unicode>
                </TextEquiv>
            </TextLine>
            <TextLine id="r2l24" custom="readingOrder {index:23;}">
                <Coords points="663,1593 1715,1631 1716,1594 1670,1583 664,1555"/>
                <Baseline points="672,1597 723,1598 775,1600 827,1601 879,1602 930,1604 982,1605 1034,1606 1086,1607 1137,1608 1189,1610 1241,1611 1293,1613 1344,1614 1396,1615 1448,1616 1500,1618 1551,1620 1603,1621 1655,1623 1707,1625"/>
                <TextEquiv>
                    <Unicode>Zweifel an dem Erfolg eines neuen Stückes ist kein solcher</Unicode>
                </TextEquiv>
            </TextLine>
            <TextLine id="r2l25" custom="readingOrder {index:24;}">
                <Coords points="668,1646 1685,1690 1726,1683 1728,1634 669,1609"/>
                <Baseline points="676,1645 728,1647 780,1648 832,1649 884,1650 936,1651 988,1652 1040,1654 1092,1655 1144,1656 1197,1657 1249,1658 1301,1659 1353,1661 1405,1662 1457,1664 1509,1665 1561,1667 1613,1669 1665,1671 1718,1673"/>
                <TextEquiv>
                    <Unicode>hinreichender Grund. Denn ein Theater muß schon was auf</Unicode>
                </TextEquiv>
            </TextLine>
            <TextLine id="r2l26" custom="readingOrder {index:25;}">
                <Coords points="659,1689 1681,1736 1736,1734 1738,1693 660,1645"/>
                <Baseline points="667,1691 720,1692 773,1693 826,1694 879,1695 932,1696 985,1698 1038,1699 1091,1701 1144,1702 1197,1704 1250,1705 1303,1707 1356,1708 1409,1709 1462,1711 1515,1713 1568,1714 1621,1715 1674,1716 1728,1717"/>
                <TextEquiv>
                    <Unicode>die eigene Verantwortlichkeit eines anerkannten Autors“</Unicode>
                </TextEquiv>
            </TextLine>
            <TextLine id="r2l27" custom="readingOrder {index:26;}">
                <Coords points="660,1738 1736,1776 1737,1732 1666,1725 661,1708"/>
                <Baseline points="669,1738 724,1738 780,1739 836,1740 891,1741 947,1743 1003,1744 1059,1746 1114,1748 1170,1750 1226,1752 1282,1754 1337,1756 1393,1758 1449,1759 1505,1761 1560,1762 1616,1764 1672,1764 1728,1765"/>
                <TextEquiv>
                    <Unicode>riskiren. Es dürfen nicht blos Stücke auf die Autorität des</Unicode>
                </TextEquiv>
            </TextLine>
            <TextLine id="r2l28" custom="readingOrder {index:27;}">
                <Coords points="657,1795 1713,1841 1733,1771 658,1741"/>
                <Baseline points="665,1784 720,1786 776,1788 832,1790 887,1791 943,1793 999,1795 1055,1797 1110,1799 1166,1800 1222,1802 1278,1804 1333,1805 1389,1807 1445,1808 1501,1809 1556,1810 1612,1811 1668,1811 1724,1812"/>
                <TextEquiv>
                    <Unicode>Direktors hin durchfallen, der in ihnen vielleicht sicher</Unicode>
                </TextEquiv>
            </TextLine>
            <TextLine id="r2l29" custom="readingOrder {index:28;}">
                <Coords points="664,1843 1657,1877 1731,1857 1732,1823 665,1801"/>
                <Baseline points="673,1833 725,1834 778,1836 830,1837 883,1838 935,1840 988,1842 1040,1843 1093,1845 1145,1847 1198,1848 1250,1850 1303,1852 1355,1854 1408,1855 1460,1856 1513,1857 1565,1858 1618,1859 1670,1860 1723,1860"/>
                <TextEquiv>
                    <Unicode>„Schlager“ prophezeit hat — auch der dramatische Dichter</Unicode>
                </TextEquiv>
            </TextLine>
            <TextLine id="r2l30" custom="readingOrder {index:29;}">
                <Coords points="656,1877 1738,1938 1740,1871 657,1846"/>
                <Baseline points="664,1879 717,1881 770,1883 824,1885 877,1886 930,1888 984,1890 1037,1891 1090,1893 1144,1895 1197,1897 1250,1898 1304,1900 1357,1901 1410,1903 1464,1904 1517,1905 1570,1907 1624,1909 1677,1910 1731,1912"/>
                <TextEquiv>
                    <Unicode>hat das Recht, auf seine eigene Autorität hin durchfallen zu</Unicode>
                </TextEquiv>
            </TextLine>
            <TextLine id="r2l31" custom="readingOrder {index:30;}">
                <Coords points="663,1930 682,1930 705,1949 751,1936 766,1943 779,1937 821,1947 823,1891 782,1890 762,1896 738,1886 687,1890 665,1880"/>
                <Baseline points="672,1923 700,1924 728,1926 757,1927 785,1928 814,1927"/>
                <TextEquiv>
                    <Unicode>dürfen.</Unicode>
                </TextEquiv>
            </TextLine>
            <TextLine id="r2l32" custom="readingOrder {index:31;}">
                <Coords points="748,1974 1016,2008 1733,2004 1734,1968 1690,1955 749,1941"/>
                <Baseline points="756,1973 804,1976 852,1978 901,1981 949,1982 998,1984 1046,1986 1094,1987 1143,1989 1191,1989 1240,1991 1288,1992 1336,1993 1385,1994 1433,1995 1482,1996 1530,1998 1578,1999 1627,2000 1675,2003 1724,2005"/>
                <TextEquiv>
                    <Unicode>Und gewiß hat jeder Theaterkritiker nicht nur das</Unicode>
                </TextEquiv>
            </TextLine>
            <TextLine id="r2l33" custom="readingOrder {index:32;}">
                <Coords points="653,2042 1722,2062 1723,2003 1554,2029 655,1989"/>
                <Baseline points="662,2022 714,2023 767,2025 819,2027 872,2028 924,2030 977,2032 1029,2033 1082,2035 1134,2036 1187,2038 1240,2040 1292,2041 1345,2043 1397,2045 1450,2046 1502,2048 1555,2049 1607,2051 1660,2053 1713,2054"/>
                <TextEquiv>
                    <Unicode>Recht, sondern auch die Pflicht, nicht blos über das zu</Unicode>
                </TextEquiv>
            </TextLine>
            <TextLine id="r2l34" custom="readingOrder {index:33;}">
                <Coords points="657,2070 1722,2102 1723,2061 1637,2052 658,2044"/>
                <Baseline points="665,2068 717,2070 769,2071 822,2073 874,2075 927,2076 979,2078 1032,2080 1084,2082 1137,2084 1189,2086 1241,2088 1294,2090 1346,2092 1399,2093 1451,2095 1504,2097 1556,2098 1609,2099 1661,2100 1714,2101"/>
                <TextEquiv>
                    <Unicode>urtheilen, was beim Lampenlicht auf offener Szene vorgeht,</Unicode>
                </TextEquiv>
            </TextLine>
            <TextLine id="r2l35" custom="readingOrder {index:34;}">
                <Coords points="647,2133 1697,2162 1715,2107 648,2079"/>
                <Baseline points="655,2118 707,2120 760,2121 812,2123 865,2124 917,2126 970,2128 1022,2129 1075,2131 1127,2133 1180,2135 1233,2136 1285,2138 1338,2140 1390,2141 1443,2142 1495,2143 1548,2144 1600,2145 1653,2146 1706,2147"/>
                <TextEquiv>
                    <Unicode>sondern auch über das, was im Coulissendunkel hemmend</Unicode>
                </TextEquiv>
            </TextLine>
            <TextLine id="r2l36" custom="readingOrder {index:35;}">
                <Coords points="653,2172 1720,2207 1721,2166 1598,2149 654,2144"/>
                <Baseline points="661,2166 713,2167 766,2169 818,2170 871,2172 923,2173 976,2175 1028,2177 1081,2178 1133,2180 1186,2182 1238,2184 1291,2186 1343,2187 1396,2189 1448,2191 1501,2192 1553,2193 1606,2195 1658,2196 1711,2197"/>
                <TextEquiv>
                    <Unicode>und schädigend geschäftig ist. Und hätte Jeder von jenem</Unicode>
                </TextEquiv>
            </TextLine>
            <TextLine id="r2l37" custom="readingOrder {index:36;}">
                <Coords points="649,2235 1542,2259 1653,2256 1717,2215 715,2170 650,2196"/>
                <Baseline points="657,2216 709,2216 762,2217 814,2218 867,2219 919,2220 972,2222 1024,2224 1077,2226 1129,2228 1182,2229 1234,2231 1287,2233 1339,2235 1392,2236 1444,2238 1497,2239 1549,2240 1602,2241 1654,2241 1707,2241"/>
                <TextEquiv>
                    <Unicode>„Tribunal der Sechs“ für sich allein, aber in Gedankenüber¬</Unicode>
                </TextEquiv>
            </TextLine>
            <TextLine id="r2l38" custom="readingOrder {index:37;}">
                <Coords points="639,2278 1242,2277 1431,2310 1483,2281 1714,2301 1715,2270 1301,2231 640,2242"/>
                <Baseline points="648,2263 700,2264 753,2265 806,2266 859,2267 912,2269 965,2270 1017,2272 1070,2273 1123,2275 1176,2277 1229,2279 1282,2281 1335,2282 1387,2284 1440,2285 1493,2287 1546,2288 1599,2289 1652,2290 1705,2291"/>
                <TextEquiv>
                    <Unicode>einstimmung mit den Kollegen und nach vereinbarter</Unicode>
                </TextEquiv>
            </TextLine>
            <TextLine id="r2l39" custom="readingOrder {index:38;}">
                <Coords points="649,2317 1717,2353 1718,2307 1609,2294 650,2281"/>
                <Baseline points="657,2311 709,2311 762,2312 814,2313 867,2314 920,2316 972,2317 1025,2319 1078,2320 1130,2322 1183,2324 1236,2325 1288,2327 1341,2328 1394,2330 1446,2331 1499,2332 1552,2333 1604,2334 1657,2334 1710,2335"/>
                <TextEquiv>
                    <Unicode>gemeinsamer Parole, seine. Stimme mit schärfster</Unicode>
                </TextEquiv>
            </TextLine>
            <TextLine id="r2l40" custom="readingOrder {index:39;}">
                <Coords points="632,2350 692,2376 998,2357 1110,2390 1203,2356 1289,2390 1574,2391 1575,2357 1452,2335 633,2328"/>
                <Baseline points="641,2356 687,2357 733,2358 779,2359 826,2361 872,2362 918,2363 964,2364 1011,2365 1057,2367 1103,2368 1149,2369 1196,2371 1242,2372 1288,2373 1334,2375 1381,2376 1427,2378 1473,2380 1519,2381 1566,2383"/>
                <TextEquiv>
                    <Unicode>Tongebung zum Schützer eines thatsächlich,</Unicode>
                </TextEquiv>
            </TextLine>
            <TextLine id="r2l41" custom="readingOrder {index:40;}">
                <Coords points="1569,2389 1587,2382 1597,2390 1612,2386 1620,2395 1628,2389 1633,2393 1638,2389 1642,2393 1648,2389 1674,2392 1712,2380 1711,2350 1695,2356 1682,2348 1656,2355 1646,2348 1638,2352 1629,2348 1621,2355 1605,2349 1597,2357 1584,2352 1569,2354"/>
                <Baseline points="1578,2387 1603,2382 1628,2381 1653,2381 1678,2382 1704,2383"/>
                <TextEquiv>
                    <Unicode> oder</Unicode>
                </TextEquiv>
            </TextLine>
            <TextLine id="r2l42" custom="readingOrder {index:41;}">
                <Coords points="638,2391 715,2425 1714,2440 1715,2399 1612,2385 639,2369"/>
                <Baseline points="647,2405 700,2406 753,2406 806,2408 859,2409 912,2410 965,2412 1018,2414 1071,2415 1124,2417 1177,2419 1230,2421 1283,2422 1336,2424 1389,2425 1442,2427 1495,2428 1548,2428 1601,2428 1654,2429 1707,2428"/>
                <TextEquiv>
                    <Unicode>vermeintlich verletzten literarischen Rechtes erhoben, die Wir¬</Unicode>
                </TextEquiv>
            </TextLine>
            <TextLine id="r2l43" custom="readingOrder {index:42;}">
                <Coords points="641,2451 1705,2495 1706,2449 1633,2441 642,2414"/>
                <Baseline points="649,2452 701,2454 753,2456 806,2458 858,2459 911,2461 963,2463 1015,2464 1068,2465 1120,2467 1173,2468 1225,2470 1277,2471 1330,2473 1382,2474 1435,2475 1487,2477 1539,2479 1592,2480 1644,2482 1697,2484"/>
                <TextEquiv>
                    <Unicode>kung wäre eine viel mächtigere und eindringlichere gewesen,</Unicode>
                </TextEquiv>
            </TextLine>
            <TextLine id="r2l44" custom="readingOrder {index:43;}">
                <Coords points="631,2500 1704,2536 1687,2487 632,2471"/>
                <Baseline points="639,2500 691,2502 744,2504 797,2505 850,2507 903,2508 955,2510 1008,2512 1061,2513 1114,2515 1167,2517 1219,2518 1272,2520 1325,2521 1378,2523 1431,2524 1483,2525 1536,2527 1589,2528 1642,2529 1695,2530"/>
                <TextEquiv>
                    <Unicode>als mit dieser Autoritätspose der Selbsterhöhung zur richter¬</Unicode>
                </TextEquiv>
            </TextLine>
            <TextLine id="r2l45" custom="readingOrder {index:44;}">
                <Coords points="632,2545 1540,2593 1709,2591 1710,2549 632,2519"/>
                <Baseline points="639,2548 692,2549 745,2550 798,2551 851,2553 904,2554 957,2555 1010,2557 1063,2558 1116,2561 1170,2562 1223,2564 1276,2565 1329,2567 1382,2569 1435,2570 1488,2571 1541,2572 1594,2573 1647,2574 1701,2574"/>
                <TextEquiv>
                    <Unicode>lichen Instanz, zu einem Appellhof, gegen den es keinen Rekurs</Unicode>
                </TextEquiv>
            </TextLine>
            <TextLine id="r2l46" custom="readingOrder {index:45;}">
                <Coords points="634,2600 1396,2633 1547,2609 1712,2644 1713,2593 1669,2581 635,2559"/>
                <Baseline points="643,2598 696,2598 749,2599 802,2600 855,2601 908,2602 961,2604 1014,2605 1067,2607 1120,2608 1173,2610 1226,2611 1279,2612 1332,2614 1385,2615 1438,2616 1491,2617 1544,2619 1597,2619 1650,2620 1704,2620"/>
                <TextEquiv>
                    <Unicode>mehr geben könne. Hier sind Sechse beisammen wirklich</Unicode>
                </TextEquiv>
            </TextLine>
            <TextLine id="r2l47" custom="readingOrder {index:46;}">
                <Coords points="625,2658 1645,2692 1709,2644 626,2609"/>
                <Baseline points="633,2645 686,2645 739,2645 793,2646 846,2647 899,2648 953,2650 1006,2651 1059,2653 1113,2654 1166,2657 1219,2659 1273,2660 1326,2662 1379,2664 1433,2666 1486,2667 1539,2669 1593,2670 1646,2672 1700,2672"/>
                <TextEquiv>
                    <Unicode>weniger gewesen, als jeder Einzelne für sich, und es hat sich</Unicode>
                </TextEquiv>
            </TextLine>
            <TextLine id="r2l48" custom="readingOrder {index:47;}">
                <Coords points="625,2689 1481,2737 1677,2726 1706,2686 626,2658"/>
                <Baseline points="634,2690 687,2692 740,2694 793,2696 846,2698 899,2700 952,2701 1005,2703 1058,2704 1111,2705 1165,2707 1218,2708 1271,2710 1324,2711 1377,2712 1430,2713 1483,2715 1536,2716 1589,2717 1642,2719 1696,2720"/>
                <TextEquiv>
                    <Unicode>wiederum gezeigt, wie ein Effekt zunichte gemacht werden</Unicode>
                </TextEquiv>
            </TextLine>
            <TextLine id="r2l49" custom="readingOrder {index:48;}">
                <Coords points="625,2742 1590,2790 1703,2775 1704,2747 1392,2710 626,2713"/>
                <Baseline points="633,2738 686,2739 739,2740 792,2741 845,2743 898,2745 951,2746 1005,2748 1058,2750 1111,2751 1164,2753 1217,2754 1270,2756 1323,2758 1377,2759 1430,2761 1483,2762 1536,2763 1589,2764 1642,2765 1696,2766"/>
                <TextEquiv>
                    <Unicode>kann, weil man ihn durch unpassende Mittel zu verstärken</Unicode>
                </TextEquiv>
            </TextLine>
            <TextLine id="r2l50" custom="readingOrder {index:49;}">
                <Coords points="630,2788 649,2788 668,2803 685,2807 698,2794 736,2807 764,2795 798,2796 796,2751 767,2751 755,2745 732,2758 722,2749 708,2751 691,2743 668,2754 652,2741 631,2742"/>
                <Baseline points="638,2782 663,2783 688,2784 714,2785 739,2786 764,2786 790,2786"/>
                <TextEquiv>
                    <Unicode>trachtet.</Unicode>
                </TextEquiv>
            </TextLine>
            <TextLine id="r2l51" custom="readingOrder {index:50;}">
                <Coords points="720,2866 772,2896 1554,2916 1600,2890 1704,2919 1685,2854 1417,2866 1174,2817 721,2839"/>
                <Baseline points="728,2867 776,2872 824,2876 873,2879 921,2882 970,2885 1018,2887 1066,2889 1115,2890 1163,2891 1212,2892 1260,2893 1308,2894 1357,2895 1405,2895 1454,2896 1502,2897 1550,2897 1599,2898 1647,2899 1696,2901"/>
                <TextEquiv>
                    <Unicode>Auf die „Urtheilsverkündigung“ des „Rathes der</Unicode>
                </TextEquiv>
            </TextLine>
            <TextLine id="r2l52" custom="readingOrder {index:51;}">
                <Coords points="621,2921 1693,2940 1677,2904 622,2873"/>
                <Baseline points="630,2917 682,2918 735,2920 788,2921 840,2923 893,2924 946,2925 998,2927 1051,2929 1104,2930 1157,2932 1209,2933 1262,2934 1315,2935 1367,2936 1420,2937 1473,2938 1525,2939 1578,2939 1631,2939 1684,2939"/>
                <TextEquiv>
                    <Unicode>Sechs“ antwortet Direktor Schlenther mit einer Er¬</Unicode>
                </TextEquiv>
            </TextLine>
            <TextLine id="r2l53" custom="readingOrder {index:52;}">
                <Coords points="620,2968 1408,2981 1463,3011 1691,2997 1693,2941 621,2924"/>
                <Baseline points="629,2964 681,2965 734,2967 787,2968 840,2970 892,2971 945,2973 998,2974 1051,2976 1103,2978 1156,2979 1209,2980 1262,2982 1314,2983 1367,2984 1420,2985 1473,2986 1525,2987 1578,2988 1631,2989 1684,2989"/>
                <TextEquiv>
                    <Unicode>klärung, deren Hauptpunkt, die Bestreitung der definitiven</Unicode>
                </TextEquiv>
            </TextLine>
            <TextLine id="r2l54" custom="readingOrder {index:53;}">
                <Coords points="626,3024 1695,3036 1596,2993 627,2981"/>
                <Baseline points="634,3011 686,3014 739,3016 791,3018 844,3019 897,3021 949,3023 1002,3024 1054,3026 1107,3027 1160,3028 1212,3029 1265,3031 1317,3032 1370,3033 1423,3034 1475,3036 1528,3037 1580,3039 1633,3041 1686,3042"/>
                <TextEquiv>
                    <Unicode>Annahme des Schnitzler'schen Stückes wir oben schon</Unicode>
                </TextEquiv>
            </TextLine>
            <TextLine id="r2l55" custom="readingOrder {index:54;}">
                <Coords points="616,3061 1690,3108 1692,3036 617,3033"/>
                <Baseline points="625,3060 677,3061 730,3062 783,3063 836,3065 889,3066 942,3068 995,3069 1048,3070 1101,3072 1154,3074 1206,3076 1259,3077 1312,3078 1365,3080 1418,3082 1471,3084 1524,3085 1577,3087 1630,3088 1683,3089"/>
                <TextEquiv>
                    <Unicode>erwähnt haben und deren wesentlichste Stellen wir folgen</Unicode>
                </TextEquiv>
            </TextLine>
            <TextLine id="r2l56" custom="readingOrder {index:55;}">
                <Coords points="628,3123 654,3133 677,3130 687,3120 708,3129 718,3122 724,3127 737,3116 788,3123 789,3077 754,3075 748,3080 726,3070 689,3066 672,3078 628,3061"/>
                <Baseline points="636,3106 664,3107 693,3107 722,3106 751,3107 780,3109"/>
                <TextEquiv>
                    <Unicode>lassen:</Unicode>
                </TextEquiv>
            </TextLine>
            <TextLine id="r2l57" custom="readingOrder {index:56;}">
                <Coords points="727,3165 1604,3191 1696,3163 1697,3132 1653,3119 1616,3144 1555,3121 1241,3143 729,3114"/>
                <Baseline points="736,3155 783,3156 831,3158 878,3160 926,3162 973,3163 1021,3164 1068,3166 1116,3168 1163,3169 1211,3171 1259,3172 1306,3174 1354,3175 1401,3176 1449,3177 1496,3178 1544,3179 1591,3179 1639,3180 1687,3180"/>
                <TextEquiv>
                    <Unicode>„Arthur Schnitzler hat den sechs protestirenden</Unicode>
                </TextEquiv>
            </TextLine>
            <TextLine id="r2l58" custom="readingOrder {index:57;}">
                <Coords points="615,3196 1654,3229 1689,3189 616,3159"/>
                <Baseline points="624,3193 676,3194 729,3195 782,3197 835,3198 888,3200 940,3202 993,3204 1046,3206 1099,3208 1152,3210 1204,3212 1257,3214 1310,3215 1363,3217 1416,3218 1468,3219 1521,3219 1574,3219 1627,3218 1680,3217"/>
                <TextEquiv>
                    <Unicode>Kollegen einen Brief zur Veröffentlichung überlassen, den ich</Unicode>
                </TextEquiv>
            </TextLine>
            <TextLine id="r2l59" custom="readingOrder {index:58;}">
                <Coords points="615,3232 1692,3259 1678,3217 616,3197"/>
                <Baseline points="624,3231 677,3232 730,3234 783,3235 836,3237 889,3239 942,3241 995,3243 1048,3245 1101,3247 1154,3248 1207,3250 1260,3251 1313,3252 1366,3254 1419,3254 1472,3255 1525,3255 1578,3255 1631,3254 1684,3253"/>
                <TextEquiv>
                    <Unicode>ihm am 13. Februar schrieb. Der vertrauliche, freundschaftliche</Unicode>
                </TextEquiv>
            </TextLine>
            <TextLine id="r2l60" custom="readingOrder {index:59;}">
                <Coords points="1069,3263 1079,3264 1085,3270 1088,3269 1089,3271 1093,3268 1101,3269 1104,3250 1089,3248 1085,3245 1083,3245 1080,3241 1072,3240"/>
                <Baseline points="1078,3261 1094,3263"/>
                <TextEquiv>
                    <Unicode>*##</Unicode>
                </TextEquiv>
            </TextLine>
            <TextLine id="r2l61" custom="readingOrder {index:60;}">
                <Coords points="613,3263 1672,3313 1692,3245 613,3242"/>
                <Baseline points="620,3271 673,3271 726,3272 779,3273 832,3274 885,3276 938,3277 991,3279 1044,3281 1097,3282 1151,3284 1204,3286 1257,3288 1310,3289 1363,3291 1416,3292 1469,3293 1522,3293 1575,3293 1628,3293 1682,3293"/>
                <TextEquiv>
                    <Unicode>Charakter dieser Zeilen tritt ebenso deutlich in der Form</Unicode>
                </TextEquiv>
            </TextLine>
            <TextLine id="r2l62" custom="readingOrder {index:61;}">
                <Coords points="612,3304 1674,3347 1675,3302 1614,3293 613,3279"/>
                <Baseline points="620,3309 672,3309 724,3310 776,3311 829,3312 881,3313 933,3315 986,3316 1038,3319 1090,3320 1143,3322 1195,3324 1247,3326 1299,3327 1352,3328 1404,3330 1456,3330 1509,3331 1561,3331 1613,3330 1666,3329"/>
                <TextEquiv>
                    <Unicode>hervor, wie ihr zurückhaltender, völlig unverbindlicher Cha¬</Unicode>
                </TextEquiv>
            </TextLine>
            <TextLine id="r2l63" custom="readingOrder {index:62;}">
                <Coords points="623,3349 1677,3374 1677,3345 1568,3329 624,3313"/>
                <Baseline points="632,3347 683,3348 735,3348 787,3349 839,3350 891,3351 943,3352 994,3353 1046,3354 1098,3355 1150,3357 1202,3358 1254,3360 1306,3361 1357,3363 1409,3364 1461,3365 1513,3367 1565,3368 1617,3369 1669,3370"/>
                <TextEquiv>
                    <Unicode>rakter im Inhalt. Hätte ich geahnt, daß dieses Brieschen*) je das</Unicode>
                </TextEquiv>
            </TextLine>
            <TextLine id="r2l64" custom="readingOrder {index:63;}">
                <Coords points="621,3387 1686,3419 1687,3381 1616,3369 622,3356"/>
                <Baseline points="629,3386 681,3386 733,3386 786,3386 838,3386 891,3388 943,3388 996,3390 1048,3391 1101,3392 1153,3394 1205,3396 1258,3398 1310,3399 1363,3400 1415,3402 1468,3403 1520,3404 1573,3406 1625,3406 1678,3407"/>
                <TextEquiv>
                    <Unicode>Licht der Oeffentlichkeit erblicken würde, so wäre ich dem weisen</Unicode>
                </TextEquiv>
            </TextLine>
            <TextLine id="r2l65" custom="readingOrder {index:64;}">
                <Coords points="609,3427 1651,3458 1668,3416 610,3379"/>
                <Baseline points="617,3425 669,3424 721,3423 773,3423 825,3424 877,3424 929,3425 982,3426 1034,3427 1086,3429 1138,3430 1190,3432 1242,3433 1294,3435 1347,3437 1399,3439 1451,3441 1503,3442 1555,3444 1607,3446 1660,3447"/>
                <TextEquiv>
                    <Unicode>Rathe jenes jungen Mannes aus Schnitzler's „Liebelei“ gefolgt,</Unicode>
                </TextEquiv>
            </TextLine>
            <TextLine id="r2l66" custom="readingOrder {index:65;}">
                <Coords points="610,3458 1632,3497 1671,3467 611,3431"/>
                <Baseline points="619,3461 671,3461 723,3462 775,3463 827,3463 879,3464 931,3465 984,3466 1036,3467 1088,3469 1140,3470 1192,3471 1244,3472 1296,3474 1349,3475 1401,3476 1453,3478 1505,3479 1557,3481 1609,3482 1662,3483"/>
                <TextEquiv>
                    <Unicode>der den Freund nach der Entdeckung seiner Liebesbriefe</Unicode>
                </TextEquiv>
            </TextLine>
            <TextLine id="r2l67" custom="readingOrder {index:66;}">
                <Coords points="608,3499 1498,3534 1635,3530 1664,3490 609,3476"/>
                <Baseline points="616,3502 668,3501 720,3501 772,3501 824,3502 876,3502 928,3503 980,3504 1032,3505 1084,3507 1136,3508 1188,3509 1240,3510 1292,3512 1344,3513 1396,3514 1448,3514 1500,3515 1552,3515 1604,3516 1656,3515"/>
                <TextEquiv>
                    <Unicode>warnt: „Ich sag' es immer, man soll nicht Briefe schreiben.“</Unicode>
                </TextEquiv>
            </TextLine>
            <TextLine id="r2l68" custom="readingOrder {index:67;}">
                <Coords points="611,3544 1625,3572 1674,3543 612,3498"/>
                <Baseline points="620,3538 672,3538 724,3538 776,3538 829,3539 881,3540 933,3541 986,3543 1038,3544 1090,3546 1143,3547 1195,3549 1247,3550 1299,3552 1352,3553 1404,3554 1456,3555 1509,3555 1561,3555 1613,3555 1666,3554"/>
                <TextEquiv>
                    <Unicode>Die Methode des vertraulichen Privatverkehrs zwischen</Unicode>
                </TextEquiv>
            </TextLine>
            <TextLine id="r2l69" custom="readingOrder {index:68;}">
                <Coords points="605,3569 1532,3591 1671,3630 1658,3562 606,3542"/>
                <Baseline points="613,3578 665,3577 718,3576 770,3576 823,3576 875,3577 928,3577 980,3579 1033,3580 1085,3581 1138,3583 1191,3585 1243,3587 1296,3588 1348,3590 1401,3591 1453,3593 1506,3594 1558,3594 1611,3594 1664,3594"/>
                <TextEquiv>
                    <Unicode>Autor und Theaterdirektor, die so oft beiden Theilen Nutzen</Unicode>
                </TextEquiv>
            </TextLine>
            <TextLine id="r2l70" custom="readingOrder {index:69;}">
                <Coords points="612,3612 1662,3646 1663,3608 1532,3591 613,3583"/>
                <Baseline points="621,3616 672,3616 724,3616 775,3616 827,3617 879,3618 930,3619 982,3620 1034,3621 1085,3622 1137,3624 1189,3625 1240,3626 1292,3627 1344,3629 1395,3630 1447,3631 1499,3633 1550,3633 1602,3634 1654,3635"/>
                <TextEquiv>
                    <Unicode>schuf und schaffen wird, ist hier leider einmal gescheitert.</Unicode>
                </TextEquiv>
            </TextLine>
            <TextLine id="r2l71" custom="readingOrder {index:70;}">
                <Coords points="610,3648 1665,3686 1666,3633 611,3629"/>
                <Baseline points="618,3651 670,3652 722,3653 774,3654 826,3655 878,3656 930,3657 982,3658 1034,3660 1086,3661 1138,3662 1190,3664 1242,3665 1294,3666 1346,3667 1398,3669 1450,3670 1502,3671 1554,3672 1606,3673 1658,3674"/>
                <TextEquiv>
                    <Unicode>Andererseits ist gerade aus meinen nun veröffentlichten</Unicode>
                </TextEquiv>
            </TextLine>
            <TextLine id="r2l72" custom="readingOrder {index:71;}">
                <Coords points="606,3704 1657,3727 1668,3694 912,3650 606,3670"/>
                <Baseline points="614,3692 666,3691 718,3691 770,3692 823,3692 875,3693 927,3694 980,3696 1032,3697 1084,3699 1137,3701 1189,3702 1241,3704 1293,3706 1346,3707 1398,3708 1450,3709 1503,3710 1555,3710 1607,3710 1660,3710"/>
                <TextEquiv>
                    <Unicode>Zeilen vom 13. Februar klar ersichtlich, wie weit ich damals</Unicode>
                </TextEquiv>
            </TextLine>
            <TextLine id="r2l73" custom="readingOrder {index:72;}">
                <Coords points="606,3733 1640,3761 1665,3717 607,3690"/>
                <Baseline points="614,3728 666,3728 718,3729 770,3729 822,3730 874,3731 926,3732 978,3734 1030,3735 1082,3737 1135,3738 1187,3739 1239,3741 1291,3742 1343,3743 1395,3745 1447,3745 1499,3746 1551,3747 1603,3748 1656,3748"/>
                <TextEquiv>
                    <Unicode>noch von dem Entschluß zur Annahme des Stückes entfernt</Unicode>
                </TextEquiv>
            </TextLine>
            <TextLine id="r2l74" custom="readingOrder {index:73;}">
                <Coords points="601,3772 1663,3799 1647,3753 602,3733"/>
                <Baseline points="610,3766 662,3766 714,3766 766,3766 818,3767 871,3768 923,3769 975,3770 1027,3771 1079,3773 1132,3774 1184,3776 1236,3777 1288,3779 1340,3781 1393,3782 1445,3784 1497,3785 1549,3786 1601,3787 1654,3788"/>
                <TextEquiv>
                    <Unicode>war: ich spreche von einer „ersten flüchtigen Durcharbeitung“;</Unicode>
                </TextEquiv>
            </TextLine>
            <TextLine id="r2l75" custom="readingOrder {index:74;}">
                <Coords points="609,3800 1670,3844 1671,3795 610,3772"/>
                <Baseline points="617,3804 669,3804 721,3804 773,3805 826,3806 878,3806 930,3808 982,3809 1035,3810 1087,3812 1139,3813 1191,3815 1244,3817 1296,3818 1348,3820 1400,3822 1453,3824 1505,3825 1557,3826 1609,3827 1662,3829"/>
                <TextEquiv>
                    <Unicode>ich äußere Bedenken gegen meine eigenen Kürzungsversuche;</Unicode>
                </TextEquiv>
            </TextLine>
            <TextLine id="r2l76" custom="readingOrder {index:75;}">
                <Coords points="600,3845 1086,3880 1507,3865 1563,3893 1669,3835 601,3809"/>
                <Baseline points="608,3839 660,3841 713,3842 765,3843 818,3845 871,3846 923,3847 976,3848 1028,3849 1081,3850 1134,3851 1186,3853 1239,3854 1291,3855 1344,3856 1397,3858 1449,3859 1502,3861 1554,3862 1607,3864 1660,3866"/>
                <TextEquiv>
                    <Unicode>die Besetzungsfrage erregt bei mir ebenso starke Zweifel wie</Unicode>
                </TextEquiv>
            </TextLine>
            <TextLine id="r2l77" custom="readingOrder {index:76;}">
                <Coords points="597,3907 641,3886 685,3895 734,3888 764,3903 801,3885 846,3880 845,3863 831,3865 793,3847 762,3855 736,3844 698,3851 670,3844 655,3851 596,3846"/>
                <Baseline points="605,3881 630,3882 656,3882 682,3883 708,3883 733,3883 759,3883 785,3882 811,3881 837,3879"/>
                <TextEquiv>
                    <Unicode>beim Autor.</Unicode>
                </TextEquiv>
            </TextLine>
            <TextLine id="r2l78" custom="readingOrder {index:77;}">
                <Coords points="784,3907 968,3937 1655,3949 1676,3891 1443,3910 1305,3874 1204,3898 949,3868 784,3889"/>
                <Baseline points="792,3917 835,3918 879,3919 923,3920 966,3922 1010,3923 1054,3925 1097,3926 1141,3928 1185,3930 1229,3931 1272,3933 1316,3934 1360,3935 1403,3937 1447,3937 1491,3938 1534,3939 1578,3940 1622,3940 1666,3940"/>
                <TextEquiv>
                    <Unicode>Alle Bedenken steigerten sich, als ich nach einer</Unicode>
                </TextEquiv>
            </TextLine>
            <TextLine id="r2l79" custom="readingOrder {index:78;}">
                <Coords points="599,3955 1667,3984 1645,3942 967,3936 776,3900 600,3925"/>
                <Baseline points="608,3955 660,3955 713,3956 765,3957 818,3958 871,3959 923,3961 976,3962 1028,3964 1081,3966 1134,3967 1186,3969 1239,3971 1291,3973 1344,3974 1397,3975 1449,3975 1502,3976 1554,3975 1607,3975 1660,3973"/>
                <TextEquiv>
                    <Unicode>zweckmäßigen Pause im April nochmals an das Studium</Unicode>
                </TextEquiv>
            </TextLine>
            <TextLine id="r2l80" custom="readingOrder {index:79;}">
                <Coords points="598,3998 1638,4021 1655,3985 599,3955"/>
                <Baseline points="606,3993 658,3993 710,3993 762,3994 814,3995 866,3996 918,3998 970,4000 1022,4002 1074,4004 1126,4006 1178,4008 1230,4010 1282,4011 1334,4013 1386,4014 1438,4015 1490,4015 1542,4015 1594,4014 1646,4013"/>
                <TextEquiv>
                    <Unicode>des Werkes ging. Und sie steigerten sich bei einer dritten</Unicode>
                </TextEquiv>
            </TextLine>
            <TextLine id="r2l81" custom="readingOrder {index:80;}">
                <Coords points="601,4049 1627,4062 1657,4021 602,3998"/>
                <Baseline points="609,4032 663,4031 718,4031 773,4032 827,4033 882,4034 937,4035 991,4037 1046,4039 1101,4041 1155,4043 1210,4045 1265,4047 1319,4048 1374,4050 1429,4051 1483,4051 1538,4051 1593,4051 1648,4050"/>
                <TextEquiv>
                    <Unicode>Durchsicht im Juni erst recht. Darauf schrieb ich am 17. Juni</Unicode>
                </TextEquiv>
            </TextLine>
            <TextLine id="r2l82" custom="readingOrder {index:81;}">
                <Coords points="602,4083 1161,4069 1580,4102 1654,4098 1655,4062 603,4039"/>
                <Baseline points="610,4066 661,4066 713,4066 765,4067 817,4068 869,4069 920,4070 972,4072 1024,4074 1076,4076 1128,4078 1179,4080 1231,4082 1283,4084 1335,4085 1387,4087 1438,4088 1490,4089 1542,4089 1594,4089 1646,4089"/>
                <TextEquiv>
                    <Unicode>an Arthur Schnitzler, der bis dahin nicht den geringsten</Unicode>
                </TextEquiv>
            </TextLine>
            <TextLine id="r2l83" custom="readingOrder {index:82;}">
                <Coords points="598,4107 1610,4141 1657,4103 599,4079"/>
                <Baseline points="606,4102 658,4102 710,4103 762,4103 814,4104 866,4106 918,4107 970,4109 1022,4110 1074,4112 1127,4114 1179,4116 1231,4118 1283,4119 1335,4121 1387,4122 1439,4124 1491,4124 1543,4125 1595,4125 1648,4125"/>
                <TextEquiv>
                    <Unicode>Grund hatte, die Annahme des Stückes für gesichert zu</Unicode>
                </TextEquiv>
            </TextLine>
            <TextLine id="r2l84" custom="readingOrder {index:83;}">
                <Coords points="601,4143 1564,4161 1650,4188 1652,4126 602,4107"/>
                <Baseline points="609,4140 660,4139 712,4139 763,4140 815,4141 867,4141 918,4143 970,4144 1022,4146 1073,4148 1125,4149 1177,4151 1228,4153 1280,4155 1332,4157 1383,4158 1435,4159 1487,4161 1538,4162 1590,4162 1642,4163"/>
                <TextEquiv>
                    <Unicode>halten. Dem Urtheil einer Bühnendirektion bieten sich, wie</Unicode>
                </TextEquiv>
            </TextLine>
            <TextLine id="r2l85" custom="readingOrder {index:84;}">
                <Coords points="594,4189 1593,4212 1632,4208 1633,4175 595,4143"/>
                <Baseline points="602,4173 653,4174 704,4176 755,4178 806,4179 857,4181 908,4182 960,4184 1011,4185 1062,4186 1113,4188 1164,4189 1215,4191 1266,4192 1318,4194 1369,4195 1420,4196 1471,4197 1522,4199 1573,4200 1625,4201"/>
                <TextEquiv>
                    <Unicode>dem Urtheil der Kritik, drei Kategorien von Stücken dar</Unicode>
                </TextEquiv>
            </TextLine>
            <TextLine id="r2l86" custom="readingOrder {index:85;}">
                <Coords points="614,4214 706,4217 716,4212 773,4217 775,4191 731,4183 698,4187 685,4181 616,4183"/>
                <Baseline points="622,4209 650,4211 679,4213 707,4215 736,4215 765,4216"/>
                <TextEquiv>
                    <Unicode>Bei den</Unicode>
                </TextEquiv>
            </TextLine>
            <TextLine id="r2l87" custom="readingOrder {index:86;}">
                <Coords points="1183,4229 1197,4230 1210,4218 1228,4214 1244,4229 1278,4229 1279,4197 1259,4198 1255,4195 1240,4198 1237,4194 1230,4197 1222,4192 1212,4202 1199,4202 1194,4197 1184,4196"/>
                <Baseline points="1192,4220 1218,4219 1244,4219 1270,4222"/>
                <TextEquiv>
                    <Unicode>eu</Unicode>
                </TextEquiv>
            </TextLine>
            <TextLine id="r2l88" custom="readingOrder {index:87;}">
                <Coords points="810,4229 924,4230 926,4190 916,4190 906,4198 885,4188 868,4192 863,4189 858,4193 850,4193 842,4184 813,4188"/>
                <Baseline points="819,4218 851,4222 883,4224 916,4223"/>
                <TextEquiv>
                    <Unicode>K</Unicode>
                </TextEquiv>
            </TextLine>
            <TextEquiv>
                <Unicode>Der Schleier der Beatrice
—
Wien, Samstag
Pan wird uns hoffentlich nicht mißverstehen. Wir
brauchen nicht erst ausdrücklich zu sagen, daß wir das
Autorrecht der Aufführung für eines der aller¬
wichtigsten, der natürlichsten und unverletzlichsten, aber auch
für eines der schlechtestgeschützten Rechte des Theater¬
dichters halten. Trotz aller Verträge und Abmachungen
ist der dramatische Dichter nur zu sehr dem Belieben
der Theaterdirektoren preisgegeben. Die Tantiemenver¬
träge zum Beispiel, die das Burgtheater unterzeichnen läßt,
enthalten keinerlei Verpflichtung der Direktion, ein ange¬
nommenes Stück auch wirklich spielen zu lassen und eine ganze
Reihe solcher dramatischer „Mauerblümchen“ ziert jahraus,
jahrein das imaginäre Novitätenrepertoire — Mauerblümchen,
die nicht sitzen, sondern liegen bleiven. Und doch erscheint
die Forderung als eine selbstverständliche, daß ein
angenommenes Stück auch wirklich aufgeführt werde
und daß jeder Autor, der im Repertoire Heimats¬
recht erworben, auch ein Recht habe seine ferneren
Arbeiten angenommen zu sehen, wenn ihm nicht unwider¬
legliche Gegengründe nachgewiesen werden. Der bloße
Zweifel an dem Erfolg eines neuen Stückes ist kein solcher
hinreichender Grund. Denn ein Theater muß schon was auf
die eigene Verantwortlichkeit eines anerkannten Autors“
riskiren. Es dürfen nicht blos Stücke auf die Autorität des
Direktors hin durchfallen, der in ihnen vielleicht sicher
„Schlager“ prophezeit hat — auch der dramatische Dichter
hat das Recht, auf seine eigene Autorität hin durchfallen zu
dürfen.
Und gewiß hat jeder Theaterkritiker nicht nur das
Recht, sondern auch die Pflicht, nicht blos über das zu
urtheilen, was beim Lampenlicht auf offener Szene vorgeht,
sondern auch über das, was im Coulissendunkel hemmend
und schädigend geschäftig ist. Und hätte Jeder von jenem
„Tribunal der Sechs“ für sich allein, aber in Gedankenüber¬
einstimmung mit den Kollegen und nach vereinbarter
gemeinsamer Parole, seine. Stimme mit schärfster
Tongebung zum Schützer eines thatsächlich,
 oder
vermeintlich verletzten literarischen Rechtes erhoben, die Wir¬
kung wäre eine viel mächtigere und eindringlichere gewesen,
als mit dieser Autoritätspose der Selbsterhöhung zur richter¬
lichen Instanz, zu einem Appellhof, gegen den es keinen Rekurs
mehr geben könne. Hier sind Sechse beisammen wirklich
weniger gewesen, als jeder Einzelne für sich, und es hat sich
wiederum gezeigt, wie ein Effekt zunichte gemacht werden
kann, weil man ihn durch unpassende Mittel zu verstärken
trachtet.
Auf die „Urtheilsverkündigung“ des „Rathes der
Sechs“ antwortet Direktor Schlenther mit einer Er¬
klärung, deren Hauptpunkt, die Bestreitung der definitiven
Annahme des Schnitzler'schen Stückes wir oben schon
erwähnt haben und deren wesentlichste Stellen wir folgen
lassen:
„Arthur Schnitzler hat den sechs protestirenden
Kollegen einen Brief zur Veröffentlichung überlassen, den ich
ihm am 13. Februar schrieb. Der vertrauliche, freundschaftliche
*##
Charakter dieser Zeilen tritt ebenso deutlich in der Form
hervor, wie ihr zurückhaltender, völlig unverbindlicher Cha¬
rakter im Inhalt. Hätte ich geahnt, daß dieses Brieschen*) je das
Licht der Oeffentlichkeit erblicken würde, so wäre ich dem weisen
Rathe jenes jungen Mannes aus Schnitzler's „Liebelei“ gefolgt,
der den Freund nach der Entdeckung seiner Liebesbriefe
warnt: „Ich sag' es immer, man soll nicht Briefe schreiben.“
Die Methode des vertraulichen Privatverkehrs zwischen
Autor und Theaterdirektor, die so oft beiden Theilen Nutzen
schuf und schaffen wird, ist hier leider einmal gescheitert.
Andererseits ist gerade aus meinen nun veröffentlichten
Zeilen vom 13. Februar klar ersichtlich, wie weit ich damals
noch von dem Entschluß zur Annahme des Stückes entfernt
war: ich spreche von einer „ersten flüchtigen Durcharbeitung“;
ich äußere Bedenken gegen meine eigenen Kürzungsversuche;
die Besetzungsfrage erregt bei mir ebenso starke Zweifel wie
beim Autor.
Alle Bedenken steigerten sich, als ich nach einer
zweckmäßigen Pause im April nochmals an das Studium
des Werkes ging. Und sie steigerten sich bei einer dritten
Durchsicht im Juni erst recht. Darauf schrieb ich am 17. Juni
an Arthur Schnitzler, der bis dahin nicht den geringsten
Grund hatte, die Annahme des Stückes für gesichert zu
halten. Dem Urtheil einer Bühnendirektion bieten sich, wie
dem Urtheil der Kritik, drei Kategorien von Stücken dar
Bei den
eu
K</Unicode>
            </TextEquiv>
        </TextRegion>
        <TextRegion orientation="0.0" id="r3" custom="readingOrder {index:2;}">
            <Coords points="1741,240 1741,1761 2813,1761 2813,240"/>
            <TextLine id="r3l1" custom="readingOrder {index:0;}">
                <Coords points="1955,291 2042,280 2099,292 2144,274 2232,292 2404,280 2405,227 2330,200 2276,223 2201,209 2151,247 2110,216 2035,227 1957,201"/>
                <Baseline points="1964,260 1989,260 2014,260 2040,261 2065,262 2091,263 2116,264 2142,265 2167,265 2193,266 2218,267 2244,267 2269,267 2295,267 2320,267 2346,267 2371,266 2397,265"/>
                <TextEquiv>
                    <Unicode>box 20/1</Unicode>
                </TextEquiv>
            </TextLine>
            <TextLine id="r3l2" custom="readingOrder {index:1;}">
                <Coords points="2068,629 2432,654 2500,643 2501,619 2454,595 2405,605 2325,592 2290,604 2172,594 2127,571 2069,583"/>
                <Baseline points="2076,627 2102,628 2128,629 2154,630 2180,632 2206,632 2232,634 2258,635 2284,636 2310,637 2336,638 2362,639 2388,640 2414,641 2440,642 2466,642 2492,643"/>
                <TextEquiv>
                    <Unicode>Wiener ragblatt.</Unicode>
                </TextEquiv>
            </TextLine>
            <TextLine id="r3l3" custom="readingOrder {index:2;}">
                <Coords points="1763,692 2749,728 2816,720 2817,687 1764,648"/>
                <Baseline points="1772,682 1823,685 1875,688 1927,690 1979,693 2031,695 2083,696 2134,698 2186,699 2238,701 2290,702 2342,703 2394,704 2446,705 2497,707 2549,708 2601,710 2653,711 2705,713 2757,715 2809,717"/>
                <TextEquiv>
                    <Unicode>habe ich nicht das Herz gehabt, sie Ihnen früher offen aus¬</Unicode>
                </TextEquiv>
            </TextLine>
            <TextLine id="r3l4" custom="readingOrder {index:3;}">
                <Coords points="1767,733 2750,764 2822,725 1769,692"/>
                <Baseline points="1776,721 1827,724 1879,726 1931,729 1983,730 2035,732 2087,734 2138,736 2190,737 2242,739 2294,740 2346,742 2398,743 2450,745 2501,746 2553,748 2605,749 2657,751 2709,753 2761,754 2813,756"/>
                <TextEquiv>
                    <Unicode>zusprechen; nur darum habe ich von Zeit zu Zeit mich immer</Unicode>
                </TextEquiv>
            </TextLine>
            <TextLine id="r3l5" custom="readingOrder {index:4;}">
                <Coords points="1767,761 2810,805 2811,765 2769,757 1768,730"/>
                <Baseline points="1776,758 1827,761 1878,764 1929,766 1981,769 2032,770 2083,772 2135,774 2186,775 2237,777 2289,778 2340,779 2391,780 2442,782 2494,783 2545,784 2596,786 2648,787 2699,789 2750,792 2802,794"/>
                <TextEquiv>
                    <Unicode>wieder Ihrer ernsten und sozusagen feierlichen Arbeit genähert,</Unicode>
                </TextEquiv>
            </TextLine>
            <TextLine id="r3l6" custom="readingOrder {index:5;}">
                <Coords points="1761,801 2811,841 2812,805 2752,794 1763,761"/>
                <Baseline points="1770,794 1821,797 1873,799 1925,802 1976,804 2028,806 2080,808 2131,810 2183,812 2235,814 2287,815 2338,817 2390,819 2442,820 2493,821 2545,823 2597,824 2648,826 2700,828 2752,830 2804,831"/>
                <TextEquiv>
                    <Unicode>stets mit dem besten Willen, mich nicht in meinen Zweifeln,</Unicode>
                </TextEquiv>
            </TextLine>
            <TextLine id="r3l7" custom="readingOrder {index:6;}">
                <Coords points="1755,844 2804,870 2805,839 2705,829 1757,801"/>
                <Baseline points="1764,831 1815,834 1867,837 1918,839 1970,842 2022,844 2073,846 2125,849 2176,850 2228,852 2280,854 2331,856 2383,858 2434,860 2486,861 2538,863 2589,864 2641,865 2692,866 2744,868 2796,869"/>
                <TextEquiv>
                    <Unicode>sondern in meinen Hoffnungen zu stärken. Leider aber ist das</Unicode>
                </TextEquiv>
            </TextLine>
            <TextLine id="r3l8" custom="readingOrder {index:7;}">
                <Coords points="1753,883 1846,889 1888,871 2010,900 2066,880 2105,899 2187,900 2248,891 2249,855 1754,843"/>
                <Baseline points="1762,873 1787,873 1812,873 1837,873 1862,874 1887,874 1912,875 1938,876 1963,878 1988,878 2013,880 2038,881 2063,882 2089,883 2114,884 2139,885 2164,886 2189,887 2214,888 2240,888"/>
                <TextEquiv>
                    <Unicode>genaue Gegentheil der Fall.“</Unicode>
                </TextEquiv>
            </TextLine>
            <TextLine id="r3l9" custom="readingOrder {index:8;}">
                <Coords points="1844,921 2751,953 2809,904 1845,884"/>
                <Baseline points="1853,912 1900,914 1947,916 1994,918 2042,921 2089,922 2136,925 2184,927 2231,929 2278,931 2326,933 2373,935 2420,936 2467,938 2515,939 2562,940 2609,941 2657,942 2704,942 2751,942 2799,942"/>
                <TextEquiv>
                    <Unicode>Hieraus geht, wie aus allen anderen Briefen, die</Unicode>
                </TextEquiv>
            </TextLine>
            <TextLine id="r3l10" custom="readingOrder {index:9;}">
                <Coords points="1761,949 2493,992 2805,969 2798,942 1763,906"/>
                <Baseline points="1770,948 1821,949 1872,950 1923,952 1975,954 2026,956 2077,959 2129,961 2180,964 2231,966 2283,969 2334,972 2385,974 2436,976 2488,978 2539,979 2590,980 2642,981 2693,981 2744,980 2796,979"/>
                <TextEquiv>
                    <Unicode>zwischen Arthur Schnitzler und mir gewechselt worden</Unicode>
                </TextEquiv>
            </TextLine>
            <TextLine id="r3l11" custom="readingOrder {index:10;}">
                <Coords points="1758,996 2792,1020 2793,991 2743,982 1760,949"/>
                <Baseline points="1766,987 1816,988 1867,989 1918,991 1969,993 2020,995 2071,997 2122,999 2173,1001 2224,1004 2275,1006 2325,1008 2376,1010 2427,1012 2478,1014 2529,1016 2580,1017 2631,1018 2682,1018 2733,1018 2784,1018"/>
                <TextEquiv>
                    <Unicode>sind, hervor, daß die Annahme des Stückes nicht erfolgt war</Unicode>
                </TextEquiv>
            </TextLine>
            <TextLine id="r3l12" custom="readingOrder {index:11;}">
                <Coords points="1755,1026 2786,1070 2801,1022 1756,996"/>
                <Baseline points="1763,1022 1814,1024 1865,1025 1917,1027 1968,1030 2020,1032 2071,1034 2122,1036 2174,1039 2225,1041 2277,1043 2328,1046 2379,1048 2431,1049 2482,1051 2534,1053 2585,1055 2636,1056 2688,1057 2739,1058 2791,1058"/>
                <TextEquiv>
                    <Unicode>und der Aufschub sich lediglich aus dem leider vergeblichen</Unicode>
                </TextEquiv>
            </TextLine>
            <TextLine id="r3l13" custom="readingOrder {index:12;}">
                <Coords points="1761,1070 2804,1112 2806,1066 2772,1061 1763,1026"/>
                <Baseline points="1770,1059 1821,1062 1872,1064 1923,1067 1975,1069 2026,1071 2077,1073 2129,1076 2180,1078 2231,1080 2283,1082 2334,1083 2385,1085 2436,1087 2488,1089 2539,1090 2590,1092 2642,1093 2693,1094 2744,1096 2796,1097"/>
                <TextEquiv>
                    <Unicode>Bemühen erklärt, durch wiederholtes Studium des Stückes</Unicode>
                </TextEquiv>
            </TextLine>
            <TextLine id="r3l14" custom="readingOrder {index:13;}">
                <Coords points="1751,1112 2604,1122 2605,1097 2407,1080 1753,1069"/>
                <Baseline points="1760,1097 1801,1098 1843,1100 1885,1101 1927,1103 1968,1105 2010,1106 2052,1108 2094,1110 2135,1112 2177,1114 2219,1115 2261,1117 2302,1119 2344,1121 2386,1122 2428,1123 2469,1124 2511,1125 2553,1126 2595,1126"/>
                <TextEquiv>
                    <Unicode>zureichende Gründe für seine Annahme zu finden.</Unicode>
                </TextEquiv>
            </TextLine>
            <TextLine id="r3l15" custom="readingOrder {index:14;}">
                <Coords points="1848,1156 2728,1182 2796,1157 2798,1111 2687,1140 1850,1110"/>
                <Baseline points="1857,1144 1903,1144 1950,1145 1996,1146 2043,1147 2089,1148 2136,1150 2182,1152 2229,1154 2275,1155 2322,1158 2369,1159 2415,1161 2462,1163 2508,1165 2555,1166 2601,1168 2648,1169 2694,1170 2741,1170 2788,1170"/>
                <TextEquiv>
                    <Unicode>Ich äußere mich nun zur nothgedrungenen „Ablehnung“</Unicode>
                </TextEquiv>
            </TextLine>
            <TextLine id="r3l16" custom="readingOrder {index:15;}">
                <Coords points="1753,1178 2739,1220 2791,1214 2793,1176 1755,1134"/>
                <Baseline points="1762,1172 1813,1174 1864,1176 1915,1178 1966,1180 2017,1183 2068,1185 2119,1188 2170,1190 2221,1193 2273,1195 2324,1197 2375,1199 2426,1201 2477,1203 2528,1204 2579,1205 2630,1206 2681,1207 2732,1206 2784,1206"/>
                <TextEquiv>
                    <Unicode>des Stückes. In seinem Brief vom 1. September schreibt mir</Unicode>
                </TextEquiv>
            </TextLine>
            <TextLine id="r3l17" custom="readingOrder {index:16;}">
                <Coords points="1746,1219 1862,1224 1881,1210 1954,1235 1974,1224 2031,1234 2090,1219 2091,1196 1998,1190 1977,1171 1959,1186 1899,1190 1821,1175 1795,1187 1747,1178"/>
                <Baseline points="1754,1214 1779,1214 1804,1215 1829,1215 1854,1216 1880,1217 1905,1218 1930,1219 1955,1220 1981,1220 2006,1221 2031,1222 2056,1222 2082,1222"/>
                <TextEquiv>
                    <Unicode>Arthur Schnitzler:</Unicode>
                </TextEquiv>
            </TextLine>
            <TextLine id="r3l18" custom="readingOrder {index:17;}">
                <Coords points="2177,1216 2286,1249 2365,1231 2401,1254 2458,1237 2561,1257 2778,1253 2779,1219 2710,1207 2178,1198"/>
                <Baseline points="2185,1229 2214,1230 2243,1231 2272,1233 2301,1234 2331,1235 2360,1237 2389,1238 2418,1239 2447,1240 2477,1241 2506,1243 2535,1243 2564,1244 2593,1245 2623,1245 2652,1245 2681,1245 2710,1245 2739,1245 2769,1244"/>
                <TextEquiv>
                    <Unicode>Nehmen Sie, verehrtester Herr</Unicode>
                </TextEquiv>
            </TextLine>
            <TextLine id="r3l19" custom="readingOrder {index:18;}">
                <Coords points="1747,1255 2751,1296 2728,1248 1748,1221"/>
                <Baseline points="1756,1252 1805,1253 1854,1255 1904,1256 1953,1258 2002,1260 2052,1262 2101,1264 2150,1266 2200,1268 2249,1270 2298,1272 2348,1274 2397,1275 2446,1277 2496,1279 2545,1280 2594,1282 2644,1283 2693,1284 2743,1285"/>
                <TextEquiv>
                    <Unicode>Direktor, dieses Stück an oder weisen Sie es zurück? Ic</Unicode>
                </TextEquiv>
            </TextLine>
            <TextLine id="r3l20" custom="readingOrder {index:19;}">
                <Coords points="1748,1292 2576,1334 2758,1332 2782,1302 1749,1258"/>
                <Baseline points="1756,1288 1806,1290 1857,1292 1908,1294 1959,1297 2010,1299 2061,1300 2112,1303 2163,1305 2214,1306 2265,1308 2315,1309 2366,1311 2417,1313 2468,1314 2519,1316 2570,1317 2621,1318 2672,1319 2723,1320 2774,1321"/>
                <TextEquiv>
                    <Unicode>bitte um ein Ja oder Nein. Unter Ja verstehe ich die</Unicode>
                </TextEquiv>
            </TextLine>
            <TextLine id="r3l21" custom="readingOrder {index:20;}">
                <Coords points="1753,1332 2790,1357 2787,1324 1755,1292"/>
                <Baseline points="1761,1326 1812,1328 1863,1330 1914,1332 1965,1335 2016,1336 2067,1338 2118,1340 2169,1342 2220,1344 2271,1346 2322,1348 2373,1349 2424,1351 2475,1352 2526,1354 2577,1355 2628,1356 2679,1357 2730,1357 2782,1358"/>
                <TextEquiv>
                    <Unicode>bindende Zusicherung eines Termins im Verlauf der soeben</Unicode>
                </TextEquiv>
            </TextLine>
            <TextLine id="r3l22" custom="readingOrder {index:21;}">
                <Coords points="1749,1368 2775,1428 2777,1368 2743,1363 1750,1332"/>
                <Baseline points="1758,1363 1808,1365 1859,1367 1909,1370 1960,1372 2010,1374 2061,1376 2111,1378 2162,1380 2212,1382 2263,1383 2313,1385 2364,1387 2414,1388 2465,1390 2515,1391 2566,1392 2616,1393 2667,1395 2717,1396 2768,1397"/>
                <TextEquiv>
                    <Unicode>beginnenden Saison mit der Bedeutung eines Wortes von</Unicode>
                </TextEquiv>
            </TextLine>
            <TextLine id="r3l23" custom="readingOrder {index:22;}">
                <Coords points="1743,1413 2702,1443 2703,1412 2621,1396 1745,1369"/>
                <Baseline points="1752,1402 1799,1404 1846,1405 1893,1407 1940,1409 1987,1411 2034,1413 2081,1415 2128,1417 2175,1419 2223,1421 2270,1422 2317,1424 2364,1425 2411,1427 2458,1429 2505,1430 2552,1430 2599,1431 2646,1432 2694,1432"/>
                <TextEquiv>
                    <Unicode>Mann zu Mann. Alles Andere gilt mir als Nein.</Unicode>
                </TextEquiv>
            </TextLine>
            <TextLine id="r3l24" custom="readingOrder {index:23;}">
                <Coords points="1828,1441 2788,1482 2789,1449 2747,1438 1829,1416"/>
                <Baseline points="1837,1446 1884,1447 1931,1449 1978,1451 2025,1452 2072,1454 2119,1456 2167,1457 2214,1459 2261,1461 2308,1462 2355,1464 2402,1465 2449,1467 2497,1468 2544,1469 2591,1470 2638,1471 2685,1472 2732,1472 2780,1473"/>
                <TextEquiv>
                    <Unicode>Hierauf konnte ich meinem Antwortschreiben vom</Unicode>
                </TextEquiv>
            </TextLine>
            <TextLine id="r3l25" custom="readingOrder {index:24;}">
                <Coords points="1745,1490 2754,1522 2783,1479 1746,1447"/>
                <Baseline points="1753,1478 1804,1480 1855,1482 1906,1485 1957,1487 2008,1489 2059,1491 2110,1493 2161,1495 2212,1497 2263,1499 2314,1501 2365,1502 2416,1504 2467,1505 2518,1506 2569,1507 2620,1508 2671,1508 2722,1508 2774,1508"/>
                <TextEquiv>
                    <Unicode>2 September nur folgenden Schluß geben: „Wenn Sie mich</Unicode>
                </TextEquiv>
            </TextLine>
            <TextLine id="r3l26" custom="readingOrder {index:25;}">
                <Coords points="1745,1520 2769,1554 2770,1520 2723,1511 1746,1487"/>
                <Baseline points="1753,1518 1803,1519 1853,1521 1904,1523 1954,1525 2005,1527 2055,1529 2105,1531 2156,1534 2206,1536 2257,1538 2307,1540 2357,1542 2408,1543 2458,1545 2509,1546 2559,1547 2609,1547 2660,1547 2710,1547 2761,1546"/>
                <TextEquiv>
                    <Unicode>nun vor ein kategorisches „Ja“ oder „Nein“ stellen, so bin</Unicode>
                </TextEquiv>
            </TextLine>
            <TextLine id="r3l27" custom="readingOrder {index:26;}">
                <Coords points="1740,1559 2759,1598 2772,1554 1741,1520"/>
                <Baseline points="1749,1556 1799,1558 1850,1559 1900,1562 1951,1563 2002,1565 2052,1567 2103,1569 2154,1570 2204,1572 2255,1574 2306,1575 2356,1577 2407,1578 2458,1579 2508,1581 2559,1582 2610,1583 2660,1584 2711,1585 2762,1585"/>
                <TextEquiv>
                    <Unicode>ich in der Konsequenz meines letzten Briefes (vom 17. Juni)</Unicode>
                </TextEquiv>
            </TextLine>
            <TextLine id="r3l28" custom="readingOrder {index:27;}">
                <Coords points="1738,1600 2779,1621 2772,1589 1740,1559"/>
                <Baseline points="1746,1598 1797,1599 1848,1599 1899,1600 1951,1602 2002,1603 2053,1604 2104,1605 2156,1607 2207,1609 2258,1610 2309,1612 2361,1613 2412,1615 2463,1617 2514,1619 2566,1620 2617,1622 2668,1623 2719,1625 2771,1626"/>
                <TextEquiv>
                    <Unicode>genöthigt, „Nein“ zu sagen, denn die von Ihnen gewünschte</Unicode>
                </TextEquiv>
            </TextLine>
            <TextLine id="r3l29" custom="readingOrder {index:28;}">
                <Coords points="1736,1635 2695,1682 2785,1679 2787,1623 1737,1601"/>
                <Baseline points="1743,1632 1794,1634 1846,1636 1898,1638 1949,1640 2001,1641 2053,1643 2104,1645 2156,1647 2208,1648 2260,1650 2311,1651 2363,1653 2415,1654 2466,1656 2518,1657 2570,1658 2621,1660 2673,1661 2725,1663 2777,1664"/>
                <TextEquiv>
                    <Unicode>bindende Zusicherung eines Termins im Verlauf der soeben</Unicode>
                </TextEquiv>
            </TextLine>
            <TextLine id="r3l30" custom="readingOrder {index:29;}">
                <Coords points="1733,1679 2596,1708 2647,1695 2649,1659 1734,1638"/>
                <Baseline points="1741,1671 1788,1672 1835,1673 1882,1675 1930,1677 1977,1679 2024,1680 2072,1682 2119,1684 2166,1686 2214,1687 2261,1689 2308,1690 2356,1691 2403,1693 2450,1694 2498,1694 2545,1695 2592,1695 2640,1695"/>
                <TextEquiv>
                    <Unicode>beginnenden Saison zu geben, bin ich außer Stande.“</Unicode>
                </TextEquiv>
            </TextLine>
            <TextLine id="r3l31" custom="readingOrder {index:30;}">
                <Coords points="2355,1749 2389,1749 2419,1766 2471,1756 2496,1769 2511,1761 2565,1779 2640,1777 2663,1787 2668,1698 2644,1692 2573,1713 2525,1695 2461,1694 2431,1711 2410,1695 2357,1702"/>
                <Baseline points="2363,1740 2389,1737 2416,1735 2442,1734 2469,1736 2496,1738 2522,1740 2549,1743 2576,1746 2602,1748 2629,1750 2656,1751"/>
                <TextEquiv>
                    <Unicode></Unicode>
                </TextEquiv>
            </TextLine>
            <TextEquiv>
                <Unicode>box 20/1
Wiener ragblatt.
habe ich nicht das Herz gehabt, sie Ihnen früher offen aus¬
zusprechen; nur darum habe ich von Zeit zu Zeit mich immer
wieder Ihrer ernsten und sozusagen feierlichen Arbeit genähert,
stets mit dem besten Willen, mich nicht in meinen Zweifeln,
sondern in meinen Hoffnungen zu stärken. Leider aber ist das
genaue Gegentheil der Fall.“
Hieraus geht, wie aus allen anderen Briefen, die
zwischen Arthur Schnitzler und mir gewechselt worden
sind, hervor, daß die Annahme des Stückes nicht erfolgt war
und der Aufschub sich lediglich aus dem leider vergeblichen
Bemühen erklärt, durch wiederholtes Studium des Stückes
zureichende Gründe für seine Annahme zu finden.
Ich äußere mich nun zur nothgedrungenen „Ablehnung“
des Stückes. In seinem Brief vom 1. September schreibt mir
Arthur Schnitzler:
Nehmen Sie, verehrtester Herr
Direktor, dieses Stück an oder weisen Sie es zurück? Ic
bitte um ein Ja oder Nein. Unter Ja verstehe ich die
bindende Zusicherung eines Termins im Verlauf der soeben
beginnenden Saison mit der Bedeutung eines Wortes von
Mann zu Mann. Alles Andere gilt mir als Nein.
Hierauf konnte ich meinem Antwortschreiben vom
2 September nur folgenden Schluß geben: „Wenn Sie mich
nun vor ein kategorisches „Ja“ oder „Nein“ stellen, so bin
ich in der Konsequenz meines letzten Briefes (vom 17. Juni)
genöthigt, „Nein“ zu sagen, denn die von Ihnen gewünschte
bindende Zusicherung eines Termins im Verlauf der soeben
beginnenden Saison zu geben, bin ich außer Stande.“
</Unicode>
            </TextEquiv>
        </TextRegion>
    </Page>
</PcGts>
