3484 4320
2799 50 2916 103 sren
369 28 1525 125 es hrcheeshreeneenenmechunseerechrnche
1525 81 2701 149 oder unmittelbar etwas Großes für viele vollbringt. Die aus¬
2706 78 3322 154 tritt wieder zurück gegen das
351 102 1539 168 lichen und geistigen Lebens gegenüberstehen, ein Ausdruck,
1540 126 2707 190 erlesene Natur war es, die ihnen vorschwebte, und in der Aus¬
2708 135 3333 202 nach Vergeistigung und das leid
336 134 1541 221 vor dem man sich scheute und der doch zum charakteristischen
1537 176 2708 243 lese liegt schon das Moment der emporsteigenden Entwicklung.
2715 191 3343 252 die Rätsel des Lebens; all das
338 199 1538 257 Naturlaut für Tausende geworden ist. Daß sich zunächst eine
1546 228 2702 289 Der dumpfe Naturstand aber, dem sich heute die kultur¬
2711 240 3342 304 achtung und Willensverneinung
344 245 1532 307 Gruppe französischer Schriftsteller — mit jener in der Ge¬
1543 280 2699 335 müde Dichtung zuwendet, trägt keinen solchen Entwick¬
2711 288 3339 355 Unbewußte und der Unterschätzu
341 307 1529 363 schichte oft vorkommenden Selbstpreisgebung, die einen
1535 324 2711 381 lungskern in sich. Es ist kein Zurückdrängen in einen neuen
2708 338 3344 401 absurd geberden — es ist doch
344 350 1535 421 Schimpf ironisch aufgreift, um ihn in ein stolzes Bekenntnis
1544 378 2706 424 Anfang, sondern eine Neigung zum Ursprünglichen, das zu¬
2716 385 3349 451 Abwendung von der selbstzufrich
347 405 1532 469 zu verkehren — den Namen der Dekadenten beilegte, ist dabei
1539 433 2709 497 gleich Anfang und Ende ist, eine trotzig resignierte Vorliebe für
2716 436 3344 516 Zug, der bei aller scheinbaren
349 450 1542 506 nicht das Wesentliche. Das Merkwürdige ist, daß man sich
1532 487 2705 552 alles, was im Triebe keimt und untergeht, was unbewußt dem
2705 488 2973 570 Höhe weist.
346 492 1528 551 überall von dem Worte getroffen fühlte und mit einem Male
1539 526 2710 579 Falle entgegentaumelt. Es ist wiederum ein Faustischer
2781 528 3347 603 Das Theater ist diejenige
339 536 1536 615 entdeckte, daß der Zustand längst vorhanden war, ehe das
1536 574 2712 646 Drang, der an den Kern des Seins vordringen möchte, aber
2715 597 3346 667 der Offentlichkeit die stärkste Ber
343 595 1115 657 typische Wort für ihn geprägt wurde.
1539 628 2709 690 ein flügellahmer, der vorgibt, mit der Welt fertig zu sein und
445 625 1531 702 So geht es auch mit einer bedeutenden Anzahl physischer
2716 642 3349 712 Bildfläche aus am tiefsten auf d
1541 680 2711 742 darum nicht mehr durch die Welt hindurch stürmt, dem die
346 683 1537 751 Krankheiten. Wir haben neue Krankheiten, die wirklich neu
2707 697 3346 764 immer charakteristisch für das vol
1545 721 2710 780 Träume von Liebesglück, politischer Herrschsucht und antiker
351 741 1533 794 zu sein scheinen, weil sie mit früher unbekannten Bedingun¬
2711 739 3354 815 müter. Die drei Stücke nun, die
1541 778 2705 843 Schönheit längst erledigt scheinen und dem nichts ferner liegen
342 787 1526 856 gen des Kulturlebens zusammenhängen. Aber wir haben auch
2709 796 3348 855 zeit am meisten verwandte Empfin
1539 824 2710 880 kann, als der Weisheit letzter Schluß Freiheit und Leben täg¬
342 843 1539 898 solche, die immer da waren, ohne in ihrer Spezialität er¬
2715 847 3348 908 die Poesiefreudigkeit die ausgiebig
1539 881 2706 937 lich zu erobern und sie dadurch zu genießen. Es ist ein
356 881 1538 948 kannt worden zu sein. Man gab ihnen erst einen Namen,
2713 904 3349 963 alle das Zeichen der Dekadenze
1536 932 2706 985 Drang, sich in das Unbewußte einzuwühlen, aus dem wir
356 934 1535 999 als man ihr besonderes Wesen entdeckte und sie umgrenzen
2711 943 3359 1011 Dramen, die ich meine — das
1549 972 2710 1036 doch nur emporsteigen, um darin unterzutauchen, uns in Bil¬
325 981 1542 1037 und unterscheiden konnte. Das gilt vollauf vom geistigen
2709 997 3355 1061 „Der Schleier der Beat
1539 1026 2706 1087 dern anschaulich zu machen, daß wir mit dem Leben fertig
329 1020 1540 1099 Zustande der Dekadenze; das Wort würde nicht so lebhaft
2724 1036 3358 1101 „Pelleas und Melisan
339 1086 2712 1118 aufgegriffen, so sicher und ernsthaft angewendet, denn uns lnd, uns ironisch an unser Mottenschicksal, das hinter allen
2715 1096 3351 1161 in Herkunft, Stit und äußeren 2
347 1119 2705 1173 die Erscheinungen, die es bezeichnen soll, nicht längst vertraut Bestrebungen geborgen liegt, zu ergötzen und die letzte Illusion
2712 1145 3352 1208 denkbar. Da malt ein Russen
1535 1171 2702 1255 daraus herauszuschlagen, daß wir „uns keine Illusionen
341 1176 517 1252 wären
2714 1185 3359 1263 den pastosen Farben seines Vol
1542 1224 1748 1301 machen“.
445 1197 1545 1291 Können wir das Wort übersetzen? Nicht leicht. Das
2718 1235 3360 1300 Episodenfolge, die sich erst im na
1613 1265 2708 1327 Diese Art der Dekadenze beherrscht selbstverständlich nur
342 1253 1553 1346 ist ja die schwache Seite aller Sprachreinigung, daß sich mit
2713 1292 3359 1361 zen verbindet, das Elend einer
1539 1320 2706 1383 einen Teil der Literatur. Einem großen Teile der Schaf¬
335 1316 1535 1390 sdem Worte dort, wo es entsteht und zur Zeit, da es sich ein¬
2707 1346 3361 1406 aus, dort führt uns ein Wiener
1539 1373 2709 1435 fenden, und gerade jenem, der dem Volke in seiner breiten Ent¬
348 1376 1536 1432 bürgert, ein ganzer Komplex von Merimalen verbindet,
2713 1384 3364 1458 steigerten Lebensdrang der itali#
1537 1418 2707 1479 faltung nahesteht, ist sie ebenso fremd geblieben, wie Millio¬
340 1423 1530 1490 den die übertragung vergeblich an sich heranzuziehen sucht.
2714 1434 3366 1496 in der sich Fürst und Volk, der
1540 1468 2710 1533 nen von Genießenden. Dennoch will sie scharf ins Auge ge¬
348 1476 1468 1538 „Verfallen", „herabkommen“, „entartet“
2713 1491 3361 1553 schwelgen, und kann sich in der
347 1509 1541 1584 gibt das die Vorstellung vom Dekadenten, die uns so rasch
1545 1517 2715 1585 faßt sein: sie zieht magnetisch bedeutende Talente an sich und
2707 1535 3356 1603 Motive nicht genug tun, und in
347 1574 1543 1630 geläufig wurde? Bei all diesen Zuständen denken wir an eine
1550 1570 2718 1632 sie übt einen außerordentlichen Reiz auf die Jugend, die in
2712 1582 3372 1653 der Halbfranzose Maeterlinck, de
339 1614 1542 1672 Verwahrlosung, die den Indiviouen oder Gattungen
1539 1624 2712 1680 ihren Wallungen zu Extremen geneigt ist und der man eher
2724 1638 3369 1702 schaffen, in eine Balladenwelt, in
348 1675 1530 1731 kaum bewußt ist, von ihnen nicht gewollt war und die trotz¬
1541 1672 2718 1731 beikommt, wenn man alles bejaht oder alles verneint, als
2713 1686 3347 1760 realen Voraussetzungen ablösen
342 1717 1544 1781 dem durch Schwäche, Vernachlässigung oder Zuchtlosigkeit
1537 1722 2707 1793 wenn man ihr das Glück einer Bescheidung in gegebenen Gren¬
2711 1736 3372 1810 Bildern uns die Tragik einer
342 1746 1539 1818 eingetreten ist. Das stimmt aber nicht für das Dekadente in
1535 1774 2723 1837 zen vor die Sinne rückt. Der Mut der Bejahung ist selten ge¬
2787 1786 3371 1865 Durch diese grundverschieden
339 1816 1541 1880 unserem geistigen Leben. Das ist vielmehr ein bewußtes
1537 1822 2716 1883 worden, der der Verneinung reißt die Gemüter an sich. Mit
2716 1825 3367 1916 heitlicher Zug, die Versinnlichung
339 1867 2708 1927 Wegwerfen aller Stützen, die uns aufrecht zu halten scheinen, allem fertig zu sein, ist auch eine Art von Vollendung.
2709 1892 3372 1965 der ganz von selbst, ohne moral
346 1914 2721 1971 ein freiwilliger Verzicht auf alle Zuversicht, auf alles Fort= Nächst dem Stolze, alles im Leben zu erreichen, gibt es für
2722 1945 3373 2010 führt, der unverkennbare Zug ##
351 1961 2720 2032 bauen im Zuge der überlieferung, eine Müdigkeit, die mehr die Wallung des Ungeprüften nur den anderen, nichts
2711 2006 3368 2069 Moment im „Nachtasyl“ ist jen
349 2016 1540 2069 dem überdruß als der Kraftlosigkeit, mehr der Unbefriedi¬
1538 2028 2711 2088 [mehr am Leben zufinden. Es ist der Fiesko=Stolz,
2711 2042 3369 2127 der Herabgekommenste aller Her#
345 2059 1538 2112 gung als der Unfähigkeit entspringt. Die Wurzel des Wortes
1539 2071 2709 2138 eine Krone wegzuwerfen und dazu ein Rausch der Resignation,
2719 2102 3365 2165 zählt, wie er zum Verschwender,
344 2114 1534 2170 deutet auf einen Fall, aber, wie wir es gebrauche“, denken
1540 2124 2704 2182 der für den Abgrund schwärmt, in dem alles versinkt, der den
2723 2157 3374 2228 ling und Vagabunden geworden
351 2162 1535 2221 wir mehr an einen Sprung. Der Dekadente unseres geistigen
1546 2174 2713 2251 letzten Reiz in dem Dunkel findet, das alles in sich schlingt.
2718 2198 3355 2266 dem Refrain: „Warum? —
351 2215 1553 2265 Lebens gleitet nicht in den Abgrund hinab, weil er, schwächer
1624 2225 2718 2287 Es hat keinen Wert und auch keinen guten Grund, mit
2717 2241 3350 2326 tet. Und dieses Motto „Keine
342 2263 1539 2322 als die anderen, vom Schwindel erfaßt wird und sich nicht
1545 2278 2709 2341 pedantischer Entrüstung an die Dichtung, die aus solcher Stim¬
2708 2303 3374 2389 den Hauptcharakteren der beiden
340 2305 1540 2373 auf den Beinen halten kann, nein — er fühlt sich zum Ab¬
1540 2330 2707 2385 mung herauswächst, heranzutreten. Keinen Wert, weil einer
2723 2348 3372 2424 heißblütige Beatrice flatter in #
345 2361 1542 2428 grund hingezogen, weil das Geheimnis da unten ihm reiz¬
1549 2375 2716 2439 Empfindung, die sich an der Entwertung des Lebens ergötzt,
2711 2393 3374 2470 Treue zu Untreue, vom Liebes
342 2411 1541 2476 voller dünkt als die sichere Oberfläche des Lebens, die ihm
1549 2424 2707 2483 mit Argumenten nicht beizukommen ist, keinen guten Grund,
350 2448 958 2523 leer und unergiebig erscheint.
2720 2445 3363 2523 traume, eine schillernde Libelle, d
1546 2472 2716 2530 weil kein Zug der Gemeinheit in dieser Richtung liegt. Die
2717 2503 3371 2568 alles an ihr ist Trieb und ihr
438 2500 1547 2561 Das ist, wenn ich mich so ausdrücken darf, eine aktive
1546 2528 2708 2588 Ekstase der Resignation ist dem Idealismus verwandter, als
2719 2547 3371 2621 Melisande, reiner, poetischer, duf
354 2524 1545 2626 Dekadenze, die sich mit der passiven, die von der Gesellschaft
1550 2573 2702 2634 der kühle Respekt vor dem Gegebenen. Das hergebrachte Nüch¬
2716 2611 3373 2667 tin, selbstvergessene Geliebte, ster
349 2598 1552 2669 so gerne zugedeckt wird, leidenschaftlich beschäftigt, aber mit
1547 2623 2717 2687 terne, das Konventionelle ist der lebendige Tod, die Form ohne
347 2647 1541 2708 ihr nicht verwechselt werden darf. Mit einer Art Kultur¬
2708 2656 3373 2724 nung von Schuld und Schicksal
1539 2672 2712 2736 Leben. Die Vorliebe für die Dekadenze sieht wie Todessehn¬
350 2693 1556 2760 ekel sucht man im Denken und Dichten den gewonnenen
2702 2705 3368 2771 Blumendasein erlöschen. In alle
1547 2723 2708 2793 sucht aus und kann doch nur ein Rückschlag zum Lebensrausche
345 2733 1556 2809 Formen der Lebensordnung, in die man sich äußerlich wohl
2719 2756 3361 2809 Unbewußten, des Taumels, des 2
1546 2772 1732 2842 werden.
349 2806 1545 2871 oder übel einfügen muß, zu entkommen. Diese Flucht als
2703 2788 3367 2884 Mächte des Lebens, das willenlo
1656 2808 2703 2887 Jo, noch mehr, in dieser Flucht zum Unheimlichen,
357 2834 1560 2915 solche ist nicht neu; aber der Wig der Flüchtlinge ist ein
2715 2838 3357 2927 will. Aber merkwürdigerweise
1550 2860 2717 2933 Dunkeln, Sphilizartigen des Lebens, in dieser exaltierten
352 2888 1546 2959 neuer. Sie enteilen nicht auf die Höhe, von der man über
2709 2902 3373 2972 poetischen Dekadenze im Hinterg
1548 2928 2709 2985 Hingabe an das Verfallene und Verfallende liegt ein neuer
347 2932 1541 3011 die Interessen und Leidenschaften hinwegblickt, sondern in
2718 2946 3367 3017 mer von Frührot. Maeterlinck, d
1542 2974 2712 3046 Zug der Schwärmerei, die sich auf Umwegen dem Idealismus
355 2991 1552 3041 die Tiefe, wo die Instinkte zwanglos herrschen. Die über¬
2717 3007 3377 3068 bei dem man sich an einzeine Wo
1551 3026 2715 3082 aufs neue nähert und von der sich zu dem edlen Optimismus,
366 3034 1554 3110 zeugung, daß wir es durchaus nicht herrlich weit gebracht
2711 3048 3371 3116 muß, läßt aus Tod und Vernich
1558 3076 2710 3127 der durch die Jahrhunderte hindurch auf den Höhen der
363 3091 1545 3146 haben und daß all das angeblich Große, das wir aus ##m¬
2707 3102 3370 3176 zu Tode gequälte Reinheit als O
1555 3124 2716 3188 Menschheit waltet, eher eine Brücke schlagen läßt, als von den
358 3135 1549 3199 Naturstande herausbildeten, uns weder weiser noch glücklicher
2720 3150 3374 3237 erwachende Kind in die Hut der
1549 3175 2707 3230 Niederungen der Ernüchterung. In Philosophie, Politik und
363 3185 1539 3241 gemacht hat, spornt nicht diese Bildung zu überbieten, son¬
2720 3199 3330 3273 retten. Im Beatricendrama
1547 3226 2708 3281 Poesie haben die jungen schwanken Geister, die das Erbteil
367 3237 1542 3299 dern reizt, zum Anfang zurückzukehren und alles gleichsam
2720 3258 3372 3324 Schwelger, der durch die Wollust
1548 3280 2715 3341 vergangener Tage zu drücken begann, im letzten Menschenalter
367 3283 1554 3356 in die Wurzel zurückzudrängen, aus der vielleicht ein Neues
2719 3310 3361 3366 wollte, zum lZewußtsein einer
1541 3327 2714 3386 unverkennbar drei Phasen der Entwicklung durchgemacht, die
369 3339 1545 3394 und Besseres hervorleimt. Darum spricht man von Rückbil¬
2711 3342 3375 3412 über den traumhaften Wechsel der
1555 3375 2708 3429 man an den nachwachsenden Generationen deutlich verfolgen
363 3385 1551 3444 dung, Verfall, Dekavenze. Die Wurzel aber ist das Unbe¬
2712 3398 3375 3466 Durch das „Nachtasyl“ geht ein
1548 3425 2716 3487 konnte. Noch gegen 1870 hatte der ehrlich überzeugte Libe¬
370 3432 1552 3499 wußte, der Trieb, das naturnotwendige Wollen, in dem man
2716 3456 3376 3521 ein halb priesterlicher, halb verkon
1554 3473 2713 3538 ralismus, zugleich mit der Begeisterung für die klassische Lite¬
374 3484 1547 3539 die radikalste Erlösung von allem Herkommen und aller
2711 3493 3368 3575 Schwächen der übrigen nicht frei
1557 3530 2721 3588 ratur und jenen philosophischen Idealismus, den uns Kant
369 3530 1557 3587 überlieferung erblickt, und worin man mehr Wahrheii ersehen
2717 3544 3378 3624 Selbstverständliches, ein Bedürfn
1553 3577 2711 3628 hinterlassen, die Oberhand. Bald darauf folgte der skrupel¬
373 3577 1552 3631 will, als in aller mühsam erworbenen Wissenschaft. In einem
2715 3609 3375 3681 zu trösten und den Menschenwert
1550 3629 2714 3678 lose Kraftkultus in der Politik, der selbstzufriedene Mate¬
365 3626 1542 3690 blumenhaften Mädchendasein soll mehr Offenbarung des Le¬
2715 3656 3381 3740 weckt alle anderen zu einer Art #
1550 3674 2712 3737 rialismus in der Philosophie und der einseitige Realismus in
361 3676 1549 3746 bensgeheimnisses stecken, als in aller Weisheit des Sokrates,
1554 3716 3381 3782 der Literaiur. Und dann wieder ein Umschwung, der sich an nicht mehr erretten kann, aber d
358 3729 1549 3797 der aufrichtige Egoismus des Kindes uns mehr bedeuten als
366 3777 1472 3853 aller erworbene und verkündete Heroismus eines Helden.
1551 3778 3378 3860 der Grenzscheide des Jahrhunderts vollzoa: nach der politi= schenwürde in ihnen aufsteigen
