3436 4352
1885 498 2063 589 — 88 -
2000 609 3172 685 kennt ihn nicht mehr. Und traurig kehrt er zu seiner
827 619 2001 687 Dichters zurückzuholen. Den Dichter, den er an jenem
2017 668 3172 726 Frau zurück. Es ist die alte Geschichte, von der schon das
830 663 1988 729 Abend endlich persönlich kennen zu lernen gehofft hatte,
2015 711 3177 771 Volkslied warnend sagt, wie es nicht gut thue, wenn ein
833 724 1994 786 findet er neben dem Schleier tot; er hat Gift getrunken,
2004 750 3176 814 Jüngling zwei Mädchen liebe. Sie ist aber im ganzen
826 768 1998 831 da er innerlich mit seinem Leben fertig war. Beatrice
2004 794 3172 860 vortrefflich erzählt und erschließt manchen Blick in die
826 811 1986 865 wird von einem über ihre untreue Natur ergrimmten
2015 853 3166 908 Tiefen der Menschennatur. Nur der Schluß ist ein wenig
830 856 1999 916 Bruder erdolcht. In dem Augenslick, da die Morgenröte
2012 887 3165 946 ungeschickt gemacht. Wie hier Basedow ohne vorherige
835 903 1986 953 anbricht, rüstet der Feind sich zum Sturm auf die Stadt.
2012 932 3175 1006 Anmeldung beim Direktor der Anstalt gleich ins Zimmer
839 941 1997 1000 Der Herzog eilt auf den Wall zum Todeskampfe mit dem
2002 976 3176 1039 der Kranken gelangt, das ist in hohem Grade unwahr¬
842 987 1988 1054 Valentino, womit das Schauspiel schließt. Was in diese
2008 1022 3166 1080 scheinlich. Und noch eines ist zu sagen: so wie die Sache
837 1032 1990 1102 Haupthandlung für Nebenhandlungen eingeflochten sind
2013 1061 3171 1126 nun einmal lag, mußte Basedow entweder Kitty oder
840 1082 1997 1138 und welche Nebenpersonen, unter denen namentlich zwei
2015 1105 3178 1166 Eugenia unglücklich machen. Und eigentlich durfte er in
830 1124 2000 1171 Florentiner Courtisanen sich hervorthun, die das roman¬
2018 1149 3181 1209 diesem schlimmen Dilemma erwarten, die geistig höher
833 1171 1982 1234 tische Stück reich beleben, kann hier nicht erzählt werden.
2016 1196 3177 1256 Stehende, die Siudentin der Mathematik, werde eher
847 1209 1998 1268 Auf Loschi und Beatrice kommt alles an, sie sind die
2010 1239 3168 1297 über eine solche Enttäuschung hinwegkommen, als das
838 1261 2000 1320 wichtigen Gestalten. Beide stehen sie jenseits des sitt¬
2013 1284 3176 1348 schlichte Bürgermädchen, dem er zu Hause die Ehe ver¬
838 1300 1996 1359 lichen Verantwortlichkeitsgefühls. Loschi ist zwar bereit,
2006 1336 3164 1409 sprochen hatte. Insofern muß man seine Handlungsweise,
841 1350 2001 1405 sich ohne Widerspruch vom Grafen Andrea, dem Bruder
2070 1378 3174 1435 abgesehen von dem Unrecht der ersten Untreue, das
831 1382 1992 1445 der verlassenen Braut, nieberstoßen zu lassen, aber nur,
2013 1412 3183 1468 er begieng, — als relativ korrekt billigen, eine Er¬
839 1429 1988 1499 weil er Mannes genug und stolz genug ist, den äußer¬
2014 1453 3186 1523 wägung, durch welche das Interesse an Eugenias Schick¬
836 1470 1996 1537 lichen Konsequenzen seiner Handlungsweise nicht auszu¬
2025 1516 2787 1580 sal einigermaßen abgeschwächt wird.
839 1517 1999 1584 weichen. Vor seinem eigenen Selbst nimmt er als Dichter
839 1558 2002 1633 das Herrenrecht eines Bevorzugten in Anspruch, der von
2067 1538 3175 1628 Boubouroche. Tragische Possen von Georges
836 1618 1989 1662 seiner Phantasie allein bestimmt wird, sich in seinem von
2014 1610 3177 1673 Courteline. Deutsch von Sigfried Trebitzsch. (Wiener
844 1649 1998 1712 der Phantasie abhängigen Liebesleben volle Wahrheit
2021 1665 2352 1722 Verlag. 1901.)
846 1697 1994 1770 schuldet. Beatrice handelt ebenso unbedenklich wie die
2073 1680 3183 1750 Drei der Dialoge aus dem Pariser Leben, die das
836 1739 1994 1813 antike Helena. Wie diese ist sie die Verkörperung des
2009 1742 3184 1798 kleine Buch umschließt, haben doch wohl nur für Pariser
838 1796 1998 1846 aphrodisischen Lebenszweckes und in den Wechsellaunen
2016 1780 3188 1849 Sinn und Reiz; Gepflogenheiten und Typen der Pariser
834 1831 1999 1905 ihres Herzens so unschuldig wie die Amsel im Frühlings¬
2015 1845 3178 1892 Polizei und der Post und sonstigen Beamtenwelt sind
845 1874 1998 1932 walde. Dem Vorwurfe, den ethische Beurteiler dem
2024 1886 3191 1937 Gegenstand der kleinen satirischen Karikaturen. „Bou¬
845 1917 1998 1976 Schauspieldichter daraus machen könnten, daß er solche
2012 1909 3170 1973 bouroche“ aber, ein Dialog in zwei Scenen, wird — ob¬
842 1961 2009 2019 Naturen in die schöne, verführerische Beleuchtung der
2015 1980 3177 2026 schon ebenfalls sehr pariserisch — überall Spaß machen.
2018 2024 3190 2067 Daß darin die ungeheure Ueberlegenheit des frechen
834 2010 1996 2066 Kunst gerückt habe, begegnet er badurch, daß er sie tragisch
2015 2051 3183 2121 Weibes über den von ihm betrogenen gutmütigen Mann
844 2067 2009 2124 zu Grunde gehen läßt; sie zahlen ihre Eigenart mit ihrem
2022 2094 3182 2165 geschildert werde, kann man nicht ohne weiteres sagen;
850 2106 1026 2164 Leben.
887 2115 2000 2192 Als Theaterbichtung ist Schnitzlers „Schleier de Jea¬
2014 2141 3186 2196 man muß wenigstens hinzusetzen: über den Mann, der
2011 2192 3183 2242 vorher fünfzehn Glas Bier getrenken hat. Bonbouroche,
847 2181 1998 2249 trice“ ein für den Regisseur ungemein dankbares Stück,
2026 2231 3193 2294 den auf dem Umschlag des Buches ein lustiges Bild von
840 2240 2007 2281 indem es Gelegenheit giebt, alle Künste moderner Aus¬
2032 2268 3181 2333 F. Barrère porträtgetreu darstellt, ist doch kaum mehr ein
851 2272 2002 2328 stattung und Pracht der Inscenierung zu entfalten. Ebenso
2016 2313 3191 2373 Mann, sondern ein Schwamm. Daher kann man es nicht
845 2317 1999 2380 stellt es den Mimen große Aufgaben und bietet Ueber¬
2026 2356 3187 2424 tragisch nehmen, wenn seine Geliebte ihm schließlich ver¬
845 2358 2003 2420 raschung auf Ueberraschung, da immer wieder etwas an¬
2027 2406 3194 2473 zeiht, daß sie ihn acht Jahre lang mit einem jungen
847 2399 2000 2458 deres geschieht, als man erwarten konnte, und dieses
2019 2447 3184 2508 Menschen betrogen hat, den er eines Tages im Wand¬
842 2447 2007 2505 andere, wie sprunghaft es manchmal einsetze, doch psycho¬
849 2497 2002 2552 logisch gerechtfertigt wird. Und ebenso ist der poetisch¬
2025 2482 3190 2559 schrank ziemlich komfortabel eingemietet entdeckte. Nicht
2024 2532 3196 2609 nur die Völker haben die Regierungen, die Männer auch
838 2535 2001 2607 litterarische Wert der gedankenvollen Dichtung unbestreit¬
844 2579 2011 2653 bar, obschon der Dialog in den versifizierten Seenen öfter
2019 2589 3021 2652 die Frauen oder Maitressen, die sie verdienen.
2083 2604 3187 2679 Franz, Roman von Adolf Wilbrandt. (Stutt¬
841 2622 2006 2681 etwas schwülstig und schwerfällig ist und hie und da an
848 2677 1999 2746 ein mühseliges Schreiten in langen Prachtgewändern ge¬
2023 2667 3183 2751 gart. J. G. Cotta'sche Buchhandlung Nachfolger. 1901.)
2032 2719 2726 2779 452 S. Preis geheftet 3 M. 50.
849 2720 1031 2786 mahnt.
2088 2728 3194 2818 Wilbrandt ist thätig; in der „N. Zürch. Ztg.“ erscheint
914 2751 2003 2841 Die Studentin. Eine Novelle von J. E. Po¬
2032 2799 3193 2860 von ihm ein Roman Ein Mecklenburger“. „Franz“ ver¬
851 2828 1761 2876 ritzky. (Berlin, Hermann Walther 1901.)
2029 2836 3196 2901 dient Käufer und Leser. Die Leser werden sich gefesselt
915 2859 2016 2926 Man muß aus dem Titel dieser tragisch verlaufenden
2018 2901 3192 2956 fühlen, ob aber immer und zuletzt befriedigt, ist eine
848 2900 2015 2975 Liebesgeschichte nicht etwa den Schluß ziehen, die beson¬
2026 2929 3179 3005 andere Frage. Franz ist ein so vollkommener Muste¬¬
847 2944 2002 3007 dere modeene Erscheinung der Studentin im socialen Le¬
2035 2978 3195 3044 mann, er wird von seinen Bekannten und Freunden der¬
858 2987 2009 3055 ben der Gegenwart sei Gegenstand der Novelle. Daß
2024 3021 3194 3091 maßen angestaunt und vergöttert, daß man fast nicht an¬
856 3043 2016 3087 Eugenie Madjanska in Berlin Studentin ist und als
2029 3064 3201 3125 ders kann, als rebellisch oder neidisch werden. Sein
860 3082 2013 3141 solche den Studenten Basedow kennen lernt, ist mehr ein
2023 3116 3197 3184 vielsagendes Lächeln wird zu oft hervorgehoben. Daß der
860 3128 2011 3203 zufälliger Umstand als ein entscheidendes Merkmal der
2022 3170 3184 3224 Roman geistreich ist, versteht sich; man darf hehaupten,
853 3172 2002 3228 Handlung. Um ihretwillen vergißt Basedow seine Kitty,
2022 3206 3189 3264 er habe sittliche Haltung, zeige sogar manchmal religiöse
856 3223 2014 3284 die er als Verlobte im Heimatstädtchen zurückgelassen hat.
2027 3255 3192 3313 Weihe; um so mehr befremdet es, daß Franz, während seine
862 3266 2015 3318 Als dann ein Brief dieser Kitty der edeln Eugenia in
2030 3285 3204 3363 Frau in der Irrenanstalt weilt, ohne Scheidung sich in
847 3303 2017 3365 die Hände fällt, verläßt sie sofort Basedow, kann aber
2019 3347 2854 3417 ein ernsthaftes Liebesverhältnis einläßt.
848 3344 2015 3409 die schreckliche Enttäuschung ihrer ersten und reinen Liebe
2093 3354 3196 3426 Seine Selbstopferung erweckt bei allem Edeln doch
846 3394 2015 3452 nicht verwinden. Sie verfällt in Trübsinn und wird end¬
2031 3422 3196 3492 Widerspruch. War es wirklich Pflicht, daß er den an
848 3430 2011 3484 lich wahnsinnig. Inzwischen war Basedow in seine Hei¬
2037 3466 3200 3525 Flecklyphus todkrank darnieder liegenden Freund küßte
851 3479 2009 3545 mat gereist, hatte — nicht ohne geheime Selbstvorwürfe
2022 3506 3194 3580 und zwar auf den Mund küßte und sich damit selber töd¬
919 3525 2013 3581 Kitty, die er wieder sehr reizend fand, zu seiner Frau
2027 3546 3199 3615 lich ansteckte, während der Kranke in seinem Fiebertaumel
850 3564 2015 3627 gemacht und sich leidlich in das kleine Philisterdasein des
2029 3594 3199 3659 kaum wußte, was ihm geschah? Standen nicht andere,
854 3611 2012 3665 Provinzstädtchens gefunden. Ein Jahr später aber führt
2028 3634 3186 3698 wohl höhere Pflichten entgegen, z. B. die Rücksicht auf
864 3657 2012 3717 ihn sein Weg wieder nach Berlin und nun erst erfährt
2030 3682 3195 3759 seine Frau, eben jenes, unterdessen nach dem Tode seiner
860 3705 2025 3761 er, daß Eugenia als unheilbar wahnsinnig in einer Pri¬
855 3741 2762 3796 vatirrenanstalt untergebracht ist Dort besucht er sie: sie ersten Gattin geheiratete Mädchen?
1555 3832 2479 3899 Druck und Verlag von Jent & Co. in Bern.
