3484 4256
301 126 462 222 14
1947 121 2396 225 box 20/4
454 136 1792 244 Der Schleien derBeatrice
193 1473 980 1570 Davei mußte allerdings in die
990 1472 3218 1556 den Kriegsmaschinen, mit denen vor Einführung der Mit der fortschreitenden Entwickelung der Technik
173 1544 975 1606 mneingeleuchtet werden, in der die
992 1549 2085 1614 Pulvergeschütze befestigte Orte angegriffen und ver¬
2074 1544 3217 1616 nahmen jedoch die Schwierigkeiten der Bau=Aus¬
840 1586 1074 1658 EDis WA FArEAunn
988 1652 2084 1721 nicht umschleierter? Ein Prüfer, ein Zweifler an
2106 1669 3216 1727 kleinen Schar, die seinem Schatten folgt. Beatrice ist
154 1644 843 1753 Schleier der Beatrice.
984 1706 2100 1770 allen Daseinswerten, eifersüchtig auf Träume, ein
2102 1710 2948 1785 die stärkste seiner bisherigen Dichtungen.
163 1724 733 1814 auspiel von Arthur Schnitzler.
990 1753 2100 1809 Mittelbarer, kurz: ein Dichter. Es gibt keinen
2604 1766 2714 1870 II.
993 1799 2103 1855 besseren Vergleich in der Welt der Taten als den
175 1802 844 1886 üihrung im Deutschen Theater.
2147 1815 3218 1916 Nicht die gelungenste, noch die gefälligste. Ich
986 1853 2101 1915 schrecklichen eines Lustmörders; der Besitz des Leibes
2119 1891 3221 1941 will kurz sein. Von den Versen schweig' ich. Das
995 1906 2089 1962 genügt ihm nicht — er schlitzt ihn auf, um das Ge¬
162 1913 972 2005 trice? Sie verläßt eine Art Bräutigam
2110 1935 3220 2007 Profil des Stücks ist unbeholfen. Sehr viel Ballast;
986 1941 2080 2010 heimnis herauszuholen. Er selber leidet an der Qual,
167 1987 963 2053 Dichter Filippo Loschi, geht wieder zum
992 1996 1280 2069 die er schafft.
2112 1983 3220 2066 sehr viel Zwecklosigkeit. Es fehlt die leichte Hand
2101 2035 3222 2117 und die wundersame Klarheit der lateinischen Völker.
172 2040 965 2108 t den Bräutigam für einen Herzog,
1016 2026 2090 2115 Das denkwürdigste Bild eines solchen Mannes
159 2088 958 2135 eder für den Filippo Loschi, den ge¬
2113 2092 3217 2160 Manches „kommt“ dramatisch nicht „heraus“. Gleich¬
982 2090 2095 2173 bleibt Hebbels Herodes — der alle Möglich¬
174 2134 954 2203 wieder für den lebenden Herzog. Sie
2108 2132 3221 2203 viel: das kann uns dies Gesamtgebilde nicht verleiden.
983 2129 2090 2202 keiten in die letzten Schlupfwinkel verfolgt, um
160 2173 964 2261 zehn Jahre, und lebt in der Renaissance¬
2117 2186 3222 2259 Es ist Blut von unserem Blut; Allermenschlichstes redet,
988 2189 2087 2244 ein gesteigertes Bewußtsein des Geliebtwerdens
185 2237 967 2290 ist mehr als ein Mädchen: sie ist ein
2106 2238 3230 2294 klagt ... und verstummt. Ich will von der leichten.
987 2239 2089 2300 herbeizuführen; er hat die Verzweiflung sehn¬
172 2276 976 2341 mmenfassung; ein Urbild. Beatrice ist
2112 2290 3219 2357 Aufgabe abstehen, die dramaturgischen Schwächen dar¬
978 2287 2085 2344 süchtigen Mißtrauens; er grübelt: wie sich Mariamne
236 2334 961 2387 — mit der wir den ewigen Liebes¬
2104 2342 3223 2398 zutun; jeder Hörer hat sie bemerkt — während nicht
977 2337 2093 2414 verhalten könnte, wenn er eines Tages tot wäre;
173 2381 969 2451 ie als Stellvertreterin eingesetzt ist (in
2113 2381 3215 2464 jeder den starken Besitz wahrgenommen hat, den so
1073 2385 2095 2455 es ist das tiefste Liebesdrama aller Zeiten;
2116 2428 2612 2498 ein Drama verleiblicht.
170 2427 969 2491 Exemplaren) des großen, triebhaften
983 2438 2101 2491 hier wird der ganze Abgrund stabiliert — in dem
160 2468 967 2541 die Menschen zur Welt bringt; die sich
2154 2456 3209 2549 Nur ein Wort über die Darstellung. Rudolf Rittner
984 2489 2094 2541 sich beides umschlingt: untrennbare Gemeinschaft
185 2527 970 2595 so weit noch nicht entfernt hat wie der
2110 2536 3211 2589 war ein Besetzungsirrtum. Er war für diesen Liebes¬
982 2532 2097 2596 und ewige Fremdheit zwischen „Liebenden". Oder:
187 2583 969 2641 Grund den Erwägungen egoistische
2104 2585 3217 2642 hamlet so unzureichend ... wie er zuletzt für den
985 2580 2092 2643 zwischen Menschen. Es wird nur herdischer, wüsten¬
159 2624 969 2679 trice bleibt das Unbewußte gegenüber
2113 2642 3207 2703 Dänen Hamlet unzureichend wäre. Eine nervenfeine
990 2637 2086 2692 hafter ausgedrückt; später sagt es der stille Jacobsen
156 2663 963 2739 ßten; der Lebenstrieb, der nicht gar so
2110 2683 3215 2747 Welt gestufteren Fühlens, halber Regungen, ver¬
1000 2672 2096 2752 im Niels Lyhne mit folgenden Worten: „Es war das
163 2721 970 2785 mständen mäkelt; der sich rasch anpaßt;
2123 2730 3206 2783 borgener Anläufe, gespaltener Triebe und mißtrauischer
985 2727 2089 2793 große Traurige, daß eine Seele stets allein ist. Es war
156 2776 971 2823 leierte Kreatur (umschleiert für unsern
2122 2780 3215 2833 Empfindsamkeit: das ist die Welt dieses in der Schlicht¬
981 2777 2083 2846 eine Lüge, jeder Glaube an die Verschmelzung von Seele
152 2820 959 2888 ebenden Ganges diese Erdentage durch¬
989 2829 2088 2896 und Seele. Nicht die Mutter, die uns auf den Schoß
2106 2832 3216 2889 heit großen Darstellers nicht. Seine tiefste Kraft steckt
154 2868 969 2924 o nicht unser systematisierter Egoismus
2117 2876 3216 2928 wahrscheinlich doch in der graden Linie. Es gibt kein
975 2873 2093 2934 nimmt, nicht der Freund, nicht das Weib, das an
156 2916 955 2984 ern machte, ins Elend peitschte. „War
2122 2920 3177 2995 anderes Wort: er war am Sonnabend ein Hoboist.
974 2926 2087 2998 unserem Herzen ruhte ...“ Die tiefste Erfahrung, die
173 2964 955 3048 h, was ich verbrach?“ Nein, Beatrice,
971 2972 2090 3049 jemand außer dem Geborenwerden und dem Sterben
2147 2973 3218 3035 Bleibt der Herzog. Herr Kayßler gab eine andere
162 3006 677 3085 Opfer als „Verbrecherin“.
980 3026 2092 3092 durchmachen kann, richtet sich hier in leibhafter
2105 3006 3209 3094 Gestalt als die vom Dichter geschriebene. Was
165 3061 970 3139 sogar, Beatrice, mit größerem Recht
987 3063 2086 3119 Gestaltung auf. Schnitzler muß wohl ein Dichter sein.
2111 3082 3219 3144 er wegließ, war die heitere Festigung eines Aus¬
184 3111 2101 3207 des Filippo Loschi“ reden. Ist er Er geht, nicht unwert des großen Hebbel, in der allzu
2122 3129 3229 3208 geglichenen, der ein feiner Lebensüberwinder sein soll;
