3248 4256
1996 157 2421 246 box 20/1
303 158 1836 262 14. Der Schleier der Beatrice
531 852 758 936 S
985 864 1167 940 S
1475 862 1724 939 S
2464 877 2667 942 S
2975 859 3235 942 S
910 911 2086 977 Tage später dem Burgtheater, nebst seinem prinzipiellen Ein¬
2076 923 3239 977 kann glücklich werden nach seiner eigenen Fagon, und wenn die
212 934 597 1020 illeton.
918 965 2083 1012 verständniß zu Strichen und Aenderungen, das gewünschte Recht
2076 974 3247 1017 bisherige Thätigkeit des Herrn Direktors Schlenther am Burg¬
504 984 899 1066 (Nachdruck verboten.)
920 1013 2077 1053 der Erstaufführung und erbat, wie sich das in solchen Fällen von
2077 1003 3239 1065 theater seinen dortigen Gönnern zu schönen Hoffnungen für die
921 1045 2073 1094 selbst versteht, einen Aufführungstermin, vor Allem aber, behnfs
2074 1040 3242 1096 Zukunft Veranlassung giebt, so sind wir Berliner die Letzten, die
196 1058 686 1142 all Schleuther.
918 1087 2081 1141 Erledigung der zur Darstellung des Werkes nöthigen Besetzungs¬
2080 1072 3240 1147 sich zu einem Einspruch berufen fühlen. Anders jedoch als mit
2084 1125 3244 1180 dem künstlerischen, steht es mit dem menschlichen point d’honneur.
921 1119 2075 1182 und Aenderungsfragen, eine baldige Unterredung mit dem
207 1103 916 1175 eit ausgebrochen, der weder mit der
913 1168 2073 1217 Direktor. Vier Monate lang blieb Arthur Schnitzler auf dieses
2087 1169 3247 1209 Der kümmert uns bei Herrn Schlenther gerade so viel wie die
206 1166 909 1226 munalen Politik etwas zu schaffen hat,
911 1206 2084 1271 in der Zwischenzeit erneuerte Ansuchen ohne Antwort, mit
218 1208 907 1257 Athem hält. Die Direktion des Burg¬
2080 1206 3248 1264 Wiener und wir möchten fast sagen, noch mehr, denn indem
915 1237 2081 1292 Ausnahme einer einzigen, erst Anfangs Juni eingelangten Karte,
212 1242 907 1299 Schwanken das neueste Werk eines der
2084 1240 3239 1284 Dr. Schleuther nach Wien ging, um dort als Direktor in einer
914 1270 2072 1327 in welcher der Direktor mittheilt, er werde sich „dieser Tage zum
224 1280 908 1334 darob ist heiße Fehde entbrannt. Die
2070 1276 3235 1331 der höchsten Stellungen, die Oesterreich zu vergeben hat, auf
198 1320 904 1368 Kritik und dramatischen Produktion haben
918 1320 2072 1366 dritten Male an das Studium des Stückes machen“ und den
2078 1318 3235 1370 einem der exponirtesten Posten also, Berlinerthum zu vertreten,
911 1360 2077 1411 Autor ersucht, „seine hart auf die Probe gestellte Geduld noch
196 1364 915 1410 kinen flammenden Protest gegen das Vor¬
2078 1347 3240 1404 muß er sich's wohl auch gefallen lassen, daß wir Berliner
924 1404 2074 1447 einige Tage laufen zu lassen“. Erst am 18. Juni erhielt Arthur
199 1399 905 1451 terzeichnen, und in sämmtlichen Wiener
2082 1401 3247 1455 nicht leiden mögen, wenn er uns Unehre macht als Mensch, als
913 1435 2073 1490 Schnitzler ein Schreiben des Direktors, worin dieser nunmehr Be¬
2074 1442 3240 1490 Berliner, um von seiner Kunst ganz zu schweigen. Darum können
209 1434 920 1493 dkument mit trotziger Ausführlichkeit an
915 1480 2067 1528 denken gegen die Erfolgsmöglichkeit des Stückes erhebt und nach
223 1477 918 1533 der Parlamentsauflösung, der China¬
2085 1478 3243 1532 wir den Protest der Wiener Schriftsteller nicht mit einem über¬
920 1516 2071 1568 ausführlicher Darlegung derselben dem Verfasser proponirt: „Warten
194 1511 910 1574 eachtet, was sonst die Welt bewegt. Die
2075 1513 3249 1584 legenen Lächeln abthun. Er treibt uns vielmehr die Schamröthe
2088 1552 2678 1609 ins Gesicht. „Wir erachten es“ —
914 1558 2069 1597 bis zum Frühjahr! Sehen, wie dann die Konstellation am Burg¬
201 1550 921 1612 austrande hallen wieder von dem Klirren
2690 1552 3085 1610 so sagt der Protest
3070 1560 3240 1614 — „im
910 1589 2072 1640 theater ist.“ Das vier Monate inne gehabte Recht der ersten Aufführung
208 1596 909 1650 it dem „Schleier der Beatrice“ — so
2085 1593 3235 1638 Interesse der Autorität des Direktors des Burgtheaters für ge¬
909 1619 2077 1687 wurde in diesem Schreiben zurückgelegt mit dem Beisatze: „Ich
308 1621 906 1695 hat sich Vindobona (ist man ver¬
2078 1634 3241 1680 boten, daß sein in Ausübung des Amtes hinausgegebenes Worl
923 1676 2069 1714 müßte es mir selbstverständlich gefallen lassen, daß eventuell
2084 1673 2917 1717 einer gewissen Verläßlichkeit nicht entbehre ..
203 1665 912 1735 upt verhüllt, und für den Augenblick
3030 1674 3239 1732 Daß ein
912 1707 2078 1766 Berlin oder München vorangehen.“ Diese für das Schicksal des
2075 1691 3238 1759 Wort einer gewissen Verläßlichkeit nicht entbehre! Es braucht in
248 1698 906 1769 ihrem Antlitz nichts zu sehen,
919 1748 2073 1802 Stückes so wichtigen Eröffnungen entzogen sich eben durch den
239 1738 915 1797 Phäakenstadt! So sehr ist der Spott
2077 1747 3237 1799 Deutschland viel, viel weniger, damit man seine Zeugen schicke.
918 1786 2075 1834 Umstand, daß sie erst knapp vor Eintritt der Ferien an den Ver¬
208 1782 908 1833 Natur geworden, daß er, wenn man ihm
2081 1791 3239 1840 Hat denn Herr Direktor Schlenther die Traditionen, in denen er
924 1831 2071 1877 fasser gelangten, einer sachgemäßen Entgegnung, weshalb Herr
199 1824 910 1888 ß, warum er eigentlich spottet. So viel
2078 1829 2889 1884 zum Doktor aufwuchs, schon ganz vergessen?
916 1861 2081 1911 Arthur Schnitzler erst zu Beginn des neuen, gegenwärtigen Spiel¬
192 1866 911 1913 Theaterstück! Aber ist es wirklich nur
2151 1851 3259 1927 Leider aber ist es mit den Folgerungen, die sich schon für einen
912 1889 2081 1952 jahres an die Direktion des Burgtheaters einen Brief richtete, in
205 1912 910 1958 m das es sich handelt? Vielleicht wird
2084 1884 3241 1962 Dritten, sei er auch nur ein Gentleman und im Uebrigen mit den
913 1948 2073 1996 welchem er im Zusammenhalte der beiden ihm vermittelten Be¬
193 1944 913 1996 er Betrachtung vergehen, und am Ende
2081 1943 3244 2010 Verhältnissen gar nicht vertraut, aus der nackten Darlegung des
923 1983 2075 2037 scheide vom 13. Februar und vom 17. Juni die Anfrage steute, ob
195 1985 903 2046 ir uns nicht Wiener, sondern Berliner
2078 1987 3244 2044 Sachverhöltes ergeben, gar nicht abgethan. Wir hier in Berlin,
923 2027 2072 2071 sein Stück innerhalb der jetzt laufenden Saison, also über den
219 2024 903 2078 Aus das wäre möglich. Sehen wir zu.
2080 2022 3243 2080 die wir keinst Herrn Dr. Schlenther ebenso kannten, wie jetzt die
923 2059 2077 2119 proponirten Zeitpunkt der zu erwartenden „Konstellation“ hinaus,
210 2062 907 2119 zember 1899 reichte der Wiener Autor
2083 2067 3243 2107 Wiener den Herrn Direktor, haben mit diesem noch ein besonderes
916 2101 2074 2150 angenommen sei oder nicht. Auf dieses Schreiben vom 1. Sep¬
197 2097 911 2151 #r unsern Lesern nicht erst vorzustellen
2084 2107 3246 2151 Sträußchen zu pflücken, und zwar um des Briefes willen, den wir oben
915 2140 2070 2199 tember erfloß am folgenden Tage vomn Herrn Direktor Dr. Paul
192 2130 906 2190 Detes Drama Der Schleier der Beatrice“
2079 2139 3244 2190 im Wortlauke reproduzirten. „Freundschaftlich warnen möchte ich Sie
916 2168 1565 2226 Schlenther ein ablehnender Bescheid.
204 2168 907 2233 eißt noch in Manuskriptform, dem Burg¬
2077 2188 3259 2234 vor dem Deutschen Theater, das bei seinem jetzigen Personal,
984 2220 2071 2268 Das ist der Sachverhalt und wir denken, schon dieser allein,
195 2215 915 2270 hitze seit Jahr und Tag bekanntlich unser
2082 2225 3239 2274 ohne Kainz [Kainz, den Schleuther selber dem Deutschen Theater
919 2249 2077 2305 schlicht nacherzählt, wie's sine ira et studio der Protest der
202 2263 913 2314 herer Exkollege, Herr Dr. Paul Schleuther,
2072 2267 3259 2316 genommen hat!) und Sorma, der Riesenaufgabe nicht gewachsen
906 2296 2072 2338 Wiener Schriftsteller thut, muß genügen, uns das spöttische Lächeln
196 2297 907 2348 ob nach der ersten Lesung des Stückes
2074 2297 3261 2349 ist.“ Es giebi in unserer Sprache nur ein Fremdwort, um das
917 2338 2074 2387 von den Lippen zu scheuchen, mit dem wir die Wiener bedenken
196 2337 910 2388 asselbe, trug vielmehr eigenhändig eine
2085 2341 3259 2401 zu bezeichnen, dessen Schlenther sich mit dieser „Warnung“ schuldig
912 2377 2072 2423 wollten. Es ist doch mehr als doß ein bischen Theaterstück, das
250 2375 918 2430 ins Manuskript ein und nahm im
2084 2378 3234 2429 gemacht hat: Felonie. Wie? Herr Schlenther wagt es, dem
914 2414 2071 2460 da auf dem Spiele steht. Herr Direktor Dr. Paul Schlenther hat
2081 2415 3239 2479 Deutschen Theater in den Rücken zu fallen, dem er sich
223 2394 907 2474 Aufführung einige Streichungen vor.
920 2450 2077 2501 mit dem Rufe, der ihn von dem Berliner Redaktionsstuhle fort an
195 2451 917 2514 Folgten Begegnung dankte Herr Direktor
2076 2456 3247 2498 einst mit Leib und Seele verschrieb, das er einst
907 2489 2069 2538 die vornehmste Stätte deutscher Bühnenkunst holte, doch zugleich
2077 2492 2778 2548 nicht genug in den Himmel
209 2475 912 2540 noch mündlich für die Uebersendung des
2770 2494 3260 2551 heben, nicht genug
911 2530 1917 2589 auch die moralische Verpflichtung angenommen,
1902 2531 2074 2577 seiner
209 2513 912 2589 sechs Wochen später empfing Arthur
2085 2535 3242 2584 sich aneignen konnte, da er auf dessen Erfolgen selber emporstieg
914 2566 2074 2617 Heimath und seiner Vergangenheit Ehre zu machen. Inwieweit
210 2574 907 2625 des 13. Februar 1900 nachstehenden
2076 2576 3231 2628 und sich das Piedestal zu bauen wußte, auf dem ihn später die
918 2609 2068 2660 er das auf künstlerischem Felde gethan hat, muß dahingestellt
2079 2607 3242 2670 erschauten, die ihn nach Wien beriefen? Wie Herr Schleuther
204 2601 907 2665 Hand des Herrn Direktors Dr. Paul
917 2643 1084 2697 bleiben.
1095 2650 2076 2696 Wir hier in Berlin hätten uns überhaupt nie
208 2643 914 2716 Schnitzler! Anbei das Resultat meiner
2080 2636 3237 2702 entblödet sich nicht, die Schöpfung, auf die er selbst die Deutschen
914 2682 2071 2737 träumen lassen, daß Herr Dr. Paul Schlenther, wie sehr wir ihn
189 2692 916 2738 eitung. Nicht alle meine Striche sind
2080 2689 3234 2735 stolz sein hieß, die Stätte seiner eigenen Erfolge nicht minder wie
920 2728 2072 2777 auch als Kritiker schätzen mochten, das Zeug zu einem Theater¬
205 2726 916 2774 ne. Am strittigsten wohl die Weglassung
2080 2729 3240 2764 der Triumphe des Deutschen Theaters selbst so in den Koth zu
915 2763 2073 2815 direktor, besonders aber zu einem Burgtheaterdirektor in sich trage.
190 2766 914 2825 lich warnen möchte ich Sie vor dem
2070 2761 3247 2821 ziehen? Und, was das Schlimmste ist, in aller Heimlichkeit, hinterrücks,
916 2807 2071 2853 Allein nemo propheta in patria, und wir geben ja zu, daß
196 2807 907 2856 bei seinem jetzigen Personal, ohne Kainz
2081 2810 3244 2851 statt wie ein Mann mit offenem Visir, in einem Schreiben das
919 2832 2074 2891 Fernerstehende den Werth eines Menschen, dem wir selber zu nahe
197 2846 903 2892 aufgabe nicht gewachsen ist. Uebrigens
2085 2848 3259 2897 nur Dank dem beleidigten Rechtsgefühle einer wackeren Schaar
912 2873 2075 2932 stehen, um seine Größe voll ermessen zu können, oft viel besser er¬
2081 2881 3235 2939 von Rittern der Feder, ritterlicheren Rittern als Herr Schlenther
192 2883 915 2943 kung am Burgtheater zur Vorbedingung
914 2923 2072 2975 fassen als wir, obgleich dann freilich dieser Erfahrungssatz auch
2082 2927 3239 2977 einer ist, aus Licht der Oeffentlichkeit gekommen ist? Nein, Felonie
189 2927 908 2982 Ich glaube, nur das Burgtheater kann
912 2956 2072 3006 uns zu Gute kommen und man umgekehrt uns gestatten
195 2962 909 3013 Berlin allenfalls die Hofbühne. Filippo
2080 2963 3240 3010 ist noch gar nicht das Wort. Es giebt ein gutes deutsches Wort,
913 3003 2073 3063 müßte, jetzt von den Leistungen des Herrn Direktors
201 3005 909 3054 pski, Beatrice Poppe. Unsere relativ beste
2073 2997 2398 3054 das besser paßt.
2509 3002 3245 3065 Direktor Schleuther bringt uns an die
911 3027 2081 3098 Schlenther im fernen Wien eine geriugere Meinung zu
191 3041 903 3091 räulein Witt. Mit herzlichem Gruß 2c. 2c.“
2075 3038 3241 3108 Grenze unseres Sprachvorraths. Wir brechen ab und der Rest ist
197 3085 2387 3139 ertheilte Herr Arthur Schnitzler wenige haben als die, die ihn dort unterstützen. Jeder aber Schweigen...
3065 3087 3196 3144 —1—.
196 3333 584 3437 t0ko
671 3240 1226 3466 pal
