3436 4224
106 225 1070 324 15. Syivesternacht
322 960 1109 1062 SOBSERVER I. SSr- ons.
302 1038 336 1082 3
342 1049 1099 1098 1 Büro für Zeitungsnachrichten
363 1095 1107 1137 WIEN I, WOLLZEILE 17
297 1180 363 1241 82
465 1219 999 1314 WIENEK ZRITUNe
534 1319 983 1420 S. Mg 1583
146 1430 1146 1522 # Einakterabend der Staatsakademie.
176 1501 1228 1574 * Die Schauspielklasse des Professors Dr. Schulbaus“¬
169 1552 1210 1615 veranstaltete am Montag einen Einakterabend, der, mit
165 1612 1197 1663 Molières „Sganarell“ beginnend, über Rittners „Besuch
172 1637 1208 1691 in der Dämmerung" und Silpesternacht“ zu
171 1673 1201 1743 Auernheimers „Lügenbrücke"führte, Man konnte fest¬
174 1713 1198 1766 stellen, daß sich in dieser Klasse mehrere hochbegabte
180 1749 1206 1811 Talente befinden, die von ihrem Lehrer auch bereits ein
179 1790 1201 1841 wertvolles Rüstzeug zur wirkungsvollen Ausübung ihres
169 1821 1219 1889 Handwerks erhalten haben. Wenn in den drei ersten
181 1871 1209 1923 Einaktern auch noch keine ausnahmslos befriedigenden
179 1911 1208 1959 Leistungen zu sehen waren, stand die Aufführung von
182 1949 1202 2003 Auernheimers „Lügenbrücke“ auf einem so hohen Niveau,
182 1987 1212 2037 daß man dieses Ensemble ruhig in die Landeshauptstädte
171 2023 1219 2085 österreichs entsenden könnte. In diesem Schwank fand
179 2071 1212 2119 Rega, die Frau, die zwischen dem Gatten und dem
179 2089 1214 2165 illegitimen Verehrer schwankt in Margarete Paulus¬
175 2143 1208 2186 Jarosch eine sehr sympathische Darstellerin, die, eine
178 2185 1206 2248 hübsche Bühnenerscheinung, sehr degagiert spielte und
177 2212 1208 2269 ganz perfekt konversierte. Auch als Zofe in „Sganarell“
193 2246 1213 2313 war diese junge Künstlerin schon als Glanzpunkt des
184 2286 1230 2345 Ensembles aufgefallen. Man glaubte ihr die geistige
188 2339 1219 2390 Überlegenheit, mit der die Zofe das hapy end herbei¬
189 2355 1222 2424 führt. Eine reife, voller Anerkennung werte Leistung bot
192 2408 1212 2475 auch Else Pircher in „Besuch in der Dämmerung“.
188 2446 1218 2515 Ebenfalls im Besitz einer hübschen, reizvollen Erschei¬
179 2487 1212 2556 nung brachte sie die Gestalt der Dame in Rosa in jeder
195 2516 1219 2582 Hinsicht zu wirkungsvoller Geltung. Mit großer Auer¬
183 2558 1219 2614 kennung muß ihr deutliches Sprechen hervorgehoben
187 2612 1220 2662 werden. Während man, was Der ältere Freund und
184 2640 1227 2712 Der Herr in Schwarz sagten, zur Hälfte erraten mußte,
196 2681 1216 2738 was die Wirkung dieses Stückes leider stark beeinträch¬
195 2728 1212 2769 tigte, verstand man bei ihr jedes Wort., Dabei sprach sie
199 2759 1222 2815 keineswegs lauter als ihre beiden männlichen Partner.
190 2791 1216 2852 Ein zu guten Hoffnungen berechtigendes Talent ist auch
201 2848 1218 2896 Anna Blausten, die sich als Agathe in der „Silvester¬
189 2861 1231 2926 nacht“ sehr geschickt behauptete, obwohl der Dialog dieses
1092 2913 1226 2961 Anna
204 2925 1085 2981 Stückes keineswegs besonders effektvoll ist.
204 2947 1224 3014 Krenek zeigte als Betti in der „Lügenbrücke“ eine
192 2986 1222 3046 beachtenswerte humoristische Begabung. Von den Herren
193 3029 1220 3084 ist Hermann Schwedt an erster Stelle zu nennen, der
202 3068 1212 3138 sich als Sganarell einen demonstrativen Applaus auf
204 3106 1226 3157 offener Szene holte. Da entwickelt sich in aller Stille
197 3143 1237 3198 ein vielversprechendes komisches Talent, das sich auch
195 3190 1226 3237 als älterer Freund in dem Rittnerschen Stückchen be¬
209 3217 1226 3276 währte und auch in der „Lügenbrücke“ (Rechtsanwalt
206 3255 1235 3319 Winkler) dem Darsteller wie dem Dichter einen vollen
197 3299 1236 3368 Erfolg sichern half. Ein sympathischer Liebhaber, der sich
199 3334 1244 3417 sehr gewandt bewegt und sein hübsches Organ geschicte
245 3420 1290 3505 zu verwenben weiß, ist Hans Arndt. Leo Früh¬
265 3463 1288 3530 wirth (Gorgibus) und Herr in Schwarz verstehen
259 3510 1286 3570 scharf zu charakterisieren, desgleichen Robert Kiss, Ober¬
1100 3540 1254 3599 I. P.
259 3567 418 3627 kellner.
1221 215 1639 310 box 21/1
2107 1192 2335 1253 I. Oesterr.
1557 1194 2436 1289 SEIUBSERVER pehoret, kons.
1692 1263 2435 1312 Büro für Zeitungsnachrichten
1693 1292 2448 1355 WIEN I, W SLLEEILE 11
1766 1394 2384 1484 Reichspost, vien,
1602 1420 1695 1506 3
1794 1484 2299 1594 vom 11.3. 1933.
1585 1631 2588 1680 Akademietheater. Vier Cnakter hatte Professor
1432 1667 2583 1741 Dr. Schulbauer dermaßen zu einem Abend (Auf¬
1433 1712 2577 1788 führung der Staatsakademie für Musik und darstellende
1433 1749 2574 1834 Kunst) gewählt, daß die Schüler seiner Schauspielklasse
1437 1796 2579 1874 möglichst unterschiedliche Aufgaben vorfanden, an denen
1442 1837 2584 1916 sich ihr Fortscheitt und ihr Können zu bewähren ver¬
1436 1883 2580 1968 mochte. Man gewann denn auch sehr befriedigenden
1429 1925 2582 1991 Einblick in die erfolgreiche Tätigkeit dieses Lehrers. Wohl
1434 1971 2571 2051 stellte der Beginn des Abends, Molières einaktiges
1435 2017 2575 2100 Lustspiel „Sganarell" (in der formgewandten
1421 2059 2585 2140 Uebertragung Ludwig Fuldas) an die jungen
1425 2111 2580 2185 Leute Ansprüche besonderer und kaum restlos erfüllbarer
1420 2149 2567 2232 Art. Hier kommt es vielleicht nicht sosehr auf schau¬
1426 2184 2575 2271 spielerisch erlernbares Können an, als vielmehr um ge¬
1418 2241 2572 2308 reiftes Wissen um das Leben. Und dieses Wissen kann
1416 2277 2574 2354 eben nur das Leben selbst bringen. Immerhin wurde im
1416 2322 2574 2386 Gesamtbilde der Aufführung der Ton Molières glücklich
1414 2363 2575 2448 getroffen und festgehalten und Hermann Schwedt
1409 2414 2567 2481 als Sgaranell. Erna Perutka als Celia, Hans
1413 2451 2572 2536 Arndt als Lelio, Erna Goldgruber als Frau
1417 2487 2559 2586 Saanarell zeigten hübsche Leistungen. Der Einakter wurde
1411 2538 2563 2624 fröhlich belacht. Karl Mätzl hatte eine eigenartige
1411 2587 2315 2650 „musikalische Untermalung" beigesteuert,
2350 2610 2563 2667 Ertoin
1403 2636 2556 2710 Matauschek ein lustiges Bühnenbild. Hierauf folgte:
1413 2679 2571 2755 „Besuch in der Dämmerung“ von Thaddäus
1398 2716 2563 2798 Rittner. Gleichfalls ein schwieriges Unternehmen für
1407 2754 2556 2854 Schüler. Schien uns auch die Absicht des Dichters nicht
1394 2799 2552 2892 völlig erfaßt, so muß doch dem Bemühen Else
1403 2850 2553 2944 Pirchers, Leo Frühwirts und Hermann
1404 2883 2547 2976 Schwendts Achtung gezollt werden. Ein Schnitzler¬
1400 2923 2557 3011 scher Bühnendiglog „Silvestermacht“ wurde¬
1398 2985 2549 3062 dann von Leo Frühwirth und Anna Blausten
1394 3030 2552 3110 mit erstannlicher Einfühlung in die Stimmung dieses
1388 3073 2536 3143 kleinen Einfalles vorgefüihrt. Den Schluß des Ab#nds
1396 3118 2547 3203 machte Raaul Auernheimers Schwank „Die
1377 3146 2533 3235 Lügenbrücke“, dessen etwas gewagter Humor von
1381 3201 2542 3278 Margarete Paulns=Jarosch. Leo Früh¬
1384 3244 2556 3328 wirth, Hermann Schwedt und der originellen
1387 3289 2540 3380 Anna Krenek zu guter Wirkung gebracht wurde.
1373 3332 2494 3400 Dem Abend war ein ansehnlicher Erfola beschieden, B.
