3484 4256
1914 240 2360 329 box 20/4
243 260 1765 351 14: Der Schleier der Beatrice
1304 1400 3249 1475 ihrer Jugend, daß er Ehre, Ruhm und Vaterland! Daß Du Dich schwerer'n Grimm's von mir versiehst,
409 1405 1175 1499 IDer Schleier der Beatrice.
1310 1455 3195 1507 für nichts achtet und nur nach Schäferstunden in Als wenn Du weigerst, was ich Dir befehle?
389 1470 1250 1564 J„Herfnserem Berliner Bureau)
1312 1488 2291 1550 ihren weichen Armen bangt. Aber sie hat ihn
2431 1492 3252 1564 Das Schleier=Motiv! In Wien klang es
877 1507 1285 1561 Berlin, 8. März.
1309 1532 3246 1587 verraten — im Traum. Nu# im Traum. Inzuerst an. Das feine Wiener Stückchen, ganz aus
412 1551 1299 1598 Ein behagliches Junggesellenheim. Wiener
1307 1559 2286 1628 kindlicher, ahnungsloser Einfalt gesteht sie's. Und
2275 1577 3229 1632 dem Geist der „Heimat"= und „Milien=Kunst“ ge¬
329 1572 1302 1629 Möbel, Wiener Blumen in den Vasen, Wiener Wal¬
1304 1616 2286 1667 dieses wunderlichen Dichter, ganzes Leben ist doch
2274 1618 3268 1675 boren, in seiner Mischung von Humor, Sentimen=1
334 1629 1298 1686 zer auf dem Klavier. Ein eleganter junger Lebe¬
1311 1650 2277 1691 nur ein Träumen gewesen; ihm ist der Verrat
2274 1660 3216 1705 talität und laxer Moral so echt wienerisch und so
320 1670 1298 1719 mann, so kurz vor dem Examen und ohne rechten
1310 1686 2269 1747 der Geliebten, die sich an die Seite des Herzogs
2273 1693 3261 1749 modern, verdankte seine Verwickelung, seine Spann¬!
326 1705 1290 1754 Respekt vor dem Leben und seinem Ernst. Vor
1309 1720 2280 1775 träumt, so gut, wie der wirkliche Verrat —
2271 1738 3252 1790 ung, sein tragisches Ende und seinen Erfolg einem
321 1733 1289 1792 ihm ein blasser, finsterer Herr, der sich, mühsam
1307 1765 2288 1818 er sagt sich von ihr los mit harten Worten. Und
2278 1771 3249 1818 Schleier, den eine aus Langeweile dem Abenteuer
328 1785 1299 1834 den heiß aufwallenden Zorn in die Schranken der
1311 1807 2285 1859 sie wird, ihre Träume erfüllend, — Herzogin. Aber
2273 1805 3260 1871 geneigte Wienerin bei einem flotten, frischen Jun¬
321 1836 1297 1888 Kavaliererziehung dämmend, die Lippen beißt.
1308 1838 3240 1903 da der Garten des Schlosses voll ist von Hochzeits=gen vergessen. Die wuchtig gedachte Tragödie, die
422 1863 1299 1933 „Das Leben ist zuweilen lustig — ja —“, sagt
1309 1877 2280 1938 gästen, schleicht sie sich heimlich, in ihren Schleier
2271 1893 3245 1943 ihren Gehalt und ihre Menschen drapiert mit den
315 1895 682 1965 der fremde Herr.
1310 1921 2281 1978 gehüllt, durch die Straßen.“ Die Leidenschaft, die
2277 1919 3070 1975 schweren golddurchwirkten Gewändern d
3088 1931 3244 1981 r Re¬
422 1924 1300 1994 Und der junge Mensch hält seinen starren Blick
1306 1970 2278 2025 ihr Kinderherz wach geküßt, läßt sie nicht ruhen;
2275 1969 3249 2030 naissance, die ihre Helden in Waffen klirren läßt
318 1982 1300 2033 eine Weile aus; dann sieht er weg und sagt:
1304 2003 2273 2052 sie huscht zu dem Dichter Philippo. Er aber ver¬
2268 2010 3244 2047 rund die an Greueln und Größe reiche Zeit der
322 2020 1293 2095 „Ich darf mir wohl die Frage erlauben, was mir
1304 2039 3254 2094 schmäht das Geschenk ihrer heimlichen Liebe. Borgias heraufbeschwört, dankt ihre Verwickelung,
329 2063 1077 2115 die Ehre Ihres Besuches verschafft?“
1315 2084 3247 2119 Sterben will er mit ihr; und da sie schaudernd ihr tragisches Ende und einen Teil ihres Mißerfolges
418 2100 664 2152 „Gewiß —
652 2082 1304 2150 meine Frau hat nämlich ihren
1309 2121 3313 2169 sich an's Leben klammert, trinkt er hohnlachend dem vergessenen Schleier der Beatrice Nardi, der vo#
317 2131 1011 2195 Schleier bei Ihnen vergessen.“
1310 2162 3243 2206 allein das Gift. Von seiner Leiche flieht sie, wie fwunderlichen Braut, die an einem Tage aus den
3235 2169 3325 2221 an
417 2166 1295 2243 Das ist der Wendepunkt; ist der Moment,
1303 2202 3248 2266 von Furien gehetzt, in den Glanz, in den Hoch= Armen eines Dichters in die Arme eines Herzogs
333 2213 1297 2278 wo das Drama einsetzt. Bis hierher ist Schnitz¬
1309 2242 2273 2288 zeitstrubel, in's Leben. Aber eines hat sie zu¬
2268 2241 3004 2283 und in die Arme des Todes gleitet.
334 2258 1295 2313 lers „Liebelei“ eine Komödie von jener leichten An¬
1308 2274 2269 2327 rückgelassen am stillen Ort ihrer Gedankensünden,
2350 2265 3255 2334 Der Bruder erdolcht sie. Der Bruder ist ein
326 2308 1290 2353 mut gewesen, die zu den Wiener Möbeln, Wiener
1307 2312 2266 2382 bei der erkaltenden Leiche ihres Geliebten — den
2278 2304 3280 2387 naher Verwandier jenes Valentin, der nur zu frühj h
326 2344 1299 2384 Blumen und Wiener Walzern auf dem Klavier
1308 2349 1492 2416 Schleier.
2269 2362 3305 2440 unter der Zauberklinge des Doktor Faust sein Leben##
326 2382 1302 2446 stimmte. Jetzt wird's ernst. Das Kichern der be¬
2282 2396 3253 2442 mit einem letzten Fluche verhauchte. Wie er, ver¬
1386 2396 1600 2456 Und nun
1594 2382 2271 2462 sie zurückkommt zu dem fürstlichen
332 2422 1298 2474 schwippsten lieben süßen Mädels im Nebenzimmer
2275 2437 3263 2486 dammt der junge Nardi die verbuhlte Schwester;
1307 2433 2276 2502 Gatten, den schon der Argwohn fiebernd durch
336 2461 1293 2504 wird still. Der vergessene Schleier ist nur ein Sym¬
2272 2474 3256 2540 aber ihm bleibt noch die Kraft, zuzustoßen. Dann
1314 2480 2264 2541 die Säle trieb, entspinnt sich im fackelhellen Saal
331 2501 1297 2548 bol. Die Gattin des fremden Herrn hat mehr
2270 2516 3258 2573 wird er, ein paar Stunden früher, wie sein Her¬
1306 2516 2268 2569 vor den Edlen Bolognas und dem zum Feste ge¬
325 2539 1291 2597 vergessen, als ihren Schleier. Und der liebe junge
2268 2550 3250 2606 zog, zu Gott eingehen „als Soldat und brav“. Der
1314 2555 2275 2624 ladenen Volk dieser Dialog zwischen dem Herzog
317 2584 1242 2631 Wiener Leichtsinn wird dafür sterben müssen.
2274 2589 3240 2642 Cäsar Borgia wird gründliche Arbeit tun; das ahnen
1311 2594 1853 2654 und seiner jungen Gattin:
416 2613 1308 2685 Das Schleiermotiv hat Arthur Schnitzler nicht
2278 2628 3252 2701 wir, wenn der Herzog, ehe der letzte Vorhäng sich
1702 2635 1868 2697 Herzog.
334 2652 1293 2720 losgelassen. Er hat sich von der Wiener Komödie,
2269 2663 3194 2733 senkt, die stolzen schönen Mannésworte spricht:
1315 2674 2270 2749 Wo warst Du? Rede! Und wo blieb der Schleier?
332 2701 1301 2755 von den Mizzis und Anatols seines modernen Jung¬
2799 2709 3174 2770 Der Tag ist da.
1687 2721 1884 2780 Beatrice.
321 2742 1305 2811 gesellenkreises abgewandt und den Versuch mit der
2306 2750 3204 2812 Und in den gleichen Glanz geh'n wir hinaus,
1315 2762 2202 2822 Ich weiß nicht, wo er ist. Nun ist er fort.
334 2779 832 2843 großen Komödie gemacht.
2316 2786 3139 2848 Der uns vor einem Jahr ersehnte Fernen
1694 2801 1881 2874 Herzog.
423 2801 1303 2878 Wir sind im Bologna des 16. Jahrhunderts.
2319 2813 3206 2880 Mit lichtem Schein umrandet hat, als baute
1305 2824 1738 2904 Schaff' mir ihn her!
334 2859 1303 2914 Lionardo Bentivoglio, der Herzog von Bologna,
2318 2870 3123 2917 Der junge Morgen selbst das stolze Tor
1680 2869 1899 2956 Beatrice.
327 2894 1316 2958 bedrängt von den Kriegsknechten des Heuchlers und
2315 2897 3182 2952 Zum Eingang in die Welt, die uns empfing,
1727 2926 1938 2991 Ich soll —
333 2940 1305 2986 Helden Cäsar Borgia, als dessen Opfer er — er
2320 2951 3192 3004 So festlich, wie der eig'nen Fülle jauchzend.
1692 2951 1866 3031 Herzog.
335 2977 569 3032 weiß es —
558 2972 1312 3033 fallen wird, hat sich von der Lüstern¬
2314 2981 3202 3053 Heut' weist kein unermessiner Weg in's Weite,
1891 2988 2283 3074 Du sollst mit mir
335 3013 1301 3068 heit der letzten Nacht verleiten lassen, die sechzehn¬
2310 3022 3130 3067 Und vor den Mauern endet uns’re Fahrt.
1313 3044 2130 3103 Den Schleier holen, wo Du ihn verlorst!
332 3060 1300 3108 jährige Beatrice, die schöne Tochter des verrück¬
2314 3048 3192 3107 Und dennoch — mir erglüht die Sonne heut'
1693 3083 1893 3147 Beatrice.
328 3099 1305 3156 ten Wappenschneiders Nardi, auf den Herzogsthron
2308 3093 3205 3158 Verheißungsvoll wie damals, denn wir geh'n
1303 3103 1628 3192 Ich kann nicht:
326 3134 576 3207 zu erheben.
2317 3141 3212 3205 Von allen Abenteuern, die im Dunkel warten,
1685 3142 1873 3221 Herzog.
423 3164 1310 3221 Der Dichter Philippo Loschi hat das Mädchen
2313 3176 3131 3233 Dem neu'sten und gewaltigsten entgegen!
339 3211 1306 3261 geliebt; er hat um ihretwillen die Braut verlassen.
1616 3191 2268 3280 #ie? Ist, was mich dort erwartet,
2350 3207 3237 3267 Es war kein Erfolg im Deutschen Theater
341 3230 1953 3309 Seine Seele war so erfüllt von dem heißen Duft! So über alle Maßen schauervoll,
2257 3246 3269 3329 gestern. Kleine Gruppen klatschten. Der Wider=1
