3436 4320
1887 157 2416 246 box 20/4
311 172 1808 267 14. Der Schleier der Beatrice
955 992 2406 1053 „Residenz-Theater“ ist die Nachfolgerin der Dame von Maxime, be¬
949 1032 2402 1117 namset „Lutti“, noch eindeutiger als ihre sittenlose Vorgängerin.
961 1097 2419 1161 Die französischen Autoren haben durchgeführt, was der dritte Napoleon
961 1159 2415 1229 vergebens versucht: sie haben Berlin erobert. Ja, sie haben sogar
944 1232 2411 1312 die grosse Promenade nach Berlin angetreten, und Herr Pierre Veber
953 1266 2415 1347 hiat sich an der Seite des glückseligen Lautenburg vor dem ver¬
965 1347 2121 1416 sammelten Kriegsvolk verneigt. Berlin wird Weltstadt.
1036 1374 2432 1462 Das zu sagen, erfordert die „Gerechtigkeit“, von der ich lieber
957 1450 2421 1526 nichts sagen will, zumal sie bereits in der grossen Versenkung des
969 1505 2213 1608 „Königlichen Schaulspielhauses“ for ever verschwunden ist.
2119 1567 2368 1657 Julius Knopf.
1917 1921 2021 2097 *
774 2180 1007 2252 45 —
1528 2192 1793 2298 c
2040 2220 2182 2291 S
1573 2231 1867 2308 he
2157 2281 2199 2321 —
1643 2316 1700 2353 22
2094 2290 2244 2349 —
2016 2328 2192 2415 4
1234 2313 1693 2468 Versche u
1686 2362 1933 2475 EE
1541 2420 1615 2472 7225
1588 2485 1750 2535 SLT
1528 2512 1608 2549 82
1752 2494 1918 2560 8
2053 2585 2213 2686 Hansen.
1057 2593 1415 2708 „Die Cameliendame.“
1642 2697 1727 2775 #
1513 2833 1909 2958 (Pantheon.
1723 2947 2428 3030 Der Grieche spannt die Beier frößlich:
986 2954 1688 3037 Waß über uns ein höchstes (Wesen.
1729 3022 2433 3084 „O Heik dir, Zeus, dess Sohn ich 6in!“
982 3024 1703 3090 Der (Dogel singt's durch (Wald und Flur,
1733 3068 2431 3149 „Mur wer an Jesum glaubt, wird selig!“
988 3075 1719 3147 (Und auch der Mensetz kann's täglich fesen
1730 3119 2454 3208 So spri der Christ mit strengem Sinn.
996 3135 1548 3223 Im großen Buche der (Natur.
1739 3187 2326 3265 „Jehova tröstet, die da weinen!“
989 3203 1611 3288 „Hoch waltet Odin ob (Wathalla!“
1731 3257 2437 3339 Singt der Psakmist nach tiesstem Fall:
996 3278 1618 3332 Singt stolz der Garde zur Telpn.
1738 3307 2353 3384 (Und meinen alle doch nur Sinen.
996 3317 1691 3397 Der Moolem betet: „Groß ist Allaß!
1735 3356 2347 3462 (Und dieser Sine — ist das All.
985 3374 1649 3455 Das ganze (Weltalk preist nur ihn.“
2210 3421 2441 3504 Leo Mulff.
