3436 4224
1884 188 2377 299 box 20/6
203 206 1888 334 14: Der Schleier der Beatrice
967 979 2425 1085 der Güte der Mischung zahlen. Was ausserhalb dieser
953 1067 2440 1123 geschäftlichen Schablone fällt, muss sich seine Gemeinde
963 1123 2447 1191 suchen. Es mangelt mir an Zeit, die moderne Belletristik
949 1182 2430 1258 zu verfolgen; aber ich weiss, dass zum Beispiel weder die tief¬
960 1232 2438 1304 sinnig-Listigen Grotesken des Bayers Rüderer noch die schönen
955 1301 2432 1384 Erzählingen Philipp Langmanns ein zweites Tausend erlebten,
953 1363 2442 1430 während ein paar Bände des unendlich abgeschmackten und
965 1434 2441 1486 unbedeutenden Professors Dahn auf allen Geschenktischen beim
968 1471 2447 1548 Weihnachtsbaume liegen. Ich weiss, dass neun Zehntel alles dessen,
960 1534 2439 1596 das in Deutschland gedruckt wird, deshalb geschrieben wurde,
954 1594 2437 1661 damit der Verfasser Brot habe, und umgekehrt fast alle, die
958 1663 2446 1728 verdienten, auf Staatskosten im Prytaneion gespeist zu werden,
970 1709 2453 1766 verhungern könnten, wenn sie nicht, wie es immer sein sollte,
964 1761 2441 1842 anderen Erwerb haben. Und ich weiss ferner, dass es ein Glück
968 1836 2442 1892 wäre, wenn ein Gesetz jede Entlohnung für geistige Leistungen
967 1889 2447 1946 für strafbar erklären und Geber wie Empfänger mit den stärksten
957 1940 2430 2013 Bussen bedrohen würde. Gewiss läge in einer solchen Bestim¬
962 2012 2444 2079 mung eine Härte für den Schaffenden; aber für das geistige
963 2061 2439 2121 Leben der Nation brächte sie ganz unmessbaren Vortheil. Es
960 2105 2445 2197 wäre damit der unwürdige Zustand beseitigt, dass Dichter und
957 2187 2442 2251 Künstler mit ihren Eingebungen Schacher treiben und dabei noch
958 2245 2437 2311 neiderfüllt auf die Macher und Händler sehen müssen; es wäre
958 2295 2449 2363 vermieden, dass sich Talente um Geld prostituieren müssen und
968 2364 2447 2432 schliesslich daran zugrunde gehen. Was werden muss, wird auch
972 2414 2446 2479 dann werden; nur durch solche Werke aber wird die Menschheit
960 2476 2449 2548 reicher. Das von mir beantragte Gesetz hätte nicht die Entstehung
970 2541 2445 2603 der-Wolkene des Aristophanes oder des Goethe'schen - Fauste,
961 2594 2450 2671 wohl aber die Ueberschwemmung mit verblödender Roman¬
970 2653 2455 2726 handelsware gehir lert. Erst dann könnten wir die künstlerischen
979 2708 2457 2779 Visionen, nicht verwischt durch feige Compromisse, in ihrer
971 2776 1657 2844 leuchtenden Schönheit sehen.
1080 2831 2440 2915 Ich bin gefasst, dass die meisten meinen Vorschlag für eine
975 2897 2441 2961 Unmöglichkeit und die Wohlwollenden für ein Paradoxon halten
983 2953 2430 3019 werden. Ich will sie nicht an Schopenhauers ingrimmige Ver¬
983 3013 2430 3080 dammung der Honorare erinnern; aber ich fordere sie auf, an¬
973 3073 2437 3144 zugeben, wie die vollständige Amerikanisierung von Literatur
978 3145 2436 3206 und Kunst, die vor der Geffentlichkeit ohne Scham getriebene
978 3202 2446 3258 Hingabe von Geistigem nicht nur gegen Lohn, sondern auch in
975 3247 2448 3323 Erwartung des Lohnes, wie, sage ich, diese schreckliche Simonie
970 3311 2446 3384 auf andere Weise beseitigt werden kann. Man spreche nicht von
980 3359 2444 3442 künstlerischen Stangesinteressen; Künstler sind kein Stand. Nur
978 3432 2428 3500 in unserer Zeit konnte das aufreizend philiströse Wort in An¬
978 3476 2440 3544 wendung kommen. Es ist unnatürlich, für Kunst Bezahlung zu
970 3535 2445 3624 bekommen; Mäcenaten, vermögende, ihrer hohen Pflicht und
964 3586 2462 3702 Aufgabe bewusste Versteher und Geniesser sind allein natürlich.
1631 3722 1823 3810 — 353 —
