3436 4448
1954 185 2368 263 box 20/4
272 199 1765 295 14. Der-Schleiender-Beatrige
562 1342 1523 1404 ten. Gerade als Gabe eines Dichters, der sich bis¬
564 1388 1491 1453 her in seinen Dramen moderner Prägung als ein
1525 1404 3335 1486 — Das Konzert im Neuen koniglichen von rund 14 000 Kindern besucht. Von anderen
556 1427 1490 1490 Kenner der menschlichen Psyche erwiesen hatte,
1481 1450 2401 1518 Overntheater (Kroll) zum Besten der unter dem
567 1454 1497 1536 mußte das Werk mit seiner brutalen, skrupellosen
2391 1464 3322 1530 deutschen Städten sind bisher Leipzig, Breslau,
2397 1503 3320 1577 Posen und Stettin dem Beispiel von Berlin gefolgt.
554 1509 2394 1556 Mißachtung aller psychologischen Motivierung] Protektorat der Kaiserin stehenden „Frauenhilfe“
1487 1545 2401 1593 am Abend des 11. d. M. verspricht einen besonderet
567 1550 1493 1604 donpelt befremden und vor allem diejenigen ent¬
2492 1541 3320 1594 * Die Preisrichter für den Frankfurter
552 1578 1493 1647 täuschen, die noch immer gehofft hatten, das
1482 1573 2406 1634 künstlerischen Genuß. Aus dem von Herrn Hof¬
2392 1565 3316 1635 [Gesangswettstreit sind jetzt vom Kaiser, der be¬
1482 1629 2399 1673 kapellmeister v. Strauß zusammengestellten Programm
2393 1621 3316 1676 kanntlich den Wanderpreis für den Wetistreit ge¬
555 1636 1482 1688 Ergebnis der Aufführung werde das Miß¬
1480 1667 2389 1711 sei erwähnt ein Streichquartett (königl. Konzert¬
569 1667 1489 1719 trauensvotum der Wiener Hofburg entkräften.
2395 1664 3322 1711 stiftet hat, ernannt worden. Es sind folgende
1488 1703 2395 1758 meister Dessau und die königl. Kammermusiker Geh¬
567 1706 1487 1751 Das Deutsche Theater gab sich viel Mühe mit der
2393 1705 3320 1759 Herren: Dr. Franz Beier in Kassel, Hof=Musikdirektor
2153 1744 2399 1795 Lieder und
2395 1729 3322 1794 Max Clarus in Braunschweig, Professor Förstler
1480 1746 2121 1797 wald, Könecke und Espenhahn)
569 1737 1493 1794 Inszenierung des verfehlten Werkes, brachte es aber
1494 1781 2403 1825 Balladen von Schubert, Schumann und Loewe
566 1779 1493 1834 nur zu einigen stilvollen Bühnenbildern, die den
2402 1785 3312 1833 in Stuttgart, Professor Siegfried Ochs in Berlin,
1491 1805 3324 1887 (Herr Hofopernsänger Knüpfer) — die große Arie! Generalintendant Freiherr v. Perfall in München,
560 1808 1487 1872 Kontrast zwischen dem äußeren Gepränge und dem
1490 1856 2407 1917 aus „Samson und Dalila“ (Frau Hofopernsängerin
2384 1860 3315 1921 Professor Dr. Bernhard Scholz in Frankfurt a. M.,
559 1857 1490 1929 hohlen Gehalt der Dichtung nur um so stärker her¬
1482 1897 2402 1946 Goetze). Schumannsche Lieder, darunter „Der
569 1894 1489 1953 vortreten ließen. Frl. Triesch glich auch im
2389 1889 3323 1958 Generalmusikdirektor v. Schuch in Dresden, Prof.
1483 1937 2403 1987 Hidalao“ (Herr Hofonernsänger Grüning) — Duette
565 1922 1489 1990 äußeren eher einer verschlagenen Iudith oder be¬
2397 1935 3324 2008 Dr. Volbach in Mainz, Universitäts=Musikdirektor!
1488 1964 2408 2039 von Schumann und Rößler (Hofopernsängerin Fräu¬
572 1978 1479 2036 rechnenden Salome, nie und nirgends aber war sie
2403 1971 2829 2051 H. Zöllner in Leinzig.
1486 2014 2403 2065 lein Destinn und Fr. Goetze). Die Loreley von
557 2019 1488 2084 das wunderliche Bologneser Kind, an das uns
1920 2045 2398 2104 Lieder von Tschaikowsky
1477 2054 1896 2109 Liszt (Frl. Destinn)
555 2051 1492 2104 der Dichter glauben machen wollte. Herr
1480 2092 2407 2150 I mit Violinbegleitung (Frau Götze und Herr Espen¬
902 2089 1492 2148 den Herzog mit jugendlicher
566 2091 842 2152 Kayßler
2516 2094 3198 2179 Kunst und Wissenschaft.
1492 2123 2412 2188 hahn). Eintrittskarten zum Preise von 10, 6, 3, 2
570 2134 1493 2200 Kraft, aber ohne alle Glaubwürdigkeit in der Liebes¬
2501 2157 3322 2225 Zur Aussprache des Namens Chamisso.
1479 2165 2406 2218 und 1.50 M. sind durch Ihre Erzellenz die Frau
564 2173 1491 2229 affäre, und roohl hauptsächlich auch deshalb, weil sie
2396 2201 3327 2267 Ein Leser schreibt uns: „Als einst gelegentlich eines
1484 2211 2408 2271 Staatsminister Freifrau v. Rheinbaben, sowie bei
573 2212 1494 2259 der Dichtung selbst nicht innewohnt. Von den an¬
2396 2245 3320 2287 Besuches, den ich Emanuel Geibel machte, unser
1490 2250 2379 2311 Bote u. Bock und abends an der Kasse zu haben.
570 2250 1486 2308 deren Darstellern ging nur Herr Sommerstorff
2400 2273 3330 2327 Gespräch uns auf den Dichter Chamisso führte
560 2279 1484 2339 auf den imitierten Stil der Jamben=Tragödie ein.
1589 2288 2390 2341 Das von Madame Yvette Guilbert für
2398 2322 3319 2380 und ich den Namen in landläufiger Weise auf der
574 2331 1491 2384 Die realistische Schauspielkunst, die eigentliche Spe¬
1484 2321 2404 2381 den 19. März im Beethovensaal angezeigte Konzert
2389 2360 3326 2426 mittleren Silbe betonte, bemerkte Geibel mir, daß
569 2362 1489 2417 zialität des Deutschen Theaters, versagte im übrigen
1480 2363 2390 2404 findet wegen Unpäßlichkeit derselben nicht statt. —
2398 2390 3322 2444 er, der als Student in Berlin 1836 in Chamissos
567 2405 1480 2453 wieder vollständig, was sonderlich wegen der Rolle
1483 2401 2390 2466 Die zu diesem Konzert gelösten Billets werden bei
573 2443 1487 2490 des Dichters Filippo bedauert werden muß, als der
2400 2442 3317 2500 Hause aus und einging, bei seinem ersten Besuch
1482 2441 2089 2496 Bote und Bock zurückgenommen.
2393 2482 3313 2535 von dem Dichter selbst, dessen Namen er auch auf
575 2482 1495 2527 einzigen Rolle, die einigermaßen den Ansprüchen des
1601 2461 2399 2533 In der Aufführung des „Manfred“ von
568 2519 1485 2573 böheren Dramas genügen dürfte, dessen Regionen
2393 2509 3331 2581 der zweiten Silbe betonte, dahin korrigiert worden
1483 2502 2396 2568 Schumann im X. Philharmonischen Kon¬
2407 2561 3323 2616 sei, daß der Ton auf der ersten Silbe liegen müsse.
575 2558 1491 2604 Schnitzler hier mit völlige Verkennung seiner Gaben,
1489 2564 2393 2611 zert unter Leitung von Arthur Nilisch wirken außer
575 2601 1461 2665 und deshalb so erfolglos, zu betreten unternahm.
2391 2583 3321 2645 Damit stimmt ja auch der Rbythmus in dem von
1478 2603 2395 2651 Dr. Ludwig Wüllner in der Titelpartie — dekla¬
2392 2634 3319 2690 Ihnen mitgeteilten v. Gaudyschen Gedicht völlig
1492 2631 2391 2686 matorisch mit: Die königlich sächsische Hofschau¬
2394 2675 3324 2726 überein. — Die von dem Dichter selbst abgewiesene
683 2660 1491 2735 Ferdinand Bonn is“ von seiner amerika¬
1483 2671 2400 2723 spielerin Lucy Lindner=Orbau und Karl Müller¬
2393 2712 3317 2763 Betonung auf der zweiten Silbe ist also jedenfalls
1488 2716 1660 2782 Hausen.
563 2704 1490 2765 nischen Gastspielreise aus New=York hier zurück¬
1730 2720 2401 2768 Das Soloquartett besteht aus den
2404 2741 3327 2806 unrichtig. Daß der Name als ein französisches Wort
1478 2746 2398 2803 Damen Maly von Trützschler (Sopran), Antonie
557 2760 1484 2823 gekehrt und nimmt seine Tätigkeit am kgl. Schau¬
2396 2795 3330 2856 den Ton ursprünglich auf der letzten Silbe gehabt,
556 2790 986 2868 spielhause wieder auf.
1490 2797 2403 2848 Stern (Alt). Herren Georg Walter (Tenor), Gustav
705 2814 1479 2885 Im Neuen Theater kommt an Freitag
2396 2836 3320 2896 möchte ich auch in Zweifel ziehen, da die uns
1865 2833 2404 2906 Chor: Der Philharmonische
1479 2823 1817 2888 Friedrich (Baß).
1485 2862 2020 2933 Chor (Prof. Siegfried Ochs).
574 2868 1481 2942 Anzengrubers Komödie „Die Kreuzelschreiber“ zur
2380 2860 3331 2929 Deutschen gewöhnlich gegebene mechanische Regel,
568 2902 937 2974 ersten Aufführung.
1526 2889 3328 2952 ar. An den bisherigen sieben Jugend= daß im Französischen alle Wörter den Ton auf der
703 2954 3303 2983 Im Belle=Alliance=Theater wird inskonzerten haben sich von 576 eingelabenen letzten Silbe tragen, mit der mehr schwebenden“
573 2979 3330 3025 dieser Woche allabendlich die Posse „Die Dame aus] Schulen 253 beteiligt, und zwar: von 214 bäheren! Betonung der Franzosen nicht übereinstimmt.
557 3030 1358 3100 Trouville“ und der Einakter „Er“ gegeben.
1538 3025 3334 3087 chulen Berlins und der Vororte 57, von 260 Ge= Uebrigens steht mir das Wort — von der Ortho¬
