3484 4256
261 182 1783 264 14. Der schleien der Beatrice
728 1250 1194 1335 Telephon 12801.
340 1344 1569 1418 Alex. Weigl’s Unternehmen für Zeitungs-Ausschnitte
1352 1393 1575 1460 Ausschnitt
1402 1456 1664 1545 Nr. 90
184 1419 1258 1566 Na100 „OBSERYER“
237 1544 1692 1607 I. österr. behördl. conc. Bureau für Zeitungsberichte u. Personalnachrichten
454 1598 1473 1688 Wien, IX/1, Türkenstrasse 17.
647 1669 1280 1745 - Filiale in Budapest: „Figyelö“-
247 1725 1685 1806 Vertretungen in Berlin, Chicago, Genf, London, Newyork, Paris, Rom, Stockholm.
811 1852 1704 1954 de
238 1880 766 1968 Ausschnitt aus:
254 2037 442 2113 vom:
863 2226 1081 2285 Theater.
540 2276 1425 2330 Arthur Schnitzlers fünfaktiges Schauspiel,
432 2307 1489 2377 Schleier der Beatrice“ das schon vor seiner An
450 2358 1492 2436 führung so seltsame Schicksale erlebt hat, fand vorgester
432 2402 1496 2478 abend im Berliner Deutschen Theater eine nie
445 2451 1495 2514 weniger seltsame Aufnahme. Es wurde ebenso heft
447 2503 1499 2551 angegriffen wie verteidigt, und wenn auch der Dicht
441 2526 1492 2600 fast nach jedem Akte hervorgerufen und sympathisch b
447 2585 1504 2645 grüßt wurde, so fehlte doch dem Publikum, daß sich ar
435 2621 1495 2684 dem Mantel der Monna Vanna eine pikante Sensatio
444 2664 1494 2728 geschnitten hatte, im allgemeinen die Achtung vor eine
447 2709 1501 2785 technisch weniger zugespitzten, weniger klar konstruierte
442 2754 1506 2828 aber mindestens ebenso ernsten Werke, das mit sein
256 2784 370 2859 Für
452 2817 1664 2866 Fülle sinnlicher Anschauung, mit seiner geistigen Bewe inelusive
365 2846 1636 2932 ##n lichkeit und seinem wechselnden Stimmungszauber in re Porto.
352 2881 1651 2957 500 dichterischer Beziehung den nahe liegenden Vergleich mei Zahlbar
1453 2919 1688 2989 m Voraus.
343 2945 940 3011 1000 als auszuhalten vermag.
1395 2948 1446 2998 —
373 2973 1709 3058 Im Gegensatze zu anderen Bureanx für Zeitungsausschnitte ist das
257 3035 1707 3093 Abonnement durch keine bestimmte Zeitdauer begrenzt; — auch stcht es den
261 3069 1580 3148 Abonnenten frei die aufgegebenen Themen zu ergänzen oder zu ändern.
385 3130 1708 3207 Der „OBSERVER“ veranstaltet täglich einen Auszug enthaltend die
261 3198 1701 3248 Inhaltsangabe aller wichtigen Mittheilungen der Wiener Morgen¬
261 3237 1684 3284 blätter (Tagesjournale ausser „Neue Freie Presse“ und „Wiener Zeitung“)
277 3283 1716 3325 wodurch eine Uebersicht über das gesammte politische und wirthschaftlichs
264 3313 1722 3373 Leben des In- und Auslandes in drastischer Kürze geboten wird. Diese Mit¬
268 3360 1309 3413 theilungen werden in Wien um 9 Uhr Früh verschickt.
599 3436 1373 3527 Prospecte gratis und fnanco.
1937 172 2376 262 box 20//4
2873 1183 3332 1247 Deutlichkeit der Dinge h
1999 1110 2637 1283 WI
2890 1229 3336 1283 der Reiz des Symbols
2903 1273 3343 1332 einem anderen, berühmte
2156 1246 2690 1342 Femneton.
2898 1306 3339 1362 Shakespeare, etwas sche
2890 1343 3335 1396 einen Schleier, nämlich
2897 1380 3337 1443 auch das Brautgeschenk
2897 1426 3344 1478 Geliebte; aber von well
2078 1392 2740 1498 Berliner Theater.
2897 1454 3339 1509 und Wirklichkeit gemischten
2274 1491 2553 1565 (Eigenbericht.)
2890 1509 3343 1555 Taschentuch bei Shakespe
2898 1539 3343 1593 Schauspiel dient der Sch
2456 1546 2849 1622 Berlin, 8. März.
2888 1579 3339 1636 wirkungsvollen Anbüick au
2895 1618 3342 1671 als zur Herbeiführung e
1996 1609 2881 1667 Deutsches Theater: „Der Schleier der
2902 1657 3342 1712 deckung des Aufenthalte
1931 1658 2880 1718 Veatrice, Schauspiel in 5 Akten von Arthur
2891 1702 3334 1749 anderen Hause als dem
1945 1702 2185 1760 Schnitzler.
2889 1734 3342 1786 Diese Entdeckung hätte
2007 1723 2883 1787 Fast möchte man sagen, es sei von Glück gewesen
2890 1781 3339 1833 herbeigeführt werden kö
1928 1775 2875 1823 für Arthur Schnitzler, daß sich in den spärkichen
2888 1809 3325 1866 des Stückes nach dem
1924 1825 2890 1873 Beifall nach den Aktschlüssen, besonders nach dem
2898 1851 3339 1909 merksamkeit des Zuschaue
1933 1857 2883 1906 dritten Akt, lebhaftes Zischen einmischte, denn ohne
2901 1897 3337 1948 der von ganz nebensäch
1919 1886 2888 1941 diese Zeichen des Mißvergnügens hätten wir heute
2894 1932 3317 1980 und Wert des Stückes
1917 1934 2877 1989 von einem offenbaren Mißerfolge zu sprechen. Das
2889 1961 3338 2025 Umständen ein Stilfehler
1914 1982 2881 2019 wenig berechtigte Zischen rief nach dem bekannten
2961 2012 3345 2061 Oder sollte ich mich
1917 2008 2890 2071 prychologischen Gesetze vom Widerspruch den verstärkten
2889 2032 3333 2104 Dichter mit dem Schleier
1920 2054 2882 2096 Beifall Derer hervor, die an dem wenig befriedigenden
1916 2094 3325 2147 WWerke immer noch die Leistung eines Künstlers mit holden Irrtum der I
1926 2130 3342 2181 Freude begrüßten, und trieb so manchen, der sich Heldin angedeutet haben
1927 2173 3334 2220 sonst still verhalten hätte, nun seinerseits Einspruch zu deutlicher werden sollen,
2886 2208 3330 2262 kamen den Zuhörern nich
1921 2212 2885 2279 verheben gegen das in diesem Falle geradezu alberne,
2963 2243 3342 2297 Veatrice ist die enge
1926 2242 2375 2307 ja unanständige Zischen.
2895 2269 3344 2339 in Bologna irgend einma
2007 2281 2881 2343 Der Leser begreift nach dieser Einleitung, daß
2900 2320 3343 2378 unter irgend einem un
1922 2323 2875 2377 von einem klaren Erfolge nicht die Rede sein kann.
2891 2358 3343 2416 und zur Zeit einer der #
1919 2375 2880 2427 „Der Schleier der Beatrice wird nicht so oft über
2898 2399 3306 2459 fehden. Bologna wird
1911 2405 2883 2470 „de Bühne des Deutschen Theaters wehen, wie etwa
1913 2435 3300 2491 der Mantel der Monna Vanna; aber das gereicht gewaltigen Eroberer
2891 2477 3340 2533 bedrängt, von einem B
1922 2482 2890 2522 dem Dichter Arthur Schnitzler keineswegs zum
2893 2509 3340 2571 höchsten Not, denn schonl
1926 2522 2879 2570 Schaden, im Gegenteil, an wahrhaft dichterischer
2897 2558 3331 2611 zu stürmen, und voll
1920 2564 2876 2608 Bedeutung steht sein übrigens schon vor zwei Jahren
2895 2600 3318 2650 Bürger Bolognas den
1921 2599 2870 2637 entstandenes und nur durch allerlei üble Umstände
2893 2627 3334 2680 Da verbreitet sich durch
1921 2638 2870 2685 erst jetzt zur Aufführung gelangtes Schauspiel hoch
2883 2673 3334 2728 Herzog wolle die letzte N
1913 2671 2884 2733 über Maeterlincks Drama von der schönen nackten
1916 2714 2829 2761 Frau mit nur einem Mantel über ihrer Nacktheit.
2873 2718 3328 2767 seiner Herrschaft mit de
2881 2749 3339 2801 zubringen. Der freundlig
1991 2741 2871 2794 Mir will scheinen, als sei Arthur Schnitzler dies¬
2885 2796 3321 2847 der Herzog bei seinem
1919 2775 2877 2841 mal gerade daran gescheitert, daß er durchaus dichterisch
1923 2835 3299 2881 sein wollte. Der reindichterische Gehalt kommt nicht Stadt gerade vor
2881 2861 3327 2926 kommt und des schöner
1915 2870 2884 2914 klar genug heraus. Je mehr Worte Schnitzler seine
2882 2908 3343 2965 just in dem Augenb
1920 2910 2876 2959 Menschen sprechen läßt, desto weniger verstehen wir
2882 2945 3333 3004 Bruder geführt, an de
1920 2948 2880 3005 die tiefsten Beweggründe ihrer Handlungen. „Der
2885 2982 3297 3039 zu nächtlicher Stunde
1922 2989 2884 3040 Schleier der Beatrice blieb, um ein auf der Hand
2870 3028 3308 3078 sich dort zu vermählen.
1907 3032 2875 3079 liegendes Wortspiel zu gebrauchen, den meisten Zu¬
1913 3069 3341 3125 schauern in seiner tieferen Bedeutung schleierhaft. sondern eine aus Verzi
2881 3106 3332 3152 Abende hinter einander
1912 3109 2885 3162 Handelt es sich nur um einen schönen Schleier, also
2892 3142 3337 3196 Filippo gelegen und nur
1906 3146 2878 3183 um ein weibliches Bekleidungsstück wie ein anderes
1911 3180 3332 3223 auch, wenn auch durch die Gunst des Schenkers, des Aufwallung des Zornes
2891 3223 3323 3275 ihm verstoßen und gera
1913 3222 2879 3273 Herzogs von Bologna, herausgehoben aus dem großen
2880 3254 3333 3313 worden. Das sechzehn
1912 3260 2877 3311 Wust anderer schöner Schleier? Oder soll der Schleier
2882 3296 3331 3353 zärtlichen Stunde ihrem
1905 3298 2880 3345 der Beatrice eine symbolische Bedeutung haben? Wenn
2891 3337 3337 3393 erzählt, daß sie geträumt
1902 3343 2874 3394 ja, dann bitte etwas deutlicher, verehrter Dichter!
1905 3375 3342 3425 Sollen wir uns erst ein von dem Dichter beabsichtigtes zugelächelt und sie an sei
1914 3411 3340 3482 Symbol durch eifriges Nachdenken aus der gemeinen Gang geleitet, und danne
