3484 4256
2029 192 2486 300 box 20/2
342 201 1872 305 14: Der Schleier der Beatrice
1202 507 2194 611 2. Dezember 1900. Diezt.
2239 598 2289 674 —
1459 640 2193 739 Breslauer Theater.
1241 721 2482 814 G. M. Stadt=Theater. In Lortzings Waffenschmied“ traten
1185 751 2474 846 zwei Debütantinnen auf. Frl. Karvasy, welche schon gelegentlich bei
1178 822 2466 917 Wiedecholungen bereits besprochener Opern beschäftigt war und sich gut
1173 863 2466 932 gehalten hatte, wurde bei der Première des „Waffenschmied“ in der ver¬
1186 907 2470 997 antwortlichen Partie der Marie herausgestellt. Als Anfängerin machte
1175 971 2484 1059 sie ihre Sache recht brav. Sie war ein ganz allerliebst schwärmendes,
1167 1023 2469 1096 schmollendes, dazu etwas wienerndes Wormser Bürgertöchterlein. Dit
1169 1062 2470 1126 Stimme ist nicht sehr groß, zeigte aber angenehmes Timbre. Die leise
1166 1111 2459 1183 Kopfstimme klang gut und wurde am Ende des ersten Aktes geschickt ge¬
1168 1160 2473 1251 braucht. Beim Publikum fand die Sängerin, die sich auch durch vortheilhafte
1169 1206 2459 1299 Erscheinung empfiehlt, freundliche Aufnahme. Sie gehört jedenfalls zu
1165 1254 2458 1360 denen, welche mit Aussicht auf spätere Erfolge weiterstreben dürfen. Ganz
1165 1310 2450 1392 neu war auf unserer Bühne Frl. Marga Neisch. Sie ist wahrschein¬
1171 1354 2455 1444 lich als Ersatz für Frl. Behnne in Aussicht genommen, die uns leider
1163 1390 2452 1497 verlassen will, um in der nächsten Saison ins Land des Dollars zu gehen.
1171 1444 2456 1545 Frl. Marga Neisch besitzt die Komik der hier so beliebten Künstlerin wohl
1164 1514 2458 1584 nicht. Die Stimme reichte für die Irmentraut aus, was freilich nicht
1157 1537 2454 1634 viel sagen will. Die Sängerin wird sich noch in weiteren Rollen hören
1162 1602 2447 1669 lassen, die ein abschließendes Urtheil ermöglichen. Die übrigen Partien
1167 1642 2453 1731 des etwas zähen Ensembles waren von den Herren Würthele als
1155 1702 2452 1779 munterem Georg. Rochelle als gigantischem Schwaben und Thal¬
1155 1733 2446 1819 heim als redseligem Wirth besetzt. Ein stattlicher Conrad war Herr
1158 1798 2448 1878 Geißler. Den polternden Stadinger gab Herr Schauer. Es war
1161 1845 2448 1922 anzuerkennen, daß er die Partie nicht ins Niedrig=Komische zog. Den
1161 1887 2444 1966 sentimentalen letzten Vers aus dem Jünglingsliede sollte die Regie
1165 1937 2435 2024 streichen. Dirigent war Herr Trummer.. Ein bischen flotteres Lust¬
1160 1991 2443 2093 spieltempo und kürzere Zwischenakte würden die Wirkung des humorvollen
1148 2031 1466 2082 Werkes erhöhen.
1157 2069 2449 2132 Das Löde=Theater harte gestern seinen großen Tag.Eine Premere eine
1153 2128 2438 2181 echte Première, das Werk eines unserer ersten Dichter, das noch nirgends
1153 2174 2450 2244 zuvor aufgeführt, über das die Breslauer zuerst richten durften. Und noch
1151 2228 2465 2303 dazu ein Werk, dem vielfache Schicksale, von der Wankelmüthigkeit des
1158 2269 2446 2343 Burgtheater=Direktors bis zu dem drolligen Ukas der Wiener Kritiker
1151 2320 2478 2391 über die Gerechtsame eines Theaterdirektors, mindestens ebenso gut den :
1148 2375 2443 2421 Stempel der Sensation aufgedrückt hatten, wie ein preußisches Censur¬
1151 2418 2441 2488 verbot. Und der Erfolg? Nun, Schnitzler, der der Première seines fünf¬
1150 2466 2446 2539 aktigen Schauspiels beiwohnte, durfte sich nach dem dritten Akte zweimal,
1156 2521 2440 2570 nach dem vierten Akte einmal zeigen. Auch die anderen Akte fanden Beifall,
1152 2556 2440 2631 doch auch nicht wegzuleugnenden Widerspruch. Es sei von vornherein
1142 2600 2429 2685 bemerkt, daß der Erfolg und der Beifall sicherlich wesentlich größer ge¬
1152 2661 2430 2720 wesen wäre, wenn nicht die Aufführung, vor Allem durch die Besetzung
1143 2713 2429 2765 der Hauptrolle, dem Eindrucke wesentlichen Abbruch gethan hätte. Aber
1145 2760 2430 2824 es will mir scheinen, daß auch bei besserer Aufführung ein stärkerer Beifall
1142 2810 2430 2869 wohl mehr den Schönheiten des Werkes, als dem schönen Werke gegolten
1145 2866 2429 2936 haben würde. Denn Schnitzler ist hinter dem Ziel, das er sich gesteckt,
1146 2902 1898 2965 zurückgeblieben; es ging über die Kraft.
1209 2949 2427 3028 Es liegt nahe, gerade um der Eigenart eines Dichters gerecht und über
1135 2985 2428 3073 die Grenzen seines Könnens klar zu werden, sein neuestes Werk mit
1134 3057 2422 3119 früheren gleicher Art zu vergleichen. Beim „Schleier der Beatrice“ drängt
1145 3106 2429 3147 sich so helerogen Stoff und Behandlung sonst sind, der Vergleich mit dem
1186 3139 2431 3215 Fünen Kakabu auf. In dem „Grünen Kakadu“ hat Schnitzler gezeigt,
1151 3194 2431 3252 daß er es versteht, in den kleinen Erlebnissen der Menschen das Wesen
1144 3245 2432 3313 der Zeit wiederzuspiegeln, und wiederum aus der Zeit selbst das Wesen
1141 3297 2430 3354 der Menschen zu erklären; denn wenn wir jene wild erregten, wirren
1140 3337 2429 3398 Scenen in der kleinen Spelunke sehen, so glauben wir den gellen Klang der
1137 3391 2426 3454 Sturmglocken der Revolution zu hören und den dumpf rollenden Donner
1136 3435 2429 3488 zu vernehmen und den Sturm der großen weltgeschichtlichen Ereignisse.
1137 3480 2430 3552 Auch im „Schleier der Beatrice“ schildert er eine große, wildbewegte Zeit;
1136 3535 2429 3585 er schildert Italien zu den Zeiten der Borgia, in denen kraftvolle Männer
1132 3583 2429 3624 und schöne Frauen in heißer Lust und starker Begierde sich als strupellose
1140 3620 2427 3701 Lebenskünstler das Leben herrlich gestalteten, in denen sich die Natur des
1143 3680 2428 3730 Menschen in ihrer gewaltlasten Größe oder in ihrer tollsten Verzerrung
1136 3727 2424 3793 zeigte. Vielleicht liegt ei gerade unserer Zeit, die in junger Kraft das
1139 3764 2421 3834 Recht auf Ausleben der Individualität predigt, nahe, auf jene Zeiten
1140 3835 2416 3891 zurückzugreifen. Aber Schnigler genügte es noch nicht, jene gluthvolle
1150 3872 2426 3938 Epoche zu schildern; er thürmte einen Berg auf den anderen. Denn er
1140 3908 2428 3986 führt uns nach Bologna an jenem Abend und in jener Nacht, die dem Tage
1137 3969 2422 4018 scheinbar sicheren Unterganges durch die Heerschaaren des Cesare Borgia
1130 4014 2423 4067 vorangeht, also in eine Zeit, in der das Leben ein tausendfach köstliches
1141 4054 2413 4122 Gut wird, in der jede Sekunde eine Ewigkeit bedeutet. Sollten wir aber
1127 4115 2454 4179 den Täumel solcher Zeit verstehen, so muß das Schauspiel von solcher
1131 4162 2413 4214 Gluth und Leidenschaft überströmen, daß es den Hörer stürmisch mit fort¬
