3484 4256
1978 187 2451 284 box 20/4
331 204 1836 295 14. Der Schleier der Beatrice
1513 465 1985 555 Telephon 12801.
1142 586 2355 650 Alex. Weigl’s Unternehmen für Zeitungs-Ausschnitte
2141 633 2364 703 Ausschnitt
1363 651 2050 771 „OBSERYER“
2184 694 2443 785 Nr. 60
1011 774 2467 855 dl. conc. Bureauffür Zeitungsberichte u. Personalnachrichten
1279 824 2262 912 Wien, IX/4-Türkenstrasse 17.
1424 895 2062 980 Filiale in Budapest: „Figyelö“
1025 961 2465 1041 Vertretungen in Berlin, Chicago, Genf, London, Newyork, Paris, Rom, Stockholm.
1022 1098 1541 1172 Ausschnitt aus:
1656 1070 1723 1173 5
1739 1102 2326 1218 entsche gemans 4.
1015 1209 1588 1320 K# 14 7703
1438 1470 2019 1567 Theater und Musik.
1373 1552 2050 1623 „Der Schleier der Beatriee.“
1184 1599 2336 1671 G. Z. Arthur Schnitzler hat am Sonnabend mit
1105 1653 2335 1720 seinem fünfaktigen Renaissanceschauspiel „Der Schleier der
1115 1689 2341 1756 Beatrice“, um dessentwillen er sich, wie erinnerlich, vor drei
1110 1745 2334 1813 Jahren mit dem Burgtheater entzweit hat, nur einen Schein¬
1107 1792 2334 1850 erfolg errungen. Es war wieder die übliche Kraftprobe
1115 1838 2330 1901 zwischen Klatschen und Zischen, innerlich gepackt waren die
1113 1881 2334 1955 Zuhörer nur selten. Schnitzler hat sich eine Aufgabe gestellt,
1114 1928 2340 1991 zu deren Lösung seine Kräfte nur zum kleinen Teil ausreichten.
1113 1980 2334 2031 Der Ernst seines Strebens aber, das hier seit längerer Zeit
1111 2008 2436 2098 wieder einmal auf ein hohes Ziel gerichtet ist, verdient auf
1115 2058 1504 2123 jeden Fall Respekt.
2292 2090 2409 2144 „rto.
1193 2095 2414 2159 Schnitzler führt in diesem Drama drei Menschen zu= suar
1113 2140 2443 2205 sammen, die jeder dem Leben und der Wirklichkeit gegenüber hraus.
1118 2192 2338 2248 kraft ihrer Natur eine andere Stellung einnehmen, und
1113 2240 2460 2299 deren Schicksal aus ihrer Lebensauffassung bezw. ausst das
1111 2277 2469 2343 ihrem Zusammentreffen erwächst. Der Dichter Filippo es den
1014 2296 1084 2347 A
1363 2326 2333 2378 einec von denen, die nur leben, wenn
1115 2326 1281 2388 Loschi
1323 2334 1373 2380 t
1121 2362 2341 2426 sie Künstler sind, ein Typus jener, die Schnitzler
2312 2383 2465 2445 nd die
2023 2410 2169 2468 dem
1120 2408 2028 2478 in ein wenig anderer Beleuchturg in
1010 2405 1119 2466 Inl
2148 2413 2448 2487 Zyflus gen¬
1111 2458 2453 2514 „Lebendige Stunden“ gezeichnet hat. Das Leben der Wirklich= tung")
1110 2495 2453 2555 keit verwundet diesen Menschen der Nerven und der Stimmung stliche
1115 2540 2466 2593 auf Schritt und Tritt, und in der Welt unserer Moral tappte Mit¬
1120 2592 2330 2647 er wie ein Blinder umher und merkt nicht, wenn sein Handeln
1123 2632 2340 2684 den Menschen als schurkisch erscheint. Was er genießt, ist das
1114 2676 2344 2740 Werk seiner Phantasie. Und als die Wirklichkeit doch zu über¬
1123 2726 2332 2780 mächtig an die verschlossene Pforte seines Inneren klopft, als
1128 2764 2338 2821 schließlich diese Pforte aufspringt, und die Wirklichkeit und er
1119 2804 2338 2863 selbst in ihr mit erbarmungsloser Klarheit dasteht, da packt
1123 2854 2337 2908 ihn der Lebensekel und der Ekel vor sich selber, und er gibt
1118 2894 2329 2957 sich den Tod. Er hat erkannt, daß er seiner Verlobten mein¬
1113 2942 2348 3012 eidig geworden ist, und daß die, um derentwillen er sie ver¬
1123 2990 2334 3042 raten hat, Beatrice Nardi, nicht ein Märchenwunder ist und nicht
1121 3030 2349 3096 die höchste Liebe kennt, wie seine Phantasie ihm vorgegaukelt
1121 3074 2348 3129 hat; denn als er sie auf eine ernste Probe stellt, da zeigt sie,
1112 3119 2331 3177 wie sehr sie am Leben hängt, und wie furchtbar ihr der Tod
1113 3156 2337 3209 ist. Beatrice ist in Vielem der gerade Gegensatz zu Filippo.
1114 3205 2353 3262 Sie ist naio, während er der Typ eines modernen, kraftlosen;
1113 3248 2326 3299 Reflexionsmenschen ist. Auch sie steht in gewissem Sinne wie
1111 3296 2338 3348 er jenseits der Moral, aber nicht weil sie in einer anderen
1113 3336 2345 3384 Welt lebt, wo jene Moral nicht gilt sondern weil sie über¬
1110 3377 2360 3437 haupt noch nicht zum Leben erwacht ist, ein Kind, das Gutes¬
1128 3440 2342 3529 und Böses kut, ohne es zu wissen und zu wollen: das Weib
1118 3512 2342 3575 als reines Triebwesen. So folgt sie dem schönen Dichter, als
1123 3548 2335 3614 sie ihn zum ersten Male beim Tanze sieht, so überläßt sie sich
1126 3591 2332 3653 gleich darauf dem Triebe, der sie zu dem großen Herzog
1126 3641 2333 3696 Bentivoglio zieht, so fordert sie von ihm, daß er sie zur
1121 3680 2337 3746 Herzogin mache, so läßt sie sich von Filippo fortschicken, und
1127 3724 2333 3786 so eilt sie von der Hochzeitstafel wieder zu ihm hin, um mit
1113 3772 2330 3827 ihm zu sterben. Als sie dann aber auf einen Augenblick dem
1121 3816 2342 3880 Tode wirklich ins Antlitz sieht, da erwacht sie zum ersten
1122 3859 2333 3926 Male zum Leben. Aber wie bei Filippo ist dieser Augenblick
1117 3913 2328 3962 nicht nur der Wendepunkt ihres Lebens, sondern auch zugleich
1120 3953 2331 4007 der erste Schritt zum Tode. So wie er kann sie das Leben,
1124 3993 2328 4050 nachdem sie einmal sehend geworden, nicht mehr ertragen und
1112 4044 2333 4093 bittet jetzt um den Tod, der ihr vorher als das Unerträglichste
1122 4079 2328 4126 erschienen war. Und wieder ein anderer und doch in der
1119 4122 2328 4178 Naivität seines Handelns mit ihr verwandt ist Herzog
1115 4162 2328 4208 Bentivoglio, in dem der Dichter einen echten Renaissance¬
