3484 4256
1962 163 2397 253 box 20/4
302 168 1815 271 14. Der Schleien der Beatrice
183 1582 1748 1706 #o#e. Jett wurtel Aber die Handlungen des Herzogs in dem Drama
1754 1623 2948 1696 ihm zurückkehrt, so ist gar nicht einzusehen, warum er sie
187 1647 590 1729 Mörder. Jetzt will
1755 1690 2941 1758 ietzt, weil sie verschwunden gewesen, auf einmal wieder nicht
577 1669 1745 1747 assen wenig zu den Worten, die ihn beschreiben. Stark
224 1694 586 1773 hier und lebe!“
1756 1722 2933 1805 besitzen will. Der Lebensgenießer, der sich über Alles hin¬
591 1733 1745 1795 ind hart sollte er sein; in Wirklichkeit ist er schwach und
223 1733 568 1820 kein Gift. Ich
1747 1789 2939 1850 weggesetzt hat, um ein holdes Weib sein Eigen zu nennen,
582 1777 1762 1850 #eich. Und auch er, mag er sich noch so sehr für einen
230 1797 578 1869 aber nimmt jetzt
579 1829 1750 1891 Bezwinger des Lebens ausgeben, ist Anatol, der von jeder
1747 1839 2936 1898 darf sich nicht einen Schritt vor dem ersehnten Ziele durch
223 1840 584 1921 beugt sich über
1742 1866 2931 1940 den Verdacht der Untreue aufhalten lassen. Es steht dem
584 1879 1165 1946 Stimmung bezwungen wird.
218 1880 587 1955 geht auf! Wir
1756 1921 2941 1986 Herzog schlecht an, sich in dieser Ehe, die in der Laune
649 1918 1753 1997 Die Nacht vor dem Morgen, an dem er hinausziehen
221 1933 568 2008 da er starr und
1752 1977 2925 2021 eines Augenblicks entstanden ist und die keinen Morgen
569 1965 1754 2040 vird zum Entscheidungskampfe gegen Cesare Borgia, zu
185 1969 570 2067 ch mit dem Rufe:
1749 2020 2926 2079 haben wird, als Ehemann gar so ernst zu nehmen. Und
574 2037 1748 2095 einem Kampf um Tod und Leben, will der Herzog in
1747 2068 2942 2129 nicht der Herzog, der gewohnt ist, an jedem Tag sein
205 2059 289 2130 W
572 2075 1740 2136 Freuden verbringen. Und da er auf seinem Gange durch
450 2075 562 2147 nur
1745 2110 2930 2162 Leben aus tausend klaren Quellen zu trinken, sondern
571 2127 1749 2194 die Stadt der schönen Beatrice begegnet (diese erste Scene
482 2141 572 2199 ng
1755 2156 2937 2232 Anatol ist es, der die Braut, nach der er verlangt, noch
566 2174 1752 2226 zwischen dem Herzog und Beatrice ist auch eine ganz vor¬
488 2190 571 2243 en
1744 2199 2947 2286 von der Schwelle des Brautgemaches fortjagt. (Eine
569 2218 1743 2271 treffliche dramatische Arbeit), will er sie als seine Geliebte
462 2236 558 2290 rem
1743 2255 2929 2318 Eigenthümlichkeit der Männer dieses Dramas ist es
570 2264 1747 2332 mit sich nehmen. „Nein,“ antwortet Beatrice, „ich will
449 2280 538 2337 von
1749 2306 2943 2361 übrigens, daß sie gern jede Gelegenheit benützen, um die
560 2319 1749 2374 geheiratet sein.“ Was thut der Herzog? Wenn er so ist,
1750 2341 2454 2430 Frauen fortzujagen, die sie lieben.)
571 2359 1745 2426 wie er geschildert wird, so wird er diese Aufforderung als
436 2280 562 2434 0
1834 2377 2955 2461 Beatrice hat im Gemache des Filippo Loschi den
564 2400 1750 2476 einen guten Witz betrachten und wird vielleicht auf diesen
210 2398 545 2474 Selbstmord ver¬
1749 2437 2944 2514 kostbaren Schleier liegen lassen, den ihr der Herzog geschenkt
190 2451 305 2511 ann
565 2454 1748 2515 Witz so weit eingehen, daß er der schönen Beatrice eine
309 2457 557 2529 sich tödtet,
1747 2479 2947 2555 hat. Der Herzog verlangt von ihr, sie soll ihn dorthin
320 2512 387 2566 inte
568 2499 1754 2581 Heirats=Comödie vorspielt. In jener Zeit pflegten sich die
385 2507 544 2568 8 Ver¬
1755 2537 2943 2599 bringen, wo sie den Schleier verloren hat, und so wird
555 2538 1746 2609 hohen Herren nicht mit moralischen Serupeln zu plagen,
366 2550 554 2622 er nicht
408 2592 493 2634 1292
1755 2584 2929 2648 dieses Mädchen gezwungen, ihren lebenden Liebhaber mit
559 2594 1744 2662 wenn sie mit einem Mädchen aus dem Volke sich ver¬
349 2600 407 2657 e
413 2608 545 2675 iber
1744 2630 2941 2700 dem todten zusammenzuführen. Und weil es ein Schleier
570 2639 1750 2710 gnügen wollten; überdies steht ja Cesare Borgia vor den
1749 2681 2928 2737 ist, der im letzten Act diese eindrucksvolle Begegnung
572 2714 1763 2756 Thoren, und am nächsten Morgen ist ein Untergang zu
449 2691 539 2755 der
585 2749 2936 2796 erwarten, der Recht und Unrecht, Schuld und Verantwor= veranlaßt, so heißt das Stück: „Der Schleier der
462 2753 524 2808 4
571 2784 1959 2859 tung in seinen Strudeln verschlingen wird. So könnte und Beatrice.“
1827 2798 2939 2895 Es ist ein verfehltes Stück — ein verfehltes Stück
580 2834 1754 2889 müßte der Herzog handeln, wenn die angeführten Verse
1752 2867 2944 2931 mit ausgezeichneten Eigenschaften. Arthur Schnitzler hat
569 2881 1749 2955 Recht hätten. In Wirklichkeit wallt eine sentimentale Stim¬
573 2931 2933 2992 mung in ihm auf, und von dieser Stimmung sogleich vor Allem auch in diesem Drama gezeigt, daß er ein
577 2962 2925 3033 überwältigt, führt er Beatrice zum Traualtar. Dieser Dichter ist — einer der wenigen Dichter unter denen, die
574 3010 2937 3079 Mann, von dem es heißt, daß er über Menschen wie über heutzutage in Deutschland für das Theater schreiben. Und
217 3000 512 3099 ppo das Weser
1748 3058 2937 3126 die Frage, ob es ihm gelingen wird, das hohe Ziel zu
577 3066 1748 3137 feuchtes Gras dahingeschritten ist, bringt es nicht über sich,
1744 3107 2936 3191 erreichen, nach dem er mit so schönem Bemühen strebt,
566 3122 1745 3199 ein schönes Mädchen zur Geliebten zu nehmen, ohne sie
1737 3164 2937 3232 hängt ab von der Frage, ob er die Kraft haben wird,
566 3171 995 3244 vorher zu heiraten.
1749 3198 2938 3271 aus der kleinen und abgesonderten Welt, in der sein
664 3188 1739 3272 Nunmehr wird der angebliche Ueberwinder vollständig
1749 3240 2929 3309 Schaffen sich bisher hauptsächlich bewegt hat und in der
567 3263 1744 3321 von dieser Ehe überwunden, die doch nicht viel mehr als
1739 3304 2931 3357 die Stimmungen — die Stimmungen, die aus den kleinen
572 3311 1746 3378 ein Carnevalsspaß ist, wenngleich sie in Sanet=Petron
169 3311 277 3406 Kische
1756 3338 2927 3414 Gefühlen hervorgehen — eine allzu wichtige Rolle spielen,
575 3353 1746 3414 feierlich vollzogen wurde. Allerdings ist es ja keine
1752 3392 2926 3444 den Weg zu finden ins große Leben hinein, das allein
567 3403 1744 3464 Kleinigkeit, daß die Braut in der Hochzeitsnacht ver¬
185 3405 355 3486 dampft,
1745 3442 2922 3512 den Dichter mit jenen starken und tiefen Gefühlen zu er¬
577 3443 1751 3502 schwindet. Da aber der Herzog dieses Mädchen so heiß
576 3502 2845 3568 begehrt, daß er sie sogar zur Herzogin gemacht, hat, nur füllen vermag, aus denen die großen Werke erwachsen.
2367 3516 2887 3628 Paul Goldmann.
576 3540 1782 3634 um sie beüitzen zu können, und da sie noch rechtzeitig zu
