3436 4448
2406 396 3359 502 Preis 20 Groschen (2000
516 394 1423 500 Nr. 132 (XXVII. Jahrgang).
1655 404 2382 494 II. Juni-Hälfte 1925.
916 632 1260 737 Kenen
917 754 3335 837 Räguckg iaddege Fumtaengadkta
886 926 3218 1023 ] mit dem tägl. „Programm“ (Theaterzettel) der beiden Staatstheater zur Straßenkolportage.
2998 1038 3353 1142 Telephon Nr. 24
476 1052 2883 1141 Eigentümer und Herausgeber: Kärl Ed. Klopfer. Commandit-Verlag Klopfer & Comp., Wien, VIII., Skodagasse 28.
485 1102 3365 1199 Abonnement (kann mit jeder Nummer beginnen) 1½ Schilling für 10 fortlaufende Nummern mit Postversandt: ohne Theaterzettel. Man verlange Erla
495 1214 3352 1299 Satzschluß dieser Nummer: 5. Juni. Die nächste wird ab 1. Septbr. ausgegeben. Bei sämtl. Artikeln ist der Nachdruck ver
2507 1342 3342 1400 die unveränderlich Kleinen und lebt
1475 1340 2506 1416 Liedern und einer symphonischen Tondichtung
1492 1385 1822 1468 „Kaleidoscop“.)
2496 1382 3349 1453 lichster Unkenntnis dahin. Und sie
444 1382 1473 1487 „Der Schleier der Beatrice.“
1575 1421 2510 1502 Spät genug also tat sich das Burgtheater dem
2515 1441 3357 1513 weiter in heiterem Mitteilungsdrang, al
540 1466 1485 1540 Schauspiel in fünf Akten von Arthur
1486 1483 2514 1553 Drama auf, dessen Schicksal es schien, von den
2516 1502 3340 1562 sie in einem Bilderbuch. Bentivoglio,
450 1526 1485 1584 Schnitzler. (Samstag, den 23. Mai zum ersten
2513 1520 3359 1599 Herzog, ist von seiner römischen Reis
441 1579 997 1652 Male im Burgtheater.)
2506 1593 3351 1643 Er kam mit großem Gefolg durch ihn
1473 1592 2519 1649 Tnoch kritische Stimmen laut, die in Schnitzler
1482 1638 2517 1694 stets nur den Dichter des unsterblichen Süßen
2513 1632 3344 1690 und — nur auf ihr ließ er den Blick
533 1612 1496 1698 Es ist das erste der zwei großen Versstücke
2512 1687 3350 1751 brachte ihr dann einen anmutigen Trauf
1484 1690 2508 1741 Mädels und den bevollmächtigten Geschäftsträger
445 1678 1494 1751 Schnitzlers, und man darf es als das bedeutendste
2548 1739 3354 1793 — zum Gange hierher ihre Schuhe wec
457 1739 2517 1793 Werk des bedeutendsten österreichischen Dichters der „Decadence“ erblicken wollen. So kann ein
1487 1778 2512 1843 erworbener Ruhm zum Verhüngnis werden. Wie
2509 1772 3361 1848 auf ihrem Bette in kurzen Schlumme
449 1768 1494 1847 Eder Gegenwart ansprechen. Bereits 1899 ent¬
2512 1834 3361 1896 „Denk' nur, ich war die Herzogin
446 1825 2517 1896 Estanden, wurde es 1900 von Schlenther für's landers wür es, wenn man das Stück nun anonym
1491 1884 2515 1942 hätte aufführen können! Ich glaube, da hätte
2517 1879 3359 1940 wird stutzig. Und weiter? Sie setzt g#
438 1885 1487 1946 Burgtheater erworben, um im September des
1481 1933 2517 1994 man allgemein begriffen, warum Schnitzler sein
2520 1928 3362 1989 fort, daß sie huldvoll nach allen Seiten
443 1935 1493 2003 selbigen Jahres — zurückgereicht zu werden,
2518 1981 3356 2045 habe, auch ihm, Filippo, der ehrfürchtig
451 1982 2517 2032 was den Protest von sechs namhaften Burgtheater-Bologneser Mädchen zwischen jedes Volk und in
2510 2027 3356 2086 vor ihr beugte. Und daß ihr dann ge#
439 2021 2520 2107 Kritikern herausforderte, aber keine andere ein-Ljedes Zeitalter versetzen dürfte und daß es nur
2509 2079 3358 2137 als führe der Herzog sie durch ein Dun
446 2077 2523 2138 heimische Bühne bewog, sich um das Stück zuauf die Umwelt ankommt, ob ein zögernd auf¬
1488 2126 2512 2193 blühendes Weibtum — das die Neuheit jeder
2507 2129 3363 2195 Namen flüsternd und seine Lippen d
453 2133 1492 2194 bewerben, das nach der Uraufführung (in Breslau,
1495 2179 2519 2229 Minute in animalischer Unschuld erlebt, sich über
2522 2176 3349 2241 nähernd. — Filippo stößt sie empör
452 2184 1491 2241 Sam 1. XII. 1900) in Druck erschien. Anfangs
1496 2228 2524 2288 Nichts oder Alles wundert und bald lächelnd
2512 2235 3358 2289 Träume sind freche Wünsche, Begier
444 2220 1487 2291 1903 brachte es Brahm in Berlin, erst sieben
2522 2277 3342 2338 Mut“ und nennt sie die Dirne ihres
1486 2277 2510 2330 genußfroh, bald in furchtsamer Scheu vor ge¬
440 2269 1500 2338 oder acht Jahre später kam es in Hamburg heraus.
2513 2312 3355 2389 Sie kann's nicht verstehen. Liebt er
1492 2318 2513 2382 ahnten Abgründen triebhaft den verläßlichen
445 2328 1499 2381 und man scheint es nirgends gebührend gewürdigt
1484 2366 2516 2441 Führer durch die Buntheit des Daseins sucht —
2513 2369 3355 2427 mehr? Er weist sie aus seinem Garten
452 2382 1498 2436 zu haben. Freilich, der Autor der „Liebelei“ und
2519 2409 3357 2474 soll ich wiederkommen?“ ist ihre bettel
1482 2407 2524 2476 Tals holdes Naturkind geliebt oder als leicht¬
444 2424 1490 2482 des „Anatol“-Cyklus war da bereits rubriziert.
1481 2458 2513 2515 fertiges Dirnchen bis zur Hexenprobe verdammt
2519 2448 3364 2524 „Im Leben nicht. Das dringt ihr 2
455 2471 1486 2522 d. h. auf eine Spezialität verpflichtet, und „Schuster.
1488 2512 2516 2566 wird. Das echte Weib geht unverbildet durch die
2512 2512 3361 2559 und mit schier überirdischer Heiterke
444 2504 1494 2574 bleibe bei deinem Leisten!“ ist eine Mahnung.
1485 2546 2524 2629 Jahrhunderte, denen die wechselnden Kampfziele
2515 2556 3342 2607 ihr ein, daß er ihr die Möglichkeit
441 2557 1487 2624 deren sich alle — Schuster befleißen, auch wenn
1493 2607 2521 2668 und -spiele des Mannes den „Zeitgeist“ verleihen.
2521 2602 3355 2659 ihm zu sterben, wenn sie erkenne, das
440 2606 1501 2669 sie sich Dramaturgen oder gar „Kunstrichter“
1568 2651 2513 2708 Mitten in jeder Kultur-Hochblüte sitzt auch
2519 2657 3361 2719 ihn nicht zu leben vermöchte. — Filä
454 2654 1493 2717 dünken. Schlenther, der in Wahrheit das Prü¬
1497 2681 2522 2757 die Fäulnis. Schnitzlers Verständnis für diese
2510 2702 3269 2771 sich in seinem Vertrauen betrogen
454 2692 1497 2758 veniere vor einer verantwortungslosen Geheim¬
2516 2758 3358 2812 Traum dieser undisziplinierten Mädchen
1498 2752 2523 2816 Erscheinung hat man für die perverse Lust dran
451 2747 1493 2813 zensur spielte, gebrauchte die Ausrede, das Stück
1494 2797 3346 2862 genommen. Aber der Dichter hat vielfältigealso doch nicht bis in die geheimste
448 2801 1490 2869 nicht besetzen zu können, obwohl Frl. Medelsk,
1493 2841 3338 2919 Fühler und senkt sie in alle Kelche. Sich voll- Herreneigentum wäre. Er hätte ja
451 2852 1497 2902 damals das Gretchen spielte, bald auch die Isabel
1494 2904 3356 2958 saugend mit Allem, was Lebensgenuß ist, gelangt spruch darauf, er, der sich — nich
457 2901 1499 2962 Calderons, und sich ebenso sicher Fr. Hohenfels,
1496 2941 3340 3003 er zu seiner Weltgefühls-Plastik, die jede seiner Dichterträumen — jeden Tag anderen
457 2953 1500 3013 die zweieinhalb Jahre darnach als Monna Vanna
452 2985 3353 3060 entzückte, für die Beatrice interessiert hätte.Gestalten zum Träger ge-griffener Wahrheit! hingibt und auch dem erreichten Ideal
2516 3042 3357 3106 mit jedem Gedankenkeim restlos die Se
453 3040 2526 3101 Für den Herzog wäre wohl Georg Reimers-macht. Und eben deßhalb darf man ihn nie mit
456 3093 2519 3158 Prinzivalli, später Gerasch, für den Filippo abereiner seiner Gestalten völlig identifizieren, mit
2521 3101 3327 3151 nur so lange treu bliebe, als es ihn
2522 3117 3360 3211 lüstet, sich eine Erhöhung des Glüch
455 3149 2518 3203 ein gewisser Josef Kainz zur Verfügung ge-diesem Filippo Loschi etwa, der wirklich ein
2510 3195 3333 3256 das Bewußtsein zu schaffen, daß es
448 3199 2529 3264 standen. Es sollte nicht sein. Nach der Ham- Dekadenter ist, bereits ein Ermüdender, der an
452 3212 3349 3312 burger Aufführung plante Alfred v. Berger alsjdem Tag, an dem er die Braut aus edlem Ge-noch die Freiheit ließe, sich and
1496 3292 2531 3352 schlecht am Sterbebett ihrer Mutter mit brünsti¬
452 3287 1506 3349 Nachfolger Schlenthers die Aufführung am Burg¬
2508 3282 3339 3352 Zwischenstimmung zu suchen. So e
1497 3334 2532 3402 gem Antrag beschmutzte, aus einer bunten Volks¬
2511 3334 3327 3406 auch jetzt ein probates Mittel, sein
454 3338 1497 3410 theater — und starb, eh es dazu kam. Auch
1493 3393 2518 3450 menge die kleine Beatrice Nardi an sich zog
460 3389 1506 3453 Millenkovich und Max Paulsen versprachen sie.
2514 3381 3344 3456 Herz zu betäuben, als zwei adlige Leb
1489 3431 2520 3492 und mitnahm, wie man von der Hecke die Rose
452 3436 1513 3505 aber es schob sich immer Etwas dazwischen.
2513 3436 3337 3507 ein Paar Florentiner Kurtisanen bei
1493 3491 2514 3554 stiehlt. Durch sie, die sich dem Gold seiner
2520 3475 3347 3557 führen, die den berühmten Dichter B
452 3471 1498 3545 Mittlerweil wurde der Stoff nach des Dichters
1496 3530 2517 3595 Geisteskraft wie einer neuen Sonne erschließt,
459 3536 1494 3594 Ursprungsentwurf in das Wiener Biedermeier¬
2514 3529 3334 3591 sehn und zu sprechen wünschen. Er#
2519 3583 3335 3644 samt den mitgebrachten Musikanten bei
1501 3583 2519 3646 wird auch er noch einmal Neuempfänger. Sein
455 3584 1502 3645 Milien übertragen und kam als Pantomime (Musik
2511 3635 3335 3700 durchlärmte Nacht soll ihm vergessen
1497 3629 2521 3695 Vorsatz ist, mit ihr zu fliehen, In eine Fremde,
461 3637 1507 3703 von Ernst Dohanyi) unter dem Titel „Der Schleier
1494 3680 2522 3741 wo niemand ihn kennt und Beatrice — dort so
2584 3680 3348 3744 Zuhause wird Beatrice von ihre
462 3683 1505 3754 der Pierrette“ ans Deutsche Volkstheater (jetzt
1493 3727 2002 3797 entwurzelt wie er —
1980 3718 2514 3804 bis in die letzte Faser
2516 3710 3354 3794 Francesco, der schon den Panzer des f
458 3719 1498 3798 soll sie mit einem russischen Gäste-Ensemble am
1501 3765 1981 3837 mit ihm verschmölze.
459 3781 1509 3838 Raimundtheater erscheinen) — begreiflicherweis
2513 3783 3355 3838 Stadtverteidigers trägt, zur Vermählung
1580 3796 2522 3888 Beatrice erscheint: „Da hast du mich!“ Sie
2509 3828 3350 3883 Jugendgespielen Vittorino gedrängt. D
456 3828 1499 3885 ohne Erfolg, da die Handlung trotz ihrer voll¬
1500 3863 2528 3934 hat sich durch arges Gedräng schlagen. müssen.
2517 3869 3337 3934 liche Stunde heischt raschen Entschluß,
470 3875 1499 3936 dramatischen Kraft mißdentet wird, wenn sie der
1505 3925 2515 3986 Ganz Bologna ist auf in Erwartung der Scharen
2515 3926 3346 3980 Abend noch ließe sich für zwei Leute
459 3935 1498 4000 erläuternden Sprache entbehren muß, noch dazu
1506 3971 2512 4035 Cesare Borgias, der die Stadt dem Papst unter¬
2508 3970 3353 4031 licher Ausgang gewinnen, und Franc
459 3974 1498 4032 dieser gedankentiefen und herrlich beschwingten
1502 4024 2509 4074 werfen soll. Filippo eröffnet ihr seinen Flucht¬
2507 4018 3349 4072 die jüngere Schwester, die unverdo
456 4014 1499 4086 Sprache, die den Hauptvorzug des Werkes bildet.
2511 4072 3339 4123 sicherer Hut wissen, ehe Bologna von
1492 4067 2509 4142 plan. Ihre Familie soll sie nicht wiedersehn. Sie
455 4065 1494 4117 Darum wohl mißtraute unsere Staatsopern¬
2516 4113 3369 4171 lichen Soldateska gestürmt wird. Beatrik
1501 4123 2511 4177 ist auch dazu bereit; ihr sei immer gewesen, als
458 4120 1493 4177 Direktion auch dem von Heinrich C. Noren ver¬
1764 4166 3347 4227 Kerauen  ian Per Welre.Bberube Uill Auen Ste klinigbs IUeng
