3484 4256
1988 148 2439 254 box 20/4
313 144 1838 270 14. Der Schleien der-Beatrice
583 1513 1701 1593 nicht bloß ein Herzog und Stadthauptmann, sondern
1715 1547 2822 1610 er auch seine Meisterschaft, seine Kunst, mit wenigen
2848 1566 3393 1627 wiederum, daß sie eine
587 1560 1697 1634 ein Herzog und Daseinskünstler. Herr Kayßler wußte
1717 1579 2830 1665 Mitteln, mit wenigen kräftigen Strichen dem Zuhörer
2839 1612 3399 1690 geigerischer wie musikalisch
585 1621 1705 1691 zu gewittern — und erwies ein gestrichenes Maß von
1711 1630 2835 1705 Vorstellungen und Anschauungsreihen zu geben, in so
2868 1658 3393 1729 Den dritten Abend des „
588 1667 1701 1744 Unbeseeltheit gegen Beatrice. Das alles war voraus¬
1721 1678 2821 1761 hohem Grade wie hier. Es wetterleuchtet immerfort
2832 1690 3402 1774 habe ich nur besucht, um
578 1705 1691 1784 zusehen. Herr Dr. Brahm, nachdem er solange ge¬
1716 1732 2825 1806 von Genieblitzen; wollte man alle hervorstechenden
2829 1747 3391 1825 G-moll wieder einmal zu
580 1775 1697 1838 zögert, dieses Werk aufzuführen, führte schließlich ein
1709 1776 2822 1850 Züge anführen, so käme es leicht zu einem kleinen
2824 1792 3393 1878 Böhmen zu hören, denn i
577 1809 1694 1882 anderes auf. Immerhin: es war besser als gar nicht.
1712 1832 2829 1912 Buch; eins nur will ich erwähnen, was mir von jeher
2837 1846 3395 1930 doch ihr Bestes und Eiger
574 1853 1695 1946 Ueber einen reuigen Sünder ist mehr Freude, denn
1715 1884 2829 1954 als unvergleichliche Eingebung erschienen ist: den
2834 1897 3380 1973 es ein hoher Genuß, Fr
587 1900 1020 1974 über zehn Gerechte.
1708 1929 2822 2004 Finsternischor. Daß Hagelschauer, Froschgehüpf,
2827 1951 3390 2014 den Herren Hoffmann und
616 1935 1687 2034 Bleibt Beatrice selbst. Die Triesch war die einzige,
1707 1979 2821 2051 Fliegenschwirren durch die Mittel der Musik geschildert
2841 1998 3405 2083 dieses eigenartigen Werkes
576 1992 1696 2089 die den Dichter geahnt hat. Wie sie nur zwanzig
1711 2025 2821 2105 werden, kann man sich ja vorstellen, aber Finsternis?
2831 2045 3310 2119 aufgingen, zu folgen.
577 2044 1698 2126 Worte gesprochen, wußte man den ganzen Unterschied.
1699 2066 2816 2149 Und hier zeigt sich nun die Gegenständlichkeit von
2880 2076 3395 2164 Auch das Zusammenspie
569 2116 1554 2192 Und ich bin ihr allein zu Dank verpflichtet.
1714 2118 2820 2193 Händels Phantasie in höchster Kraft: die Dunkelheit
2834 2124 3390 2224 Gabriele Wietrowetz und d
1703 2175 2827 2256 an sich kümmert ihn nicht, aber die Menschen, die sich
1417 2162 1668 2257 Alfred Kerr.
2817 2198 3398 2262 war ein sehr gut abgew
1704 2216 2828 2309 Iin der Dunkelheit bewegen. Unsicher tastend, Schritt
2823 2235 3389 2312 freuende Eindrücke. Doch
1705 2263 2815 2346 vor Schritt schieben sich die Stimmen vorwärts; man
2833 2291 3391 2363 bekannte Trio in G-moll op.
1700 2322 2807 2392 glaubt die Menschen zu sehen, wie sie die Arme vor¬
2835 2338 3408 2417 cellisten angehört, denn an
937 2313 1353 2429 Konzerte.
1710 2363 2821 2451 strecken, vorsichtig fühlend, ob sie nicht an ein Hindernis
2822 2378 3399 2457 Wassili Sapellnikoff, der seit
1075 2403 1197 2473 Von
1701 2410 2808 2491 stoßen. Nur ein riesenhaftes Genie kann so etwas
2823 2439 3397 2509 nicht aufgetreten ist, ein Kon
1699 2457 1920 2538 erfinden.
971 2457 1304 2538 Carl Krebs.
2831 2483 3384 2547 dem Philharmonischen Orche
1743 2490 2815 2582 Der Philharmonische Chor erwies sich als Herr der
2829 2548 3401 2605 glaubt, die Vorführung vo
645 2534 1678 2622 er Philharmonische Chor (Professor Siegfr. Ochs)
1702 2548 2816 2657 Aufgabe; sein „Israel“ war eine der glänzendsten Auf¬
2823 2578 3389 2648 einem Abend sei das Aeußer
567 2583 1681 2670 1 führte in seinem vierten Konzert Händels „Israel
1704 2601 2818 2689 führungen, die ich überhaupt von ihm gehört habe,
2814 2634 3402 2699 keit und Aufnahmewilligkei
570 2628 1680 2719 in Aegypten“ unter solistischer Mitwirkung der Damen
1699 2647 2816 2740 nicht nur in bezug auf technische Durcharbeitung
2821 2690 3395 2750 werden dürfe, so wurde mc
572 2692 1689 2772 M. v. Trützschler und Geller=Wolter, sowie der Herren
1691 2708 2801 2788 natürlich, auf Pracht des Klanges und Präzision,
2821 2735 3401 2810 eines anderen belehrt, den
573 2740 1669 2811 Robert Kaufmann, Al. Heinemann und Paul Knüpfer
1703 2761 2834 2839 sondern namentlich was Charakteristik und Abstimmung
2820 2774 3389 2847 von Rachmaninoff, dessen e
561 2802 1681 2863 auf. Für einen Chor, der genügend stark und gut
1694 2801 2815 2883 der Farben anbetrifft. Unter den eingelegten Solo¬
2819 2827 3391 2898 gingen, dessen letzter jedoch
555 2828 1676 2921 geschult ist, kann es kaum eine dankbarere Aufgabe
1692 2852 2805 2925 gesängen zeichnete sich das von Frau Geller-Wolter
2825 2880 3401 2941 essant war, wie übrigens a
565 2889 1674 2958 geben als dies Oratorium, in dem die Masse, das
1696 2907 2806 2971 feinfühlig gesungene Arioso „Dank sei dir, Herr“ durch
2818 2928 3398 3006 maninoff, die ich kenne; da
559 2934 1687 3006 Volk, im Vordergrund steht. In keinem andern
1705 2957 2805 3032 Stimmungsreiz und Anmut der Erfindung besonders
2820 2953 3341 3044 Schumann und Liszt.
564 2987 1681 3059 Werk hat Händel eine solche Menge charakteri¬
1690 3005 1827 3072 aus.
2818 3015 3356 3103 schaften, eine Technik,
556 3042 1684 3109 sierender und ausdrückender Chöre zusammenge¬
1740 3026 2801 3132 Fräulein Irene v. Brennerberg zeigte in ihrem
2808 3070 3385 3135 zu kennen scheint, einen
554 3089 3398 3180 häuft wie hier, in keinem andern vielleicht zeigt] letzten Konzert an Stücken von Tartini und Spohr] vom zartesten Piano bis z
