3484 4256
1961 212 2421 306 box 20/4
303 212 1834 316 14. Der schleier der Beatrice
2130 1181 3370 1271 —  h sinden lassen. Eu.
462 1205 3367 1310 sängel hoffen wir durch eine entsprechende Vermehrung der Zahl der vor, daß es gewisse Dinge giebt, wo wir uns niemals grundsätzlich! Erregung in die polnische Bevölkerung
459 1259 1276 1316 * bildungsanstalten bald beseitigen zu können.
1568 1275 3374 1347 ganz verständigen werden und wo in Folge dessen gewisse Be=lasse sich die Frage des confessione
929 1221 1010 1403 an
1576 1353 2718 1427 sie schließlich — durch den Dolch — nicht des Herzogs, sondern
2712 1362 3372 1434 dem Studium jener Epoche nur obe
571 1398 1457 1474 Aus Kunst und Wissenschaft.
1584 1410 2729 1475 ihres Bruders, nachdem ihr Tächtelmächtel mit Philippo vom
2715 1413 3375 1488 ein solches erkennen muß. Wie wa
1566 1438 2733 1524 Herzog entdeckt ist. Eine „moderne“. Ueberkritik nennt sowas
1151 1444 1553 1531 Berlin, 9. März.
2723 1460 3380 1524 bedeutende Culturwerthe sich bis ##
1586 1499 3383 1564 „sein,“ „tiessinnig,“ „phychologisch vertieft“ „interessantes könnten — Werthe, von deren R#
471 1500 1575 1571 * Der Schleier der Beatrice. Schauspiel in 5 Acten
1594 1527 1861 1596 Problem“ 2c.
2690 1533 3216 1615 unserer Armuth zehren
435 1557 1591 1631 von Arthur Schnitzler. Erstaufführung im Deutschen
1621 1565 3309 1640 Ein Herzog: Bentivoglio. Ein Kraftmensch. In der die absolute Schamlosigkeit,
427 1599 927 1659 Theater am 7. März. —
1575 1617 3358 1700 letzten Nacht vor dem Verderben beschließt er, das schönste Depravation Trumpf war, so daß
469 1641 1592 1703 Der „Schleier der Beatrice“ — es ist der Schleier der
1579 1669 3358 1733 Mädchen Bolognas abzufangen, um es seinem thierischen Ge¬ kein Raum mehr vorhanden war?!
430 1683 1596 1764 Schamlosigkeit. Es thut noth, jenen zu lüften, damit diese
1574 1697 3379 1793 lüste zu opfern. Beatrice erscheint, erweckt „edlere“ Gesühle inhierin doch wenigstens ein Gegengen
424 1723 982 1796 in ihrer Nacktheit sich zeige.
1562 1760 2721 1815 ihm. Er nimmt sie sich — aber macht sie vorher
2708 1763 3384 1848 nicht. Und warum nicht? Einfach
465 1787 3360 1879 Im Anfange des 16. Jahrhunderts spielt die Handlung.] zu seinem Weibe. Während der Festlichkeit die er aus diesemgeistigen Ideale jedes Verständniß
430 1826 1597 1886 Bologna steht im Streit wider den Papst. Die
1575 1830 2727 1909 Anlaß veranstaltet, fordert er alle Männlein und Weiblein,
2704 1843 3360 1923 aber für die absolute suitas —
422 1873 1585 1934 überlegenen Heerschaaren des Cesare Borgia rücken
1574 1884 3368 1955 die in den Gartenanlagen seines Schlosses herumschwirren, kommt ungewöhnlich craß zum Vor
420 1893 1579 1968 gegen Bologna an. Die Stadt steht vor dem Untergange,
1579 1930 2709 1998 auf, sich der niedrigen Sinnenlust schrankenlos binzugeben. Alle
2720 1935 3376 2005 Ganze einem Plaidoyer für die B
431 1950 1576 2004 von dem sie nur eine Nacht noch zu trennen scheint. In dieser
1582 1972 2694 2042 Kinder, die aus den Folgen dieser Nacht entsprießen, sollen —
2714 1985 3371 2047 Culturfactor so ähnlich sieht, wie ein
424 1984 1580 2056 Vorahnung harrt das Volk, harren der Herzog, die Nobili,
1580 2016 2718 2082 so decretirt er — adlig sein!!! (Ist das nicht eine Helden¬
2732 2021 3371 2103 Auf solche systematische Geschich
429 2034 1585 2118 die Künstler — kurz Alles, was lebt, dem blutigen Morgen
1575 2065 2709 2124 that?!) Nachdem er das Verbältniß zwischen Beatrice und
2713 2069 3385 2140 sittlicher Tendenzen sollten Strafen #
426 2077 648 2143 entgegen.
1565 2088 2710 2172 Philippo entdeckt, verzeiht er. Denn: Philippo ist ja der un¬
2713 2112 3382 2197 wahrer Bildungsbestrebungen! D#
477 2104 1531 2198 Wie spiegelt sich das Leben in diesen bangen Stunden?
1577 2146 2719 2211 sterbliche Dichter, und Beatrice ist ja nur — ein Kind!
2711 2157 3153 2230 sovie! Bildungspöbel..
471 2180 1577 2245 Ein Dichter: Philippo Roschi. Unsterblich soll er sein
1584 2181 2718 2249 (Danke für solche Kinder. Hoffentlich hat Herr Schnitzler
2740 2199 3380 2274 „Des Geists Verschwendungin
426 2206 1585 2283 durch seine hohe Kunst. So wird gesagt. Doch merken kann
1575 2238 2716 2312 das Modell nicht seiner eigenen Familienkinderstube
2765 2232 3378 2306 lautet ein Vers Griesebachs
1579 2274 1838 2336 entnommen.)
422 2271 1202 2314 man davon nur herzlich wenig.
1183 2271 1584 2334 Man sieht einen
2688 2277 3375 2357 als Endurtheil über den „Schleier
425 2302 1591 2383 decadenten Reflexionsmenschen, einen Mann könender, inhaltarmer
1604 2314 2705 2384 Die Schwester der Beatrice: Rosina. Sie ist neidisch auf
2713 2331 3374 2417 nicht einmal ganz zutreffend. Schma
430 2341 1586 2418 Worte, unklar im Geist und in der Seele zerrissen. Er ist der
1571 2358 2705 2432 die glücklichere Schwester. Sie lechzt darnach, sich dem Herzog
2711 2374 2846 2434 Nein!
431 2397 1572 2456 Bräutigam einer edlen Jungfrau. Leichten Herzens stößt er
1582 2402 2712 2470 vor die Füße zu werfen und von ihm der schmachvollsten Ent¬
2738 2404 3385 2494 Die Darstellung war anscheinen
424 2437 1572 2499 sie bei Seite aus Liebe zu Beatrice, dem schönen Kinde aus
1577 2459 2711 2519 ehrung „gewürdigt“ zu werden. Sie ist höchst ungehalten
2706 2454 3370 2537 bereitet. Doch war sie nicht aus
417 2486 1573 2548 dem Volke. Aber auch diese weist er von sich, wegen eines
1568 2498 2345 2557 darüber, daß er sie unberührt stehen läßt.
2683 2486 3370 2576 Rudolf Rittner, diesem großen
471 2527 1586 2593 — Traumes, den sie gehabt, dessen Inhalt ihn anekelt. Gleich
1600 2532 2712 2608 Auch sonst noch rennen Männer und Weiber über die Bühne,
2705 2551 3383 2620 worden? Aus dem Bereich des Natü
425 2574 1581 2638 darauf wirft er sich in die Arme zweier florentinischer
1570 2577 2708 2667 die nur das Bestreben zeigen, sich in dem tiefsten Schmutz
2700 2598 3368 2660 crasseste Unnatur gezwängt, stieß
423 2628 1575 2679 Courtisanen, um mit ihnen in gemeinen Sinnenrausch unter¬
1574 2612 2107 2689 niedriger Triebe zu wälzen.
2691 2631 3363 2704 Hindernissen herum. Und zwischen
416 2659 1587 2732 zutauchen — die letzte Nacht vor dem Vergehen. Noch ein¬
1596 2658 2701 2749 Alles das — alles, alles in der letzten Nacht, die dem großen,
2695 2685 3373 2746 sagen formvollendeten Versen schwan
427 2705 1579 2770 mal länft Beatrice ihm in den Weg. Auch jetzt stößt er sie
1564 2688 2126 2780 blutigen Sterben vorangeht!
2688 2733 3377 2798 und Charybdis. Das einzig wirklich
424 2746 1590 2826 zurück, da sie sich an das Leben klammert, währeno er zu
1605 2752 2707 2823 Ich könnte nun noch fortfahren in der Schilderung. Doch
2691 2775 3363 2836 brachte, war Irene Triesch's
426 2781 1126 2864 sterben wünscht. Er nimmt Gift —
1560 2798 2713 2866 ich unterlasse es, rechnend auf den Generalpardon des geneigten
2690 2810 3373 2875 ragenden, einzigartigen Künstlerin gel
469 2838 1570 2896 Ein Mädchen aus dem Volke: Beatrice. Ein hysterisch¬
1573 2843 2704 2929 Lesers. Ganz gewiß: selbst das Zeitungspapier hat ein Recht
2692 2859 3371 2929 ständliche verständlich, das Häßliche
1566 2883 1873 2951 auf Schonung!
427 2863 1579 2933 somnambulistisches Wesen, wie es in solcher Verzwicktheit nie¬
2687 2900 3366 2967 greifend zu gestalten. Ihr Wesen #
425 2928 1581 2997 mals wirklich leben, sondern nur in der verschrobenen Phantasie
1592 2913 2700 2997 Aber ist denn das die „große Kunstoffenbarung“, die wir
2695 2931 3374 3016 unnachahmlichen Schimmer des M
428 2969 1573 3028 eines perversen Hirns existiren kann. Sie hat einen Bräutigam,
1561 2968 2691 3057 von der Bühne her erwarten? Soll das die Tragödie der
2687 2990 3373 3059 fast wie die Rettung einer verl#
422 3009 1578 3064 der sich ihretwegen entleibt, was sie völlig kalt läßt. Sie liebt
1575 3020 1838 3075 Neuzeit sein?
2686 3030 3372 3104 denn was aus der Vorstellung ohn
420 3052 1575 3122 Philippo mit wahnsinniger Gluth. Trotzdem wirft sie sich dem
1597 3055 2702 3125 Ja, ist denn die Welt wirklich nichts weiter als ein großes
2687 3079 3366 3149 wäre daran wage ich gar nicht zu ##
426 3099 1575 3168 Herzog an den Hals, und wird im Handumdrehen Herzogin.
1565 3104 2691 3188 Bordell? Und hat ein dramatischer Dichter kein anderes Ziel,
2687 3107 3365 3195 einzelne Momente schon die Grenze de
421 3135 1573 3201 Der gute Cardinal muß in der Nacht noch die Trauung voll¬
1570 3130 2221 3211 als dies im Spiegelbild zu zeigen?
2668 3149 3376 3225 [Kayßlers Herzog war eine voll
425 3184 1580 3236 ziehen. Dann entläuft sie dem Herzog wieder, kehrt zu dem
1589 3186 2702 3260 Aber, werden die „Geistreichen“ einwenden: die damalige
2684 3207 3370 3270 übernahm sich der Künstler stellen
417 3234 2688 3306 Dichter zurück, rennt nach dessen Tode wieder dem Zeit! Ein Cultur= und Sittengemälde aus einer ver¬
2685 3253 3360 3328 wendung der Mittel, und so wurde
423 3271 904 3336 Herzog in die Arme
971 3269 1569 3333 und weiß bei Allem nicht,
1570 3277 2700 3353 sunkenen, farbenreichen und sinnentrunkenen Epoche! Denen ist
2688 3294 3374 3366 Acte nicht recht glaubhaft. Zu ####
419 3311 3368 3405 wie ihr geschieht, noch was sie eigentlich will. Uebrigens ist zu erwidern: Der Verfasser lügt! Mit Absicht und Bewußt= Dumont's fein ausgearbeitete tem
422 3366 3343 3432 sie immer müde — so müde. Sie stirbt — denn sterben muß sein tischt er uns ein Zerrbild auf, das ein Jeder, der in Rosina, Otto Sommerstorff's
