3436 4448
1964 149 2417 237 box 20//4
296 156 1799 239 14. Der Schleier der Beatrige
2387 449 2648 528 —
1600 458 2022 548 Telephon 12801.
1207 566 2435 635 Alex. Welgl’s Unternehmen für Zeitungs-Ausschnitte
2194 616 2425 685 Ausschnitt
2089 640 2167 706 C
1954 651 2085 742 CP
1159 630 1412 741 NelO
1401 640 1958 763 „OBSERY
2247 679 2504 768 Nr. 22
1080 755 2543 841 I. österr. behördl. conc. Bureau für Zeitungsberichte u. Personalnachrichten
1325 813 2316 906 Wien, IX/1, Türkenstrasse 17.
1489 890 2124 966 Filiale in Budapest: „Figyelö“
1095 939 2531 1015 Vertretungen in Berlin, Chicago, Genf, London, Newyork, Paris, Rom, Stockholm.
1851 1086 2575 1179 Berliner Reueste Nachrichten
1092 1089 1622 1177 Ausschnitt aus:
1094 1226 1699 1317 vom: 770
1437 1519 2196 1624 Theater und Unsik.
1519 1606 2107 1685 (Siehe auch dritte Beilage.)
1296 1655 2430 1718 * Deutsches Theater. Der Schleier der Beatrice,
1203 1713 2073 1771 Schauspiel it 5 Akten von Arthur Schnitzler.
1278 1753 2434 1815 Wenn ich das heutige literarische Wien ganz kurz charak¬
1184 1806 2436 1858 Lterisiren sollte, einfach durch die Nennung einiger hervorstechen¬
1202 1844 2432 1898 der Namen, so würde ich sagen: Hugo v. Hofmannsthal, J. J.
1199 1879 2438 1933 David, Arthur Schnitzler. Hofmannsthal ist der künstlerisch am
1204 1903 2445 1987 meisten durchbildete von den Dreien, in J. J. Dabid verkörpert
1203 1957 2433 2015 sich so etwas wie eine klassische Tradition, bei Schnitzler
1211 1991 2522 2048 ist das Wienerthum am reinsten ausgeprägt. Er hat in einenzive
1203 2034 2474 2087 kleineren Schauspiel. „Liebelei“, dem Besten, was er bisher der o.
1203 2075 2507 2135 Bühne gegeben hat, das wienerische Wesen in glücklicher Weise zer
1190 2119 2528 2177 eingefangen, er hat ein Buch Dialoge, reich an der entzückend= aus.
1208 2164 2435 2207 sten wienerischen Grazie, geschrieben, und auch in seinen No¬
1136 2155 1213 2214 „1
1200 2190 2545 2249 velletten zeigt sich dieser feine, prickelnde Geist, der an Lannerschet das
1098 2242 2548 2290 Ab) Walzer denken läßt und an süße, ein bischen sentimentalischeis den
1094 2285 2444 2334 Abé Liebe. Diese kleinen, leichtfüßigen, poetisch verklärten Sachen
1201 2318 2440 2359 sind Schnitzkers Stärke. Nun aber kommt er uns plötzlich
1205 2344 2550 2403 pathetisch. Der Ruhm Hofmünnsthals hat ihn vielleicht nicht d die
1095 2411 2540 2457 Inh schlafen lassen. Er hat sich in die großen historischen Stimmun=gen¬
1112 2440 2531 2498 diigen der italienischen Renaissance zurückversetzt und uns ein ung")
1120 2494 2548 2536 wo# langes, allzulanges Drama, „Der Schleier der Beatrice“, ge= tliche
1203 2510 2565 2573 schrieben. Das Stück ist nicht mehr ganz jung. Es ist schon vor Mit¬
1099 2533 1195 2585 Lel
1205 2554 2429 2607 zwei Jahren in Buchform erschienen und wurde uns schon in der
1109 2571 1202 2630 the
1206 2590 2442 2642 vorigen Saison auf der Bühne des Deutschen Theaters ver¬
1212 2621 2429 2693 sprochen. Nun endlich, da auch diesmal schon die richtige Pre¬
1202 2672 2438 2730 mièrenzeit eigentlich vorüber ist, ist es über die Szene gegangen.
1203 2720 2433 2774 Herr Brahm scheint keine großen Hoffnungen auf dieses Stück
1207 2744 2437 2799 gesetzt zu haben, und, wie es scheint, mit Recht. Das Publikum
1199 2799 2429 2844 nahm das Drama unter ziemlich heftigem Widerspruch hin,
1200 2828 2432 2878 wenn auch der Freunde des Dichters genug waren, so daß sich
1177 2860 2428 2909 der Dichter mehrfach an der Rampe verbeugen konnte. — Was
1171 2901 2428 2974 den Inhalt anlangt, so ist er unendlich seltsam, verzwickt und
1166 2950 1753 3025 ex Verlag und Druck. D.——
1187 2993 2440 3073 im Grunde recht wenig sympathisch. Wir sind in Bologna, zu
1193 3052 2442 3123 Anfang des 16. Jahrhunderts. Die Stadt wird von den
1198 3090 2441 3153 Herren des Cesar Borgia bedroht; an der Spitze der Stadt steht
1186 3143 2441 3190 Herzog Lionardo Bentivoglio. Ein Dichter, Filippo, dem Herzog
1180 3173 2432 3227 befreundet, und verlobt mit einem bologneser Edelfräulein, lernt
1178 3214 2435 3265 plötzlich ein schönes Bürgerkind, die Beatrice. kennen, und wird
1197 3253 2442 3309 von so heftiger Liebe zu ihr ergriffen, daß er die Braut bedenken¬
1191 3294 2445 3346 los preisgiebt. Beatrice besucht ihn in seinem Garten, ohne daß
1172 3331 2438 3404 ein Anderer es ahnt; aber da sie am dritten Tage zu ihm kommt,
1169 3384 2436 3448 Lerzählt sie ihm in einer so übertrieben schwärmerischen Weise von
1183 3420 2437 3465 einem Träume, in dem sie die Gattin des schönen Herzogs war.
1195 3443 2447 3499 daß Filippo, über die Oberflächlichkeit ihrer Gefühle plötzlich auf¬
1197 3488 2439 3546 geklärt, sie gehen heißt, auf Nimmerwiedersehen. Sie geht,
1189 3523 2447 3575 weinend, und da ein Jungling, der schon lange verzebens um sie
1190 3561 2443 3618 geworben, an diesem Tage sie noch einmal bittet, sein Weib zu
1188 3610 2438 3658 werden, sagt sie Ja und will ihm umgehend in die Kirche zur
1182 3643 2438 3706 Trauung folgen, denn Borgia ist mit unermeßlichen Truppen vor
1185 3683 2445 3732 die Stadt gerückt, und wer weiß, ob man den folgenden Tag noch
1193 3716 2440 3760 erleben wird. Auf dem Gange zur Kirche begegnet das Paar
1193 3757 2432 3803 dem Herzog Lionardo. Das Mädchen ist sprachlos vor Entzücken,
1192 3798 2441 3848 da sie den schönen Helden ihres Traumes erblickt, und auch den
1200 3846 2435 3886 Herzog überkommt es wie ein Rausch bei ihrem Anblick.
1651 3879 2443 3940 seiner Geliebten machen, aber
1202 3872 1575 3932 Er will sie
1190 3908 1639 3968 sie verlangt kühn,
1633 3910 2429 3972 daß er sie zur Herzogin erhebe.
1191 3945 2432 4008 Er thut es, ihr Bräutigam ersticht sich in Scham und Schmerz.
1201 3995 2435 4030 und die Trauung findet umgehend statt. Nun kommt das
1191 4035 2432 4087 Wunderbare. Während ganz Bologna feiert, schleicht sich
1197 4069 2438 4129 Beatrice aus dem festlich durchschwärmten Parke ihres jungen
1183 4100 2433 4149 Gatten heimlich fort zu Filippo, zu dem sie plötzlich eine namen¬
