3484 4448
1911 171 2378 269 box 20/4
260 192 1780 282 14. Der Schleiender-Beatrice
156 1147 1223 1242 als sie den Tod wollte, war sie ungetreu, da sie das
1248 1160 2326 1254 zerstörten Illusionen und seinen Pakt mit
167 1208 493 1278 Leben wählte?
1238 1225 2319 1283 dem Dasein macht, der sich sagt, daß es
215 1253 1227 1322 Ach, sie tat wohl weder das eine, noch tat sie
1245 1277 2326 1335 weiser, vor allem wohltätiger sein kann, die Augen¬
157 1300 1225 1361 das andere; sie tat es beides oder gar nicht. Was
1253 1314 2326 1374 zu schließen, statt mit aufgeregten Sinnen zu forschen,
165 1334 1224 1409 sind die Worte, die starren Schachtelbegriffe unseres
1241 1369 2318 1424 daß es nicht auf unser Urteil, auf unser Loben und
160 1396 1230 1453 Denkens, daß sie ein Leben, wie dieses, einfangen
1244 1396 2318 1482 Verdammen ankommt, sondern auf das, was wir
157 1428 1224 1499 wollen, das hinfließt gleich dem schillernden Strom,
1238 1453 2313 1505 auf der Welt, wie sie einmal ist, zu schaffen ver¬
165 1477 1227 1532 der immer derselbe scheint und immer ein anderer
1239 1501 2320 1563 mögen, der schnell ergreift, um ebenso schnell
160 1519 1230 1588 ist! Was soll ein Entweder=Oder, wo es sowohl¬
1247 1539 2309 1586 fahren zu lassen, was er doch nicht halten kann. Er
157 1574 1223 1627 als auch heißen muß, was soll ein Ja oder ein
1249 1583 2319 1645 ist im letzten Sinne der Sieger innerhalb dieses
160 1608 1218 1671 Nein, wo jedes Wort der bestimmten Farbe der
1235 1623 1434 1677 Lebens.
1440 1628 2310 1696 Eine Weile ist es das Weib Beatrice.
159 1654 644 1719 Entschließung entbehrt?
1247 1669 2320 1722 Beide Männer denken nach, suchen zu ergründen, wo
223 1694 1215 1755 Sie log dem Herzog und sie log dem Dichter
1241 1711 2316 1761 nichts zu ergründen ist. Beatrice mmmt nur einfach,
155 1743 1212 1810 und sprach doch beiden Wahrheit, sie betrog den
1238 1757 2309 1821 was sie findet, einen Dichter und einen Herzog. Beide
162 1790 1221 1835 einen mit dem andern und war doch beiden treu —
1234 1806 2317 1858 Männer wollen nach ihren anfänglichen Illusionen
156 1828 1222 1915 vielleicht liebte sie als dritten, wenigstens für einen
1227 1847 2314 1915 ihr alles sein, sie ganz besitzen, sie ganz ausfüllen;
157 1884 1213 1941 Nachmittag, sogar den biedern Handwerksmann,
1233 1893 2302 1964 sie ist zufrieden mit dem, was da ist, mit dem, was
148 1920 1216 1993 dem ihr Bruder sie zur Sicherheit noch kurz
1236 1933 1323 1982 ihr
1329 1942 2316 1996 gerade jeder gibt. Das ist ihre Stärke; ihre
154 1959 1209 2018 vor seinem Scheiden anverlobte. Sie konnte
1235 1981 2322 2034 Minderwertigkeit ist ihre Überlegenheit. Erst nachdem
151 2005 1217 2076 sterben, wenn ihr vor Entzücken, vor innerem
1239 2024 2307 2105 der Herzog sie in diesem ihrem Wesen erkannt hat,
157 2053 1111 2118 Jauchzen die Seele zu bersten drohte,
1232 2062 1914 2138 ist er endgültig über sie hinaus:
157 2093 1218 2173 mußte leben, mußte taumeln im wilden Rausch
1444 2117 1915 2184 wir nannten Dein Tun
155 2142 1223 2207 der Lüste, wenn ihr der Tod sein Grinsen zeigte.
1361 2168 2187 2240 Betrug und Frevel und Du warst ein Kind!
148 2185 1219 2250 Alles Äußerste liegt ihr so nahe wie das Nächste.
1302 2232 2297 2295 Erst jetzt ist er der Überlegene, der neuen Taten
150 2233 1212 2292 Sie nimmt das Bedeutende hin wie das
1224 2275 2291 2357 wie frischen Morgenlüften, wie neuem Leuchten aus den
151 2276 1215 2343 Unbeträchtliche, das Unerhörte wie den Alltag.
152 2318 382 2379 Was ist
1222 2316 1746 2387 Höhen entgegenschreitet:
391 2321 1215 2379 ihr ein großer Dichter, was ihr
144 2353 1212 2428 ein Herzog! Reiche können zerkrachen und auf den
1378 2373 2115 2448 Das Leben ist die Fülle, nicht die Zeit,
152 2410 1214 2470 Trümmern neue Kronen wachsen — es ist ihr nicht
1384 2423 2136 2485 Und noch der nächste Augenblick ist weit!
157 2455 1214 2507 mehr, als daß ihr Spitzentuch zerreißt. Alles Be¬
157 2498 1204 2553 deutende sinkt vor ihr dahin, sie schreitet in ihrer
1290 2495 2294 2591 Die drei Gestalten der Beatrice, des Herzogs und
149 2546 1205 2605 Ahnungslosigkeit souverän darüber hinweg. Mit
1230 2547 2301 2630 des Dichters sind in Schnitzlers Stück ausgezeichnet
144 2589 1201 2652 einer unbewußten Grausamkeit, mit einer nur in der
1229 2601 2310 2672 herausgearbeitet. Sie sind in ihrer ganzen Anlage
145 2632 1209 2684 Kindlichkeit begründeten Gleichgültigkeit, in der man
1217 2648 2296 2708 und Charakteristik nicht bloß „gewollt“ sondern auch
144 2669 1201 2743 es zuweilen wie voll Ahnung als einen Aus¬
1229 2693 1456 2748 „gekonnt“.
1467 2701 2299 2765 Sie sind es so sehr, daß der lebhafteste
144 2701 486 2772 gleich der zu
547 2724 1211 2773 schreienden Disharmonien auf¬
1233 2740 2301 2816 Freund dieses Werkes wünschen muß, sie aus dem
144 2763 1203 2827 gereizten sozialen Gegensätze zu spüren glaubt, als die
1215 2780 1406 2838 vielfach
1414 2784 2289 2839 unbedeutenden Gewirr der übrigen
154 2805 1211 2859 stille Rache der unteren Din#e an den oberen. Sie
1217 2830 2293 2903 breiten Szenen, des angeblichen Renaissance= und
150 2846 848 2913 ist ja nur Trieb, nur Pflanze,
901 2854 1205 2910 sie will nur
1219 2868 1696 2928 Bologneser Treibens
1695 2879 2294 2940 herausgeschält zu sehen.
138 2883 1204 2945 lieben, nur leben und da sein, nicht denken und nicht
1222 2914 2292 2967 Dann erst würde dieses Stück so hell leuchten, wie
143 2938 1200 3005 wählen. Ist etwas in ihrer Brust, das gerade ein
1220 2963 2295 3016 es verdient und wirklich als Schnitzlers reifstes da¬
138 2978 1202 3045 Dichtersmann, ein Herzog befriedigt — warum nicht
1220 2991 2298 3073 stehen. Fast jeder Zug verrät den feinen Kopf, der
149 3027 1198 3078 er so gut wie ein anderer? In schönen Versen hat
1222 3042 2284 3104 künstlerisch klüger und weitsichtiger ist, als Haupt¬
148 3068 1193 3152 Schnitzler es an verschiedenen Stellen selber klar
1218 3090 2287 3147 mann und Sudermann zusammengenommen, der
159 3104 525 3186 aussprechen lassen.
1216 3125 2299 3210 nur des sozusagen brutalen und dumpfen dramatischen
609 3161 790 3241 Du bist
1227 3182 2289 3237 Urdranges des letzteren und der bunten Fülle,
246 3199 1080 3282 Zu staunen nicht gemacht. Niemals hat Dich
1223 3224 2288 3292 der reichen, spielerischen Menschlichkeit des ersten
250 3242 1012 3305 Des Daseins Wunder namenlos erschreckt,
1227 3273 2291 3334 entbehrt. Die Verse sind von einer klaren,
235 3307 1033 3354 Nie bist Du vor der Buntheit dieser Welt
1215 3295 2283 3379 klugen Ruhe, die den Gedanken mühelos und
249 3337 964 3401 In Andacht hingesunken, und daß Du,
1217 3350 2281 3423 restlos durchformt, wie es weder Hauptmann noch
248 3367 871 3432 Die Beatrice ist, und ich, Filippo.
1205 3409 2279 3468 Sudermann kann, ohne konventionelle Anlehnung,
246 3412 1004 3478 Sich unter den unendlich Vielen fanden,
1214 3452 2276 3501 ohne Banalität, ohne den ganzen Prast überlieferter
247 3456 1077 3525 Hat nie mit tiefem Schauer Dich erfüllt.
1220 3484 2282 3558 Jambenfloskeln, bei dem man sich vor Schmerz die
244 3494 989 3576 Und daß Du Fürstin von Bologna bist,
1218 3519 2294 3602 Ohren zuhält. Es sind Schnitzlersche Verse man
245 3545 970 3595 Macht Dich so wenig staunen, Beatrice,
1221 3577 2281 3636 hat nirgend das Gefühl, wie heute bei fast allen
238 3587 1124 3665 Wie wenn sich eine Mück' auf Deine Hand setzt.
1219 3619 2291 3684 Versstücken, daß Schlegel=Baudissins Shakespeare
182 3627 696 3714 Und an anderer Stelle:
1213 3673 2272 3745 hat Pate stehen müssen. Vielleicht ist Schnitzlors
1222 3711 2014 3784 „nächster Augenblick“ nicht mehr weit.
242 3694 1094 3786 Es ist Dein Wesen, daß mit jedem Pulsschlag
236 3741 1031 3816 Durch Deine Adern andre Wahrheit rinnt.
1814 3742 2186 3840 Paul=-Mahn.
184 3825 1186 3901 Der Titel „Schleier der Beatrice“ ist wohl nur
143 3865 1190 3953 hymbolisch zu nehmen für eben dieses Verworrene,
145 3925 1183 4004 Nebelhafte, welches das Wesen der Beatrice über¬
145 3970 1195 4036 schleiert. Denn im Stück ist der Schleier — nur
141 4020 1184 4085 in Schleier, dessen Verlust und Wiederfinden nur
136 4053 1193 4129 in Mittel der Handlungsführung wird; er kann
141 4099 1191 4188 hier nicht etwa symbolisch für die Reinheit der Be¬
152 4142 413 4206 itzerin stehen.
