3392 4384
314 285 1844 425 14. Der Schleien der-Reatrige
1944 315 2432 402 box 20/1
567 757 798 839 Seite 2
1125 767 1600 860 Wien, Donnerstag
1987 767 2449 878 Reichspost
2729 777 3213 878 30. Dezember 1909.
612 842 1387 911 —
473 898 1681 975 nicht übersehen werden, daß die Sieger ihre Rechnungen
1757 913 2857 1001 Der böhmische Landtag. Die glücklich ver¬
476 955 1665 1036 vorweisen und von Schlenthers Nachfolger das Honorar
1659 964 2865 1022 änderte Lage im Abgeordnetenhause verstärkt das
3018 969 3097 1049 2
3048 950 3390 1062 Parlam
469 1003 1656 1070 verlangen werden. Und dann kann ja der traurige
1656 1012 2854 1094 Bedürfnis, nun auch mit dem böhmischen Landtag in
470 1050 1658 1130 Kehraus im Burgtheater beginnen. Es ist leider nicht
1656 1067 2860 1137 Ordnung zu kommen. Dr. Baernreither hat
3217 1045 3374 1146 Her
465 1113 1661 1174 anzunehmen, daß der neue Direktor junge arische Talente
1664 1108 2854 1181 heute in einer vielbemerkten Rede im Herrenhause dem
3022 1090 3372 1211 7. Sitzung v
1667 1156 2853 1221 Wunsche nach einer Schlichtung der Landtagskonflikte
475 1153 1659 1228 im Burgtheater zu Worte kommen lassen werde. Es
2935 1178 3351 1258 Das Herrenhaus
1669 1201 2839 1281 in Böhmen Ausdruck gegeben. Man kann annehmen,
462 1203 1660 1299 könnte geschehen, daß den Vorteil an dem Direktienswechsel
2848 1216 3376 1307 Alkoholkontingent, Erm
1661 1249 2834 1331 daß bei der kommenden Rekonstruierung des Kabinetts
466 1257 1662 1350 nur einige Schreier haben, die mit aller Wucht den neuen
2835 1282 3343 1351 wertungsgesetz, also a
1664 1307 2839 1374 und der Vorbereitung der nächsten Abgeordnetenhaus¬
473 1321 1660 1417 Direktor bedrängen und ihm ihre Stücke aufdrängen
2835 1326 3351 1399 schlossenen dringenden
1655 1348 2840 1423 tagung die Entscheidung über den böhmischen Landtag
2842 1380 3376 1457 auch seinerseits vor Neu
470 1376 1652 1445 werden. Schlenther hatte die Kraft oder die Gleichgültig¬
1662 1399 2835 1477 eine wichtige Rolle spielen wird. Das Kabinett Bienerth
2833 1428 3372 1503 alten Gepflogenheit ge
462 1421 1660 1514 keit, sich ihrer zu erwehren. Wird es der kommende Direktor
1661 1447 2837 1534 dürfte den Erfolg der Geschäftsordnungsreform erst
2838 1473 3223 1553 Budgetberatung
3209 1476 3348 1550 eine
467 1495 1657 1566 auch imstande sein? Welche Perspektiven eröffnen sich
1662 1499 2832 1567 dann für vollkommen gesichert halten, wenn auch für
2840 1524 3345 1583 das Vertrauen der
465 1527 1655 1615 da! Wenn ein Direktor ernannt wird, der in engster
1671 1546 2838 1635 den böhmischen Landtag eine gute Verständigung erzielt
2838 1583 3375 1637 rung zum Ausdruck kam
468 1588 1653 1674 Verbindung mit der Clique steht, dann mag man sich
1666 1600 2833 1670 worden ist. Die schwere finanzielle Notlage des König¬
2833 1621 3375 1690 heuer die Besprechung de
1659 1646 2832 1732 reiches Böhmen wird ja auch gewiß weder auf deutscher
471 1652 1652 1726 auf das Schlimmste gefaßt machen. Die Gosse und das
2832 1663 3377 1743 verschiedenen Seiten wur
1660 1696 2794 1765 noch auf tschechischer Seite unterschätzt werden und s
458 1696 1656 1797 Bett können dann im Burgtheater zur Herrschaft ge¬
2839 1728 3330 1795 Steuerplan kritisiert,
460 1743 659 1816 langen.
1646 1724 2841 1824 werden die gemeinsamen Landesinteressen hoffentlich
2828 1771 3366 1835 Dr. R. v. Bilinski
1657 1786 2835 1863 ebenso wie die geänderten Verhältnisse im Reichsrate
2840 1821 3382 1892 der Kritik der Pairs gen
564 1833 2836 1925 Das ist die große Gefahr, vor der wir stehen, zu dazu beitragen, auch die längst gewünschte Flottmachung
2839 1867 3375 1937 hältnissen gemäß drang
463 1842 1647 1955 deren Abwehr aber leider bisher nichts geschehen ist.
1655 1884 2517 1964 des böhmischen Landtages zu erleichtern.
2847 1917 3372 1989 sche Frage durch, hie
460 1922 1655 1998 Wir werden vielleicht nicht mehr Hans Müller auf den
1740 1949 2838 2042 Der Exlex=Zustand in Böhmen. Aus Prag wird
2838 1957 3374 2034 Baernreither, der
462 1975 1198 2055 Brettern des Burgtheaters sehen,
1194 1988 1655 2057 dafür aber Bauer
1656 2015 2829 2088 unterm 29. d. berichtet: Die Statthalterei hat dem
2834 2015 3379 2087 lungen zwischen Deutsch
465 2037 1212 2106 und Bahr. Ist das das Ziel,
1207 2036 1665 2115 dem man zustreben
1651 2047 2833 2125 Landesausschusse mitgeteilt, daß die Regierung eine
2840 2059 3374 2130 dem allgemeinen Friede
465 2078 1232 2171 soll? Glaubt jemand wirklich,
1254 2089 1658 2171 daß Schlenthers
1650 2106 2837 2183 Verordnung herauszugeben beabsichtige, mit welcher den
2832 2113 3366 2183 Dr. v. Grabmayr gi
468 2126 842 2204 Gegner den
893 2145 1152 2215 verhaßten
1203 2136 1428 2211 Direktor
1459 2152 1656 2228 stürzen
1652 2153 2831 2232 Bierproduzenten aufgetragen wird, auch nach dem
2834 2161 3376 2236 schen Lage zu einem schau
468 2190 1652 2275 halfen, weil er Hebbel vernachlässigte, Ibsen
1662 2204 2832 2268 1. Jänner 1910 die vorgeschriebene Bierabsatzregister zu
2833 2210 3370 2276 Presse vor, deren aus
460 2232 1650 2324 ignorierte, Grillparzer in den Hintergrund schob? Nein
1664 2252 2828 2321 führen, und zugleich um die Zustimmung des Landes¬
2823 2264 3362 2332 reform erhobene Klagen
1656 2312 2827 2367 ausschusses zu dieser Verordnung für den Fall ersucht,
528 2298 1648 2385 sie kämpfen nicht für Ibsen und Hebbel, sondern
2826 2317 3377 2381 restlosen Nichts zerpflückt
1646 2355 2836 2430 als der Beschluß vom 22. d., betreffend die Weiter¬
2830 2359 3369 2432 er zugleich den Altlibera
459 2351 1643 2431 für sich, ausschließlich für sich. Schlenther wäre in ihren
1648 2395 2838 2482 einhebung der Landesbierauflage im Jahre 1910 die
2827 2401 3377 2482 freisinnigen sagte, erregte
458 2412 1640 2485 Augen der beste Direktor, wenn er ihnen die gering¬
1647 2447 2829 2513 Allerhöchste Genehmigung nicht erlangen sollte. Der
2831 2455 3333 2522 als er sein Vertrauen
458 2468 1642 2532 fügigsten Konzessionen gemacht und von jedem auch nur
1656 2494 2829 2573 Landesausschuß beschloß, heute dieser Verordnung
2834 2505 3317 2571 der Christlichsozialen
459 2516 1657 2600 ein „Werk“ aufgeführt hätte. Was uns als sein einziger
1655 2545 2820 2626 nicht zuzustimmen, zugleich aber die volle Verant¬
2828 2550 3372 2623 wärtigen Politik verd
451 2554 1641 2651 Lichtpunkt erscheinen muß, dünkt ihnen seine einzige
1639 2589 2821 2666 wortung für die Folge einer Verweigerung der Ge¬
2831 2601 3333 2668 Sprecher der Rechten
463 2622 1648 2705 Freveltat. Sie schieben Ibsen vor und meinen sich. Die
1653 2641 2829 2727 nehmigung für den Beschluß vom 22. d. der Regierung
2827 2650 3363 2723 empfahl und Besorgnisse
448 2683 1643 2762 jammern über den Verfall der Kunst und denken an
1651 2699 2827 2765 zu überlassen. Ein Ansuchen des Stadtrates in Reichen¬
2832 2694 3374 2768 österreichischen Bündnisse
449 2720 1246 2812 den Verfall ihrer Tantiementräume.
1651 2746 2821 2804 berg um Verlängerung der Einhebung der Gemeinde¬
2820 2738 3359 2820 Herrenhause derartige K
1651 2784 2824 2854 bierabgaben wenigstens für das Jahr 1910 wurde mit
2837 2794 3373 2868 Schließlich sei noch erwä
559 2783 1643 2872 Es wird darauf ankommen, daß der Nachfolger
1642 2829 2815 2911 Rücksicht auf den Standpunkt der Regierung mit
2832 2846 3358 2911 des Herrenhauses sich bez
450 2812 1637 2921 Kraft und Mut hat, sich dieser Bedränger zu erwehren.
1650 2886 2823 2966 Stimmenmehrheit abgewiesen, obwohl das Gesuch
2829 2894 3374 2961 scheine auf Seite der Re
450 2900 1640 2977 Wäre er ein Mann, der dies nicht könnte, dann wäre es
1648 2929 2830 3009 darauf verwies, daß im Juli 1905 der Gemeinde
2838 2945 3368 3012 schreitung der Kompetenz
459 2944 1637 3036 kein tröstlicher Ausblick, der sich für Wiens erstes Theater
1652 2982 2828 3066 Reichenberg die Einhebung einer Gemeindebierabgabe
2830 2991 3134 3051 nen erklärte.
452 3006 1639 3071 ergibt. Was der bisherige Direktor auch unterließ und
1646 3029 2435 3103 bis Ende 1909 bewilligt worden war.
2887 3019 3368 3124 Präsident Fürst zu Wi
457 3065 1656 3146 was sein Schuldenkonto erheblich belastet, es ist noch
2820 3085 3213 3144 1 Uhr 35 Minuten.
1721 3091 2826 3183 Die Bevölkerung und die Geschäftsord¬
454 3114 1636 3201 immer erträglich gegenüber der unerträglichen Furcht,
2900 3107 3369 3187 Die im Hause erschien
1638 3138 2816 3211 nungsreform. Aus Alt=Rohlau wird uns ge¬
2830 3160 3361 3228 Mensdorff=Pouil
449 3166 1641 3240 daß die erste deutsche Hofbühne zum Tummelplatz von
2826 3203 3345 3263 Mannsfeld, Hofrat
1645 3193 2825 3273 schrieben: Ueber Antrag des Oberlehrers Johann Behr
455 3209 1634 3303 Talentlosigkeiten herabsinken sollte, wenn sich diese im Besitz
2818 3238 3355 3322 Abt Prammer und 9
1644 3241 2818 3320 hat die hiesige Gemeindevertretung in ihrer Sitzung
2820 3269 3033 3339 gelobung.
446 3267 1185 3361 kritischer Machtbefugnis befinden.
1650 3291 2817 3356 vom 28. d. folgende Resolution zum Beschlusse er¬
2890 3307 3356 3383 Es wird das ##ulta
1647 3338 2817 3422 hoben:Die Vertretung der 7000 Einwohner zählenden
554 3342 1638 3421 Dagegen sei rechtzeitig die warnende Stimme er¬
2827 3363 3358 3421 genommenen Wahlen bekan
2820 3396 3359 3460 Verifikator: Ritter v. Lu
1644 3393 2820 3462 Gemginde Alt=Rohlau bei Karlsbad spricht allen
451 3371 1642 3475 hoben. Das Burgtheater wäre sicherem Verfalle geweiht,
2824 3438 3335 3486 politische Gegenstände: Dr.
1642 3436 2821 3514 Ahgeordneten, die für die Aenderung der Geschäfts¬
459 3457 1632 3538 wenn es kein festes Bollwerk gegen das Eindringen der
2824 3481 3346 3529 für Wehrangelegenheiten: G
1649 3486 2824 3551 bednung des Abgeordnetenhauses eingetreten sind, den
458 3508 1096 3586 Schmockliteratur bilden sollte.
2816 3516 3364 3577 volkswirtschaftliche Kommissich
1639 3535 2823 3599 Dank aus und hofft, daß nun die großen sozial¬
2822 3556 3361 3610 die Eisenbahnkommission: #
1308 3542 1647 3652 Viennensis.
1635 3580 2819 3651 politischen und wirtschaftlichen Vorlagen der baldigen
2822 3593 3367 3651 Kommission für Finanzgegenst
2825 3635 3358 3693 Karl Gitter v. Czyhlarz
1648 3631 2813 3710 Gesetzwerdung zugeführt werden und der nationale
2814 3676 3353 3718 Vinzenz Graf Thurn=Va
1639 3683 2818 3765 Ausgleich zum Wohle des deutschen Volkes und
2892 3699 3362 3770 Ueber Antrag des Mitg
1642 3729 2677 3807 des gemeinsamen Vaterlandes abgeschlossen wird.“
2814 3746 3362 3812 den Gesetzentwurf, betreffend
487 3677 1543 3845 Politische Rundschan.
2812 3783 3360 3846 und Viehverwertus
1713 3786 2808 3872 Nachwirkungen zum Wiener Großserben¬
2815 3825 3362 3887 Franz Thun, den Gesetzentw
1626 3850 2808 3915 prozesse. Eine Wiener Korrespondenz verbreitet die
2811 3869 3368 3940 kontingent, auf die T#
784 3861 1337 3972 Gesterreich-Ungarn.
2803 3902 3020 3965 zu stellen.
1640 3897 2801 3966 Nachricht, in hiesigen diplomatischen Kreisen verlaute,
2878 3918 3361 3998 Es wird hierauf zur C#
1626 3947 2813 4020 daß infolge des Ergebnisses des Ehrenbeleidigungs¬
1186 3949 1610 4038 Wien, 29. Dezember.
2879 3980 3359 4025 Die auf der Tagesordün
1631 3991 2807 4071 prozesses der serbisch=kroatischen Koalition zwei
2801 4001 3362 4067 Lesung stehenden Gesetzentwi
521 4018 1627 4102 Landtagsergänzungswahl in Niederöster¬
1623 4038 3363 4139 Beamte des Literarischen Bureaus Bestimmungen über die Revi
