3484 4224
1953 171 2419 261 box 20/6
1364 195 1936 295 Beatrice
289 182 1367 301 14: Der Schleier der
1043 851 2516 952 nie können sie ihre nächtlichen Visionen im Glanz und
1042 926 2519 1004 Schimmer vor sich erstehen sehen, nie wird ihnen der einzige
1046 990 2512 1061 Lohn zutheil, der dem Genius gebürt: die Freude des Schenkens.
1055 1062 2507 1130 Weil sie ohne Licht verkümmern und so viel geistige Werke nutzlos
1052 1113 2516 1188 verloren gehen, deshalb ist gegen das Publicum jeder Stachel,
1046 1169 2511 1246 gegen die Directoren und Kritiker jeder Hohn, gegen die Stücke¬
1051 1227 2524 1304 händler jeder Hass und jede Verachtung geboten und nützlich. Es
1055 1288 2520 1359 wäre sonst wahrlich gleichgiltig, ob sich einer von ihnen anstatt
1052 1351 2526 1418 als Kohlenagent oder Tuchhändler mit Tantièmen sein Brot
1065 1424 2527 1483 und den Champagner dazu verdient, aber jeder Abend, an dem
1057 1468 2520 1548 leere Machwerke aufgeführt werden, jede Mark, die dafür in die
1068 1530 2524 1605 Theatercasse gleitet, ist der echten Kunst gestohlen und, was
1065 1587 2512 1661 noch weit ärger ist, sie verdammt den echten Künstler zur Un¬
1053 1645 2519 1725 fruchtbarkeit oder Verzweiflung. Gewiss können die paar tausend
1056 1704 2513 1777 Leute, die im amerikanisierten Deutschland von heute noch Kunst¬
1063 1766 2523 1815 empfinden haben, ziffermässig nichts ausrichten; aber selbst wenn
1064 1817 2530 1907 sie den viel zu Vielen mit dem Salze ihrer Intelligenz den ekelllaften
1056 1871 2540 1939 Brei, der ihnen mundet, nicht versalzen können, so dürften sie
1062 1954 2190 2014 sich doch nicht zu ihren Mitschuldigen machen.
1174 2019 2514 2082 Aber auch im Theaterwesen geht die wirtschaftliche Ent¬
1076 2082 2526 2138 wicklung vom Kleinmeisterthum zu den grosscapitalistischen
1075 2121 2519 2202 Trusts unaufhaltsam vor sich und bedroht es mit der Vernichtung.
1070 2193 2529 2250 Schon beginnen die englisch-amerikanischen Melodramen mit
1058 2255 2530 2313 protzig-kostbarer Ausstattung auch in Deutschland sich einzu¬
1061 2305 2519 2370 bürgern, und es wird gar nicht lange dauern, bis diese geschicht¬
1061 2366 2537 2436 lichen und religiösen Prunkbilder mit ihren Folterscenen,
1074 2410 2530 2491 Kreuzigungen, Festzügen, lebenden Bildern, echten Wettrennen
1066 2483 2537 2548 sich die Bühne völlig erobert haben werden. Den Anfang hat
1078 2533 2538 2595 Wien gemacht, wo ein englisches Sensationsspiel, „lm Zeichen
1073 2604 2534 2664 des Kreuzese, literarisch auf der Stufe der schlechtesten Dienst¬
1061 2667 2541 2725 botenromane stehend, der grösste Erfolg der Saison war, und
1077 2737 2535 2782 schon hört man, dass eine englische Actiengesellschaft, deren
1070 2767 2533 2832 einziger Geschäftszweck die Ausbeutung des biblischen Dramas
1071 2828 2544 2910 „Ben Hure ist, in Deutschland eine Anzahl- von Bühnen
1065 2892 2543 2976 pachten und dort ihr Spiel gegen die Kunst beginnen will. Und
1075 2970 2545 3016 wenn vielleicht auch heute noch nicht, in wenigen Jahren ist
1074 3015 2541 3078 Deutschland bereits genug amerikanisiert, um die Actiengesell¬
1075 3072 2542 3123 schaft -Ben Hur eine reiche Dividende verdienen zu lassen.
1076 3140 2548 3193 Dann hat der capitalistische Frostschauer alle literarischen Keime
1072 3202 2537 3258 zerstört, und der Geschmack des Goethe-Landes ist dahin aus¬
1075 3257 2539 3321 gereift, den Clown als Komik und nervenerregende Sensationen
1074 3303 1936 3372 des Circus als Tragik zu empfinden.
1199 3359 2531 3430 Dem Theater ist die Literatur nicht nur in der Rubrik der
1078 3414 2543 3497 Zeitungen verschwistert, sondern auch in ihrer Entartung. Die
1088 3481 2547 3567 Vielschreiberei allein könnte man nicht als kennzeichnendes
1735 3591 1893 3659 — 351 —
