3436 4448
1600 150 1867 197 siusgasse 8-
699 152 1570 196 dem Schaffen des Wiener Dichters und dem
1593 184 1878 262 I., Wippling
701 193 1579 250 seiner literarischen Nachfahren aus Prag und
1599 231 1868 287 laden der „S
690 256 1568 299 dem Reich unwahrscheinlich. Von den Jungen,
1595 273 1879 330 züglich abe
694 288 1576 338 die sich Befruchtung ihrer Phantasie bei der
1606 316 1869 371 einzusenden.
696 333 1571 393 psychologischen Theorie holten und auf kaltem
1633 356 1879 422 Die Nane
691 382 1568 451 Wege in dramatische Kunst zu verwandeln
1599 392 1862 456 sungen von
698 442 1566 488 suchten, was ihnen die Psychoanalyse an Pro¬
1596 435 1877 502 zur Verlosur
689 480 1579 528 blematik fertig ins Haus lieferte, trennt
691 535 1582 592 Schnitzler somit außer der Ursprünglichkeit
696 581 1565 642 der künstlerischen wohl auch die der stoff¬
1658 537 1889 671 Siu
694 622 1577 682 lichen Inspiration. Wunderbar genug, diese
686 675 1571 738 Frühzeitigkeit des Wissens um ein später von
693 720 1566 784 Dichtung und Wissenschaft gleich heiß um¬
684 767 1573 832 worbenes Mysterium, noch wunderbarer die
1590 790 1892 868 Der Betri
683 814 1565 877 hellseherische Erkenntnis der Zugehörigkeit
690 869 1567 915 von allerlei Unscheinbarem zu dessen Kern¬
1596 852 1893 929 nationale.
691 911 1567 973 komplex, am wunderbarsten die Kunst, womit
686 961 1573 1022 gerade dieses Unscheinbare zu den bewegenden
1620 957 1882 1049 In der Nai
684 1002 1569 1071 Kräften damatischen Gescehens gemacht
1589 1032 1887 1089 ercigneten si
679 1058 861 1120 wurde.
1594 1074 1880 1141 spital, wo je
723 1082 1562 1163 Schnitzlers Beatrice ist das später so
1586 1112 1887 1175 rates Dr. M:
681 1139 1567 1211 berühmt gewordene „Kindweib“ dessen
1590 1160 1861 1219 ist, häßliche
677 1203 1561 1264 spielerischer Unersättlichkeit alles zum Opfer
1594 1207 1881 1269 Mitternacht #
677 1248 1562 1318 fallen muß, was sich ihm mit dem Anspruch
1626 1255 1892 1323 die im Par
672 1288 1574 1352 auf Alleingeltung naht. Es kann nur, allen
1625 1308 1889 1364 venkranken
671 1351 1573 1399 gehören, nicht einem; da es seine Liebes¬
1638 1349 1896 1408 Geschrei, d.
677 1397 1563 1449 fähigkeit auf alle verteilt, bleibt für den ein¬
1638 1396 1893 1452 und Getra
1636 1436 1894 1492 und endet
684 1432 1565 1508 zelnen zu wenig. An dieser Unfähigkeit,
1635 1481 1892 1543 Mitternacht
674 1482 1563 1549 Liebesglück zu spenden, geht das Kindweib
1628 1525 1898 1588 Liedes „L
681 1533 1563 1601 selbst, gehen die Männer, die es lieben, zu¬
677 1590 1557 1648 grunde. Beatrice träumt, den einen liebend,
1578 1607 1893 1679 Die Patienten
681 1630 1561 1679 vom andern; in ahnungsloser Einfalt erzählt
1583 1664 1894 1721 kranke, geri
671 1676 1565 1742 sie ihren Traum dem Geliebten. Dieser, ein
1586 1703 1890 1771 kamen Tobsu
683 1728 1557 1788 Dichter und somit Psychoanalytiker von
1586 1751 1878 1805 Gebrüll von
677 1773 1557 1838 Beruf, stößt sie mit den Worten: „Träume
1585 1787 1901 1853 irritierten Kra
678 1813 1561 1874 sind Begierden ohne Mut, sind freche
1582 1837 1887 1892 Das Personal
682 1876 1549 1938 Wünsche, die das Licht des Tages scheuen“
1583 1878 1905 1939 Angstvorstellu
683 1929 1561 1979 von sich. Beatrice flüchtet zu einem zweiten,
1580 1926 1905 1983 kranken zu 1
1581 1970 1884 2028 der Lärm gus
673 1967 1561 2013 von diesem zu einem dritten, der zufällig
1573 2007 1897 2079 auf. Intervent.
667 2015 1561 2079 Herzog von Bologna und als Feind Cesare
1582 2056 1876 2111 ersten Stock
667 2076 1564 2129 Borgias ohnehin dem sicheren Untergang
667 2116 1561 2180 geweiht ist. Der Herzog erhebt Beatrice am
1584 2132 1895 2229 Der ern
682 2166 1549 2228 Vorabend der todbringenden Entscheidungs¬
682 2203 1554 2264 schlacht zu seiner Gemahlin, sie aber, obwohl am
678 2267 1551 2321 Ziel ihrer Träume, läuft im Brautschleier zu dem
667 2307 1563 2356 Dichter zurück. In der richtigen Erkenntais,
680 2355 1568 2413 daß er Beatrice nie ganz besitzen wird, tôtet
679 2395 1557 2460 sich der Dichter; Beatrice flüchtet ins Leben
669 2448 1561 2521 und zum Herzog zurück. Den Brautschleier
677 2512 1546 2565 aber — o verräterische Symptomhandlung! —
677 2552 1548 2596 läßt sie im Gemach des toten Geliebten zu¬
670 2603 1557 2656 rück. (Siehe Freud: „Psychopathologie des All¬
677 2626 1558 2709 tagslebens“, Kapitel: Vom Vergessen und
679 2691 1566 2758 Verlegen.) Der Herzog, den Verlust des
674 2731 1553 2793 Schleiers entdeckend und den richtigen Zu¬
671 2789 1560 2848 sammenhang ahnend, befiehlt seiner Gattin,
660 2837 1556 2906 ihn dorthin zu führen, wo der Schleier ge¬
667 2879 1556 2947 blieben ist: dort, fühlt er, wird er auch den
674 2941 1563 2994 Schlüssel zu Beatricens Wesen finden. Er
670 2984 1553 3042 findet beides, erkennt an der Leiche des toten
671 3040 1546 3094 Freundes die Hoffnungslosigkeit seines Wer¬
670 3078 1558 3149 bens um die Seele des Kindweibes Beatrice.
665 3117 1548 3180 Ihr aber, die schaudernd ihrer Verderblichkeit
673 3176 1551 3242 inne wird und um Tod fieht, gewährt
672 3227 1550 3294 der eigene Bruder den erlösenden Dolchstich.
689 3273 1543 3338 Solche Modernität des dramatischen Vor¬
671 3332 1557 3387 wurfs vermag natürlich weder der archaisie¬
659 3365 1557 3434 rende Rhytmus der prachtvollen Jamben,
655 3412 1556 3468 noch die Verlegung des Geschehens in die
656 3452 1559 3532 Renaissance zu verdecken:: begreiflich, daß
671 3509 1551 3560 sich das alte Burgtheater von dem „Schleier
1676 3487 1942 3583 N
665 3559 1557 3613 der Beatrice“ befremdet abwandte, weniger
1792 3600 1944 3662 Led
660 3605 1553 3666 begreiflich, daß das neue so lange zögerte und
665 3651 1561 3730 dem repräsentativen Werk Schnitzlers eine
657 3699 1556 3750 so schwache Aufführung bereitete. Das hie¬
662 3747 1560 3817 für erforderliche Maß in Haltung und Sprache
668 3808 1547 3872 hatte allein Herr Aslan, dem für seine Auf¬
1579 3818 1925 3907 der bekannten Ma
670 3845 1545 3908 gabe, als Herzog die anderen zu überragen,
664 3902 1549 3954 mehrere Haupteslängen zur Verfügung
657 3924 1944 4013 standen. Fräulein Hilde Wagener, lieb- Wien, L. Schauff
