3248 4256
1960 187 2394 290 box 20/1
305 182 1817 272 14. Der Schleiender Beatrice
1377 804 2386 863 so bedeutende Hofbühne ist unter ihm und unter
1367 858 2385 935 Mitwirkung seiner jüdischen Freunde zu einem rech
1373 905 2221 964 mittelmäß#en Theater heruntergesunken.
1445 954 2394 1018 Nun zur Sache: Director Schlenther hat alst
1363 1009 2380 1059 nach reiflicher Ueberlegung den „Schleir der
1371 1055 2379 1125 Beatrire“ dem Juden Schnitzler zurückgegeben und
1374 1107 2374 1159 man kann sich nun denken, was für in elende
1372 1153 2385 1206 Schund diese Dichtung (?) sein muss, wenn selbs
1380 1201 2388 1267 Schlenther sich nicht getraute, dieses Machwerk fü
1373 1249 2001 1313 das Burgtheater zu erwerben.
1444 1271 2385 1368 Nun haben sich sechs Journalisten und Juden¬
1365 1341 2387 1412 blatt=Kritiker zusammengefunden und gegen Herrn
1377 1405 2392 1455 Schleuther eine geharnischte Erklärung losgelassen
1380 1450 2388 1509 und ihm den Krieg bis aufs Messer erklärt, das
1377 1507 2384 1568 heißt nach jüdischer Kritikerart, den Burgtheater¬
1381 1541 2391 1633 Director bei jeder Gelegenheit zu beschimpfen und
1368 1597 1648 1667 zu besudeln.
1452 1615 2386 1717 Eine Frechheit sondergleichen ist die Handlungs¬
1369 1700 2382 1767 weise dieser aus dem literarischen Sumpfe hervor¬
1364 1742 2381 1813 gegangenen Tintenbauditen. Die Juden
1371 1803 2386 1856 Julius Bauer, J. J. David, Dr. Robert Hirsch
1373 1856 2394 1914 feld, Felix Salten und die zufälligen Christer
1376 1899 2383 1954 Speidel und Hermann Bahr haben da ganz un
1377 1940 2373 2010 verhohlen gezeigt, dass diese jüdische Kritiker
1380 2005 2365 2061 elique es einfach nicht duldet, dass ein oder da
1376 2042 2382 2112 andere ihrer Schunderzeugnisse von einem Theater
1379 2088 1982 2163 Director zurückgewiesen wird.
1450 2119 2381 2217 Hoffentlich wird Herr Schlenther und auch di
1375 2189 2388 2247 anderen Theater=Directoren aus der Frechheit diese
1374 2243 2378 2327 sechs Judenseriebler ersehen haben, dass es un
1375 2289 2377 2346 eines gibt, um die deutsche Bühne vor Zerfall un
1370 2332 2374 2393 totaler Versumpfung zu retten, und das ist
1368 2384 2358 2457 Hinaus mit dem Juden aus dem Theater, seie
1371 2432 2179 2522 nun Dichter, Schauspieler oder Kritiker.
1416 2587 2377 2676 Wieder ein ehrenfester Commilitone
1383 2643 2363 2720 Der schönerianische Schriftsteller Eduard Reiche
1381 2704 2375 2752 im vielversprechenden Alter von 21 Jahren, wurd.
1389 2748 2381 2806 im Orte seiner ersprießlichen Thätigkeit, Innsbruck
1374 2792 2391 2875 dabei verhaftet, als er am Geburtsfeste unseres
1376 2840 2373 2916 Kaisers Schmähschriften und Flugzetteln des ge¬
1382 2901 2378 2948 meinsten Inhaltes, unter die Leute vertheilte
1374 2943 2385 3012 Dieser, noch hinter den Ohren nasse Bube, wurde
1374 2995 2400 3061 hom Geschworenengerichte wegen Majenätsbe¬
1379 3046 2399 3117 leidigung zu einem Jahre schweren Kerkers ver¬
1375 3094 2399 3168 urtheilt. Hoffentlich wird der Vater dieses Jungen,
1376 3138 2389 3203 wenn derselbe nach verbüßter Strafe ins Eltern¬
1381 3193 2400 3253 haus zurückkehrt, nicht ermangeln, diesem hoffnungs¬
1378 3255 2404 3322 vollen Jüngling noch obendrein mit einem ordent¬
1379 3285 2068 3349 lichen Stecken bekannt zu machen.
1453 3345 2395 3411 Ein liberaler Kaufmann. Aus St.
1385 3388 2402 3470 Pölten wird uus mitgetheilt, dass der dortige
1382 3443 2404 3534 Kaufmann und Hausbesitzer, Herr Pichler, als
