3436 4352
718 202 1536 263 Gestehen wir nur: es ist auch sein letzter
603 246 813 325 gewesen!
844 363 1314 463 Neue Dramen.
611 454 1540 512 Fulda, Halbe, Hirschfeld, Langmann,
618 499 1544 552 Möller, v. Osterloh, Schamann, Schnitzler.
693 553 1457 613 „Warum nur hat man das Alles erdacht,
692 599 1466 659 „Wenn's nie sich auf Erden begab ...?“
666 629 1542 703 In einem vor Jahren viel gelesenen Gedicht läßt
606 696 1544 749 Eckstein ein altes Mütterlein seinem Enkelkind „das
612 736 1546 796 Märchen vom Glück“ erzählen. Die Alte berichtet
612 797 1544 851 vom verwunschenen Königssohn und der boshaften
610 845 1537 889 Fee und von der lieblichen Fischermaid, die ihn er¬
614 891 1543 948 rettet, und die er zu seiner Königin macht. Und als
611 935 1546 997 dann das Kind mit tiefem Seufzer fragt, warum die
615 981 1538 1045 Menschen so wunderbare Dinge erdenken, die sich
612 1031 1547 1084 doch niemals zugetragen haben, erhält sie die
613 1082 827 1141 Antwort:
745 1105 1417 1181 „Sei stark, Du zitterndes Kinderberz
737 1180 1363 1235 „Und dränge die Thränen zurück!
736 1227 1225 1287 „Uns alle hat es belogen,
741 1279 1253 1335 „Uns alle hat es betrogen,
743 1316 1415 1384 „Das sonnige Märchen vom Glück.“
687 1362 1535 1436 Dieselbe resiguirte Lebensanschauung tritt uns —
610 1411 1553 1473 in heitere Harmonie ausklingend — in einer liebens¬
614 1455 1544 1516 würdigen Arbeit der Dresdner Schriftstellerin Adele
614 1509 1548 1569 Osterloh entgegen. Ihrem Versstück „Das
620 1556 1542 1616 Märchen vom Glück“*) liegt der Gedanke zu
624 1606 1551 1663 Grunde, daß den Menschen der Vollbesitz des Glückes
621 1655 1550 1715 nicht erreichbar ist, daß sie sich vielmehr mit einem
623 1715 1539 1762 bloßen Scheine des Glückes, mit seinem Abglanz be¬
627 1762 1545 1807 scheiden müssen. In recht finniger Weise wird das
619 1796 1555 1854 Motiv an einem Zauberspiegel symbolisirt, in dessen
624 1854 1547 1904 stets wechselnden Bildern die Armen und Beladenen
623 1892 1555 1955 die Gewißheit einer herrlichen Zukunft finden. Durch
623 1946 1555 1996 einen Zufall wird der Spiegel zerbrochen und tausend
619 1991 1548 2050 Hände bemächtigen sich der Sptitter, um sie, Trost
614 2050 1552 2104 und Schönheit spendeno, durch die weiten Lande zu
611 2094 773 2169 tragen.
701 2134 1547 2190 Hat die Verfasserin des hübschen Märchens einen
608 2199 1555 2245 dieser Zaubersplitter gefunden, der uns die schaffende
619 2246 1560 2289 Phantasie des Dichters versinnlicht, so scheint Arthur
623 2283 1558 2339 Schnitzler auf geheimnißvolle Weise in den Besitz
620 2329 1548 2397 eines unversehrten neuen Spiegels gekommen zu sein.
622 2379 1553 2433 Denn was wir in dem Stücke der Dresdner Dichterin
610 2433 1547 2486 vermissen: die blühende Pracht des Verses, den Reich¬
611 2477 1547 2540 tbum der Auschauung, sowie die in nere Glaub¬
628 2527 1552 2579 würdigkeit des Märchens — das alles finden wir
617 2563 1555 2648 in reichem Maße in Schnitzlers neuestem Drama
628 2619 1561 2675 wieder. „Der Schleier der Beatrice"*)
633 2670 1559 2728 zeigt uns den Verfasser der „Liebelei“ wieder, und
620 2714 1557 2773 nicht nur als vortrefflichen Dramatiker, sondern zu¬
622 2763 1561 2823 gleich auch als originell und kraftvoll gestaltenden
630 2809 1563 2876 Poeten und zwar als einen glänzenden Vertreter der
634 2871 1566 2916 neuromantischen Richtung. Schnitzler hat seine
629 2907 1556 2960 Dichtung ein „Schauspiel“ genannt, doch dürfte sie
628 2953 1570 3006 prägnanter als historisches Märchen zu bezeichnen
627 3003 1565 3060 sein. Das Stück spielt in Bologna zu Beginn des
636 3056 1570 3108 16. Jahrhunderts, in jener Zeit also, in der helle
640 3095 1568 3149 Schönbeitsfreude und blutige Greuelthaten, be¬
629 3144 1570 3204 geisterungsfrober Kunstfinn und lasterhafte Uppigkeit
637 3193 1566 3251 gemeinsam herrschten. Aus diesem, vom Dichter mit
641 3244 1565 3299 intuitiver Phantasie festgebaltenen, schwülen Milieu
641 3296 1561 3347 wächst die Handlung wunderlich und wundersam zu¬
634 3340 1561 3402 gleich bervor, gleich einem Grüßen aus entschwundener
633 3391 1561 3445 Welt. Sie erzählt uns von Beatrice Nardi, die,
639 3442 1564 3494 halb ein Kind noch, von einem großen Dichter ge¬
632 3483 1571 3526 liebt wird, die auf dem Wege zur Trauung mit einem
645 3533 1565 3595 wackeren Burschen den Herzog bezaubert, der sie noch
634 3592 1563 3638 in derselben Stunde zum Weibe nimmt. Die junge
630 3628 1565 3687 Herzogin aber eilt vom Hochzeitsmahle weg zu ihrem
646 3679 1571 3732 Dichter, um nach genossener Seligkeit vereint mit
637 3731 1564 3781 ihm zu sterben. Im letzten Augenblicke aber flieht
634 3784 1577 3823 sie ins lachende Leben zurück, wabrend jener dem
641 3828 1576 3881 Gift erliegt. Der zurückgelassene Schleier wird zum
648 3876 1566 3923 Verrätber an ihr, und ihr Bruder, ein Verwandter
649 3911 1570 3963 Valentins, stößt ihr den Dolch ins heiße Herz. Den
642 3961 1585 4004 toten Dichter läßt der Herzog fürstlich begraben, dann
631 4003 1581 4073 zieht er hinaus in den Kampf wider den anrückenden
776 4078 1590 4146 Dresden und Leipzig. E. Pierson's Verlag.
715 4100 1285 4199 **) Berlin, S. Fischer, Verlag.
1552 203 2489 249 feinen Motivirung, die Schnitzler für seine Personen
1549 237 2493 300 gefunden hat, sowie insbesondere in der farbensprühen¬
1554 284 2502 339 Widergabe des localen und zeitlichen Hintergrundes.
1554 330 2510 396 Die Schilderung der mänadenhaft entfesselten Lust
1553 376 2508 437 der Menge in der Hochzeitsnacht des Herzogs gehört
1553 429 2505 491 sicherlich mit zu dem künstlerisch stärksten und kühnsten,
1553 476 2508 536 was seit der berühmten analogen Episode in Hamer¬
1559 526 2432 590 lings „Abasver in Rom“ geschrieben worden ist.
1625 575 2495 636 In das Italien des sechzehnten Jarhunderts
1569 619 2507 673 führt uns auch Ludwig Fuldas anmuthiges Lust¬
1560 668 2513 723 spiel „Die Zwillingsschwester".') Fulda hat
1569 714 2511 768 sich an die sonnige Seite der großen Epoche gehalten
1556 771 2504 826 und die entschwundene Zeit wohl überhaupt nur aus
1557 807 2510 868 dem Grunde gewählt, um für seinen Märchenschwank
1562 857 2515 910 ein dankbares künstlerisches Colorit zu gewinnen. In
1571 906 2506 965 feingeschliffenen, gefällig pointirten Versen bewegt
1565 955 2514 1013 sich das graziöse Spiel von der geistvollen Frau, die
1559 1008 2506 1062 den nach Abwechslung verlangenden Gatten in der
1570 1049 2518 1114 Maske der Zwillingsschwester aufs neue in ihren be¬
1563 1108 2520 1161 strickenden Bann zwingt. Der harmlose, an sich ja
1561 1149 2513 1200 ganz unmögliche Scherz gehört, ähnlich wie Calderon¬
1573 1194 2515 1261 Adlers kecke Verwechslungskomödie „Zwei Eisen im
1570 1242 2518 1304 Freuer“, zu den dankbaren Bühnenstoffen, die durch
1567 1289 2526 1359 die vornehme Versform aus den Niederungen der
1567 1334 2508 1420 Posse in die vornehmere Region des freien Lustspiel¬
1571 1391 2025 1452 humors gehoben werden.
1639 1419 2519 1499 In eine Welt voll starker Leidenschaften treten
1565 1495 2519 1546 wir mit Alfred Möllers Drama „Die Tragödic
1565 1534 2520 1581 der Liebe"*) Es ist die Zeit am Vorabend der
1571 1578 2521 1642 Reformation, da die Flagellanten umherzogen, auf
1580 1636 2519 1691 ihre fanatische Weise dem Herrn dieneud durch ge¬
1576 1677 2521 1724 waltsame Abtödtung aller Sinnenlust. Das wahn¬
1572 1722 2521 1785 witzige Treiben der wüsten Gesellen wird in einer
1570 1767 2522 1842 dramatisch bewegten Scene auf die Bühne gebracht,
1578 1821 2521 1880 und es gäbe sicherlich einen kräftigen Hintergrund
1576 1865 2525 1935 für die eigentliche Handlung, wenn es mit ihr in
1581 1916 2518 1975 einen inneren Zusammenhang gebracht worden wäre.
1582 1975 2524 2024 Als lose eingefügte Episode aber nimmt es einen zu
1571 2023 2530 2082 breiten Raum ein. Die mangelnde Vertraulichkeit
1577 2056 2532 2110 mit der Theaterpraxis zeigt sich ferner darin, daß die
1578 2092 2541 2170 gut angelegte Figur eines deutschen Don Juan, dessen
1571 2145 2526 2210 brutales Glück bei den Frauen den Fond des Stückes
1581 2196 2525 2260 bildet, sich nicht plastisch auslebt, sondern etwas
1586 2243 2538 2308 schemenbaft bleibt. Uibel angebracht und zeltwidrig
1577 2286 2525 2347 ist ferner die umständliche Art, mit der sich der
1581 2349 2530 2404 Mönch, eine infernalische Incarnation des bösen
1579 2388 2531 2452 Princips, dem Publicum als ein aufgeklärter Teufel
1587 2437 2521 2496 mit durchaus modernen Alluren zu erklären beliebt.
1575 2483 2525 2542 Diesen Mängeln stehen der Vorzug einer buntbeweg¬
1579 2532 2526 2606 ten Handlung und eine sichere Empfindung für
1588 2597 2522 2640 typische Tragik gegenüber. Ein ehrbares Weib ver¬
1577 2633 2529 2699 läßt um eines rohen Frauenjägers willen Mann und
1581 2682 2532 2739 Kind. Nach kurzem Rausch sieht sie sich beiseite ge¬
1576 2738 2536 2790 schoben und törtet den Verführer. Jabrelang zieht
1578 2768 2531 2841 sie ruhelos umher, eine Beute ihrer unersättlichen
1587 2821 2534 2879 Lüste und Qualen, bis die Nachricht von dem Tode
1580 2865 2542 2935 ihres Kindes das müde gebetzte Weib zu der Schwelle
1582 2912 2539 2983 des Gatten treibt, in dessen Armen die Reuige stirbt.
1642 2975 2542 3037 Noch ein anderes, in der letzten Zeit entstandenes
1587 3015 2538 3088 Drama trägt das kleine Wörtlein an der Stirn, das
1595 3057 2542 3137 mit dem Hunger zusammen die Welt regiert. Nur
1595 3106 2537 3175 spielt es in einer ganz anderen Welt. „Liebe“,
1583 3159 2539 3233 Volksstück von Franz Schamann,"") ist vor allem
1587 3201 2541 3267 ein durchaus reatistisches, ein Wirklichkeitsstück, das
1585 3247 2527 3319 seine nahe Verwandtschaft mit Dörmanns Sitten¬
1581 3317 2533 3377 komödie „Ledige Leut=“ nicht verleugnen kann, ohne
1584 3354 2541 3413 daruia die eigene Pbysiognomie preiszugeben. In
1587 3406 2541 3459 beiden, aus der Hefe des Volkes herausgeholten
1588 3442 2541 3501 Stücken treffen wir eine von Gemeinheit triefende
1588 3489 2532 3562 Alte, die sich von der Schande ihrer Kinder mästet,
1587 3538 2542 3606 dort wie hier geräth ein unerfahrener Junge in die
1587 3598 2537 3655 Schlingen der gemeinen Sippschaft, aus der er seine
1588 3635 2532 3705 vermeintlich von dem Schlamme unbeschmuti ge¬
1597 3682 2547 3746 gebliebene Blume für sich retten will. Die Blume
1588 3730 2541 3787 entpuppt sich in beiden Stücken als eine Giftpflanze
1637 3795 2543 3847 bei Dörmann blos moralisch verkommen, bei
1599 3832 2536 3890 Schamann überdies auch körperlich verwüstet — und
1592 3870 2538 3935 der gutberzige, ganz unglaublich vertrauensselige
1602 3920 2555 3988 Junge kommt mit einem blauen Auge davon. Milien,
1706 3995 2538 4088 Stuttgart, I. G. Cotta'sche Buchhandlung
1600 4057 1812 4116 Nachfolger.
1723 4078 2509 4138 Dresden und Leipzig, E. Piersons Verlag.
1671 4126 1727 4164 „
1710 4125 2538 4193 *) Wiener Verlag (Buchhandlung L. Rosner).
