3436 4352
1921 221 2357 320 box 20/3
267 243 1786 340 14. Der schleier der Beatrige
1151 1399 1342 1487 Cn
1831 1405 2244 1507 Menechsuchung Ir
2536 1445 2816 1538 Muhuig
565 1450 1866 1544 richt betrifft, so treffen wir eine Reihe grund= werden dürfe.
1617 1496 2717 1565 Um die Zahl der gerichtlichen Beurteilungen beharrt.
562 1514 1550 1579 sätzlicher und einschneidender Aenderungen. Vor
2596 1539 3348 1634 Schließlich ist auch das Begnadig
559 1566 1545 1634 allem wird dem Richter die Möglichkeit gegeben,
1547 1575 2523 1625 von Polizeibußen zu vermindern, wird
1554 1608 3269 1667 die Vorschrift vorgeschlagen, daß im Falle, da recht zweckmäßig revidiert worden.
568 1614 1542 1671 auf eine ihm unrichtig scheinende Anklage nicht
2526 1706 3353 1775 1 Ihre Erwartungen so täuschen! So unvermut#
1544 1710 2527 1784 höchster Instanz bestätigen. Aber weder das eine geschah
2531 1754 3358 1812 völlig neues Kleid schlüpfen! ... Aber vielle
1559 1769 2531 1816 noch das andere. Im Gegenteil. Ganz mäuschenstill
868 1743 1269 1844 Feuilleton.
2537 1804 3346 1860 ich ihnen unrecht. Vielleicht spielt hier ein and
1556 1809 2526 1867 verhalten sie sich. Es ist, als wenn ihren geschickten
2533 1845 3352 1896 stand mit. „Der Schleier der Beatrice“ war
1569 1852 2530 1903 Fingern die Feder plötzlich entfallen wäre ... Wie
752 1837 1361 1918 Der Schleier der Veatrice.
2535 1890 3358 1960 eine Ueberraschung, eine rechte Ueberraschun
1559 1893 2533 1960 kommt das? — fragt man sich unwillkürlich. Schnitzler
615 1893 1548 1964 Es ist gerade ein Jahr her, da ging durch die
2531 1930 3330 1985 derartiges Stück hatte man von Schnitzler
1551 1941 2525 1989 gehört ja nicht zu jenen zahllosen Dichtern, deren
563 1952 1552 2000 Blätter die Kunde von einem Konflikt zwischen Arthur
2525 1976 3359 2029 wartet und nun wissen die Herren nicht, was
1557 1985 2527 2033 Stimme man im Gewirr des Tages überhören kann.
567 1996 1546 2047 Schnitzler und der Direktion des Wiener Burgtheaters.
2526 2023 3353 2093 dieser merkwürdigen Dichtung, die von den bi
1568 2032 2522 2080 Die Leute, die in litterarischen Dingen mitreden,
570 2041 1544 2098 Der k. k. Direktor der Hofbühne, der bekanntlich
2546 2063 3322 2110 Schöpfungen Schnitzlers so seltsam absticht,
1565 2075 2539 2131 horchen auf ihn. Wie kommt es also, daß sie jetzt
575 2085 1545 2144 seine Carriere damit begann, daß er Revolution machte,
2578 2108 3354 2167 mit welchem kritischen Maßstab sie an
1567 2123 2505 2174 seine neueste Dichtung so ganz und gar totschweigen?
569 2126 1546 2182 um schließlich im Hafen einer allerunterthänigsten
2528 2136 3353 2214 herantreten sollen. Und da Schweigen Gold
1614 2160 2105 2224 Nun, ich will es erklären.
579 2175 1549 2228 Reaktion einzulaufen, hatte ein neues Drama des
2531 2202 3338 2266 schweigen sie denn lieber und warten mit
1611 2189 2525 2265 Man ist heute daran gewöhnt, daß ein Dichter,
578 2227 1550 2278 Dichters angenommen, sich sogar das Recht der Eist¬
2536 2243 3366 2303 urteilung ab, bis etwa eine günstigere Kon
1559 2235 2533 2294 der mit einem Drama durchschlägt, etwa den neuen
581 2261 1553 2311 aufführung ausbedungen, aber nach einigen Mongten
2540 2282 3358 2344 diesem wunderlichen Wechselbalg leuchtet. Das
1561 2293 2535 2352 Stoff oder das originelle Motiv, dem er seinen Erfolg
570 2309 1549 2364 das Stück unter nichtssagenden Vorwänden dem Ver¬
2542 2315 3367 2386 allerdings höchst lobenswert, wenn es nur nich
1550 2331 2535 2404 verdankt, fortan monopolisiert. Er läßt sein Erzeugnis
580 2351 1543 2409 fasser wieder zurückgestellt. Eine Reihe Wiener Schrift¬
2539 2376 3366 2427 unwahrscheinlich klänge ... Man muß in¬ #
1553 2389 2536 2442 gleichsam schweigend bei der Kritik patentieren, die ihn
573 2390 1547 2444 steller mit Ludwig Speidel und Hermann Bahr an der
2537 2426 3362 2472 die Entwicklung Schnitzlers von seinen feine
1559 2436 2522 2483 nun mit der neuen Marke in ihr Register einträgt.
576 2448 1559 2497 Spitze erließ darauf einen geharnischten Protest, worin
2534 2469 3361 2518 echt französischer Grazie duftenden Anatol=Sce
1566 2471 2525 2528 Und nun weiß man, was man von ihm zu halten
577 2481 1551 2536 Verwahrung eingelegt wurde gegen das ungerechte,
2543 2511 3350 2563 zu seinem grotesk=schönen, in der Art Tiecks
1558 2517 2526 2572 habe. Man braucht nur in jenes ordnungsmäßig
579 2528 1549 2585 willkürliche, durch nichts zu entschuldigende Vorgehen
2542 2553 3371 2621 Spiel und Wirklichkeit geradezu verwirrend schn
1568 2561 2531 2612 rubricierte Register einen Einblick zu thun, — und
581 2572 1557 2625 des Potentaten am Franzensring. Klar konnte man
2543 2596 3372 2663 „Grünen Kakadu“ genau verfolgt und die
2234 2595 2529 2659 Fabrikarbeiter,
1552 2600 2171 2653 erfährt es: A — Berlin W., I
583 2617 1550 2663 indes aus diesen einander gegenüberstehenden Behaup¬
2545 2647 3357 2711 spezifisch romantischen Elemente, die seinen
1562 2656 2534 2700 C Litteratur=Café, Arthur Schnitzler — „süßes Mädel“.
578 2658 1553 2720 tungen und Entgegnungen nicht werden, denn das
2548 2692 3337 2738 Stücken einen eigenartigen Reiz verleihen,
1559 2691 2535 2745 Und so oft der auf solche Weise glücklich Eingeschachtelte
582 2701 1561 2759 eigentliche Streitobjekt, das abgelehnte Stück, war ja
2543 2726 3361 2780 haben, um seine letzte Dichtung als ein Resulte
1569 2735 2528 2794 genamit wird, erscheint er fortan immer mit einer
579 2747 1551 2795 noch unbekannt. Nun liegt aber seit einiger Zeit „Der
2548 2773 3359 2837 Entwicklung begreifen zu können. Sonst kann
1570 2778 2531 2837 Etikette. So glaubt man sich vor jeder Ueberraschung
584 2790 1561 2848 Schleier der Beatrice“ in Buchform*) vor — und
2549 2817 3371 2872 sich nicht erklären, wie einer, der bisher aussch
1564 2822 2528 2874 gesichert. Man setzt nämlich voraus, der erfolgreiche
579 2834 1560 2885 seltsam! Man sollte meinen, jetzt werden die Herren
2533 2862 3362 2910 in der Sphäre modernen Lebens sich bewegte
1566 2868 2527 2917 Dichter werde doch aus seinem einmal erworbenen
578 2879 1552 2934 draußen in den Litteraturcentren, die die Diplome der
2535 2904 3369 2963 manchmal sogar hart an die mit sozialen D#
1570 2906 2538 2962 Patent recht ausgiebigen Nutzen zu ziehen wissen und
583 2925 1543 2977 Unsterblichkeit verteilen und über das Schicksal eines
2541 2942 3373 2996 spielenden Motive streifte, mit einem Mal eine#
1570 2952 2531 3008 der Kritik keine unangenehme Verlegenheit bereiten
583 2969 1557 3033 Werkes das entscheidende Wort sprechen, der deutschen
2542 2994 3361 3053 schreiben konnte, die von all' dem nichts hat,
1567 2997 2543 3062 wollen. Nun hat aber Schnitzler in der letzten Zeit
584 3009 1560 3069 Litteraturwelt ihr Urteil verkünden und entweder das
2542 3036 3369 3096 all den Verhältnissen, in deren Bann er bisher
1560 3058 2543 3095 dieses große Verbrechen doch begangen. Er wurde
576 3061 1563 3120 Drama „retten“ oder das erste Verdammungsvotum in
2535 3079 3369 3142 himmelweit entfernt und die insbesondere von
1560 3090 2536 3139 seinen süßen Mädeln untreu. Er hat sie verlassen.
1567 3139 3348 3205 Das aber verzeihen ihm die Herren nie und nimmer, künstlerisch=sonveranen Hauch durchweht ist,
634 3125 1294 3215 *) Bei S. Fischer, Verlag, Berlin.
