3392 4320
260 145 2376 252 14. Der Schleier der Beatrice box 20/4
2786 961 2980 1066 Theater.
1240 1016 1549 1099 Kunstberichte.
685 1015 823 1103 260
2179 1065 3337 1157 sie ihm, während ihr Verlobter verzweifelt Hand an sich le
699 1118 2093 1193 feine geistige Organe verlangte. Die so gegebene Blöße unserer Zeitgenossen
2175 1128 3340 1197 Herzog, dieser Mächtige, „der an jedem Tag sein Leben trinkt
697 1177 2099 1245 soll uns indessen nicht hindern, diesen unbequemen Schleier aufmerksam zu
2179 1176 3329 1246 klaren Quellen“, ladet ganz Bolognas Adel zu diesem Fest,
689 1228 919 1299 betrachten.
2174 1242 3347 1302 für heut ist Schönheit Adel, nicht Geburt, Kommt alle, nu
795 1248 2103 1331 „Hat's nicht der Vater uns gar oft erzählt? Von einem, der den
2182 1282 3347 1342 Ihr seid willkommen!“ — Doch wie nun der lärmende Hochz
698 1314 2100 1384 Kopf ins Wasser tauchte, und träumte da von so viel Abenteuern, daß sie
2180 1327 3345 1393 hebt, ergreift Beatrice plötzlich eine zwingende Sehnsucht n
695 1367 2100 1435 im Wachen zwanzig Jahre währten, — Und taucht' empor, da war's ein
2184 1366 3349 1451 lassenen Geliebten, es treibt sie heimlich zu ihm, lieber mit der
693 1434 2100 1484 Augenblick.“ So spricht Beatrice, die Tochter des geistesgestörten Wappen¬
2192 1439 3346 1496 sterben als mit einem anderen zu leben. Aber als Filippo!
698 1471 2092 1539 schneiders zu Bologna. And in diesem Märchen ist des Schauspiels Wesen
2178 1467 3348 1543 fährt ihr die Todesangst in die kindlichen Glieder, die Leben
694 1530 2101 1583 selber erzählt, es scheint, als sei der Dichter jener „Eine“, der in einem
2187 1523 3344 1588 wieder auf — zitternd flieht sie zurück, während Filippo, an
698 1577 2092 1633 einzigen Traum, einem wildbunken Renaissancekraum eine Fülle der Ge¬
2188 1575 3346 1643 ihrer Furcht, in dem Gefühl grenzenloser Vereinsamung de
691 1619 2112 1690 sichte erlebt, „daß sie im Wachen zwanzig Jahre währten — und taucht
2191 1625 3328 1693 leert. Sie stürzt zurück zum Gewühl des Hochzeitsfestes.
701 1671 1349 1732 empor, da war's ein Augenblick.“
2185 1669 3351 1753 alles in größter Aufregung. Der Herzog hat ihre Flucht bem
793 1707 2096 1780 In Bologna, der Stadt und Stätte alter Kultur geht es wild und
2183 1727 3353 1790 auf sie fahnden. Plötzlich ist sie wieder da! Bleich tritt sich
695 1762 2103 1825 stürmisch her wie niemals noch. Vor den Toren steht Cesare Borgia, des
2200 1760 3352 1844 Säule hervor. Und ihr Schleier? Die kostbare Hochzeitsga
696 1829 2098 1887 furchtbaren Alexander fürchterlicher Sohn. Die stählernen Klammern seines
2198 1830 3350 1886 er? Die Ausflüchte der Erschrockenen werden bald durchsch
690 1866 2110 1929 Heeres schließen sich um der Etruskerstadt betagte Mauern, die morgen
2206 1869 3345 1943 Herzog zwingt sie, ihn dorthin zu führen, wo sie den Schleier
692 1911 2104 1979 schon, vielleicht im ersten Ansturm fallen werden. Das sind eilige, rasende
2202 1912 3346 1986 Schweigsam ist ihre nächtliche Wanderung durch die Straß
699 1969 2104 2030 Stunden —: Verzweifeln und Begehren, Todesbangen und aufbäumende
2196 1963 3351 2039 Hand treten sie in des Dichters Haus. Noch flackern die tiefher
698 2015 2101 2077 Lebenslust wechseln und folgen einander so jäh wie Blitz und Donner.
2201 2017 3356 2087 Kerzen im Gemach. Hinter den schweren Vorhängen stößt de
700 2062 2108 2112 Bürgersöhne und Edle, Männer und Knäben haben ihre Klingen geschliffen,
2201 2061 3356 2150 Filippos Leiche. Wunderliche Fügung! so trifft er ihn tots
698 2104 2103 2170 ihre Rüstungen gerüstet für den Kampf der Entscheidung. And gleich als
2195 2119 3347 2178 Leben immer ausgewichen war! Hatte er diesen Sänger, dess
688 2164 2114 2224 ginge morgen die Welt unter, tobt heute allerorten, in jeder Brust ein
2211 2170 3353 2239 ihm von jeher liebe Begleiter in Lust und Schlacht waren, i
693 2222 2106 2273 wahnsinniges Verlangen, die Neige der letzten Stunden in einem einzigen
2204 2208 3340 2286 letzte Nacht zu sich gebeten? um ihn endlich kennen zu ler
701 2266 2125 2325 berauschenden Zuge auszukosten, Anendlichkeit in die kurze Spanne bis zum
2204 2260 3343 2336 seineres geistigeres Fest mit ihm zu feiern als die sinnliche 2
709 2304 2114 2366 Morgenrot zu pressen. Wie ein Gluthauch wehl es durch die Stadt. Ein
2229 2323 2648 2402 letzten Nacht? Denn —
699 2346 2107 2426 einziger großer Brunstschrei hallt zu den ewigen Sternen hinauf. Wunder¬
2559 2366 3312 2458 Denn dieser war ein Bote, ausgesandt,
705 2395 2116 2463 voll ist diese trunkene Lust, die gleichsam schon dem Leben entrückt, über
2547 2408 3349 2503 Das Grüßen einer hingeschwundnen Welt
692 2449 2124 2514 ihm schwebt, vom Dichter gemalt. In den leuchtenden Farben der alten
2551 2490 3207 2556 Lebendig jeder neuen zu bestellen
694 2515 2096 2561 Meister ist hier die Renaissance geschildert, die wilde, lebenschlürfende, tod¬
2540 2548 3235 2626 Und hinzuwandeln über allen Tod.
697 2547 2058 2609 verachtende Zeit mit ihren stolzen Männern und wundersamen Frauen.
793 2579 2104 2668 Nur einer ahnt hinter den hohen Mauern seines Gartens und seiner Seelen¬
2295 2612 3285 2675 Nun stößt er auf ihn, zum erstenmal und ...
699 2640 2117 2713 einsamkeit nichts davon, daß die Welt rings in Flammen steht. Ein Doet
2202 2654 3352 2749 kalten Körper ... Neben ihm aber steht dies Frauenrätsel
705 2690 2118 2751 ist's, Filippo, der eingesponnen in seine Träume und in die Liebe zur sechzehn¬
2212 2713 3349 2793 seinen Schleie verlor .. Was ist die Wahrheit? Währen
704 2741 2107 2820 jährigen Beatrice, Zeit und Welt vergessen hat. ... Aber Zeit und Welt
2204 2764 3351 2848 noch dem Geheimnis nachsinnt, das über diesen Dingen webt,
705 2795 2110 2859 rächen sich, wenn wir sie vergessen, sie wissen auf geheimnisvolle Weise,
2210 2811 3341 2884 ein Blitz durch die Luft, Beatricens Bruder, ein zweiter 2
708 2829 2113 2916 auf Wegen des Traumes an unsere Sinne zu schleichen und sie zu berücken.
2210 2861 3352 2951 der Schwester den Dolch ins Herz. Sie selber hat zuletzt
703 2894 2113 2950 Arglos erzählt das blühende Mädchen dem Geliebten: sie hat gekräumt, sie
2214 2929 2438 2993 gewünscht:
706 2937 2117 3003 wäre Herzogin, und mit einem brennenden Kuß des jungen Herzogs auf
2540 2934 3262 3041 . .. Jetzt aber bin ich müd', so müd',
700 2999 2120 3067 ihren Lippen ist sie erwacht. Lachend erzählt sie's, aber der Geliebte lacht
2441 3000 3283 3071 Glaub' ich, wie nie auf Erden jemand war —
711 3033 2111 3104 nicht. Mit furchtbarem Ernst fragt er sie: „And so kommst du zu mir ...
2451 3063 3157 3135 Warum gerade mir dies alles, sagt?
707 3084 2113 3136 als Dirne deines Traums? Kommst so beschmutzt hier her?“.. Träume sind
2440 3114 3252 3182 Und warum war ich ausersehn vor allen,
710 3131 2118 3197 ihm, dem idealen Schwärmer, Begierden ohne Mut, freche Wünsche, die
2446 3144 3264 3233 So vielen Leid zu bringen, und weiß doch:
716 3178 2122 3242 vom Licht des Tages in die Winkel unserer Seele zurückgejagt, die bei Nacht
2440 3219 2968 3283 Ich wollte keinem Böses!
717 3230 2118 3302 erst auszukriechen wagen: — „Geh, Beatrice! Graun vor dir hat mich er¬
978 3279 2122 3337 Sie geht. Ohne ihn zu verstehen. Geht und — reicht die
711 3294 845 3362 faßt.“
2317 3284 3354 3361 Sie wollte keinem Böses. Und doch log sie allen: den
707 3325 2118 3396 Hand einem braven Handwerksknaben, der lange schon um sie wirbt zur
2216 3340 3345 3407 Geliebten, dem Bräutigam, dem Herzog. So war sie „nur
710 3381 2118 3440 Vermählung. Schon schreitet das Paar zur Kirche, da begegnet ihnen der
2212 3388 3347 3447 mit der Krone spreite, weil sie glänzte? mit eines Dichters
708 3426 2118 3492 junge Herzog, der auf der Suche nach der Begehrenswertesten für diese
2211 3441 3350 3520 voll Rätsel? mit eines Jsinglings Herzen, weil's ihr just
703 3465 2129 3543 letzte Nacht, Beatrice nun in trunkener Laune freit. Wie im Traume folgt
