3436 4224
282 168 1806 266 14. Der Schleier der Reatrice
842 1010 1251 1082 Telefon 12801.
383 1121 1729 1221 Alex. Weigl’s Unternehmen für Zeitungs-Ausschnitte
1393 1166 1594 1231 Ausschnitt
712 1206 1673 1322 „OBSERVER“ Nr. 3
323 1313 1715 1410 I. österr. behördl. conc. Bureau für Zeitungsberichte u. Personalnachrich
517 1380 1663 1490 Wien, IX/1, Türkenstrasse 17.
724 1473 1388 1568 - Filiale in Budapest: „Figyelö“
339 1529 1709 1617 Vertretungen in Berlin, Chicago, Genf, London, Newyork, Paris, Rom, Stockh
332 1664 1562 1769 Ausschnitt aus: ##erdeg Sadugent
675 1811 860 1916 72
343 1809 674 1941 vom 6//1.
695 1890 1665 2005 * Beatrice fatyola. Schnifaler Arthurnak ilyen
1352 1956 1418 1992 RR 1
1451 1965 1500 2004 —
1502 1958 1543 2016 11
620 1989 1658 2065 zimü darabja, a mely, sok viszontagsäg mian, a
610 2026 1669 2095 rössz elöadas miatt, meglehetösen megbukott a
610 2085 1670 2154 boroszlói bemutatön, ez a meséje: Szinhely a
620 2145 1673 2206 renaissance-kori és ellenségtöl körülfogott Bologna.
625 2187 1667 2270 A herczeg lakodalmat ül a szépséges Beatrice-szel, a
624 2248 1667 2310 ki huga a värosszerte ismert courtisane-nak. Mind¬
622 2294 1664 2385 össze nehäny öräja ismerte meg, mikor a leány
623 2355 1676 2435 eppen a templomba készült polgäri szärmazäsn
622 2408 1666 2479 jegyesével. A herczeg megkivánta a leányt, de az
618 2474 1660 2534 csak ugy mond igent, ha a herczeg oltärhoz viszi.
619 2519 1674 2586 Ez megtörténik, mire a cserben hagyott völegény
628 2573 1655 2631 tört döf szivébe. A lakomäról egyszerre esak el¬
391 2626 1685 2720 Für 50 Zeitttünik Beatrice. Volt kedvesét, Filippo Loschit, a
626 2676 1683 2762 költôt latogatja meg, a ki eltaszitotta volt magätöl,o
438 2691 586 2755 „ 100
464 2731 590 2779 200
631 2733 1667 2814 mikor a romlott lelkü leäny elbeszélte neki, hogy
476 2766 581 2819 500
630 2783 1670 2870 almäban a herczegé volt. Filippo vad kitöréssel fogadja
418 2808 590 2883 „ 1000
491 2841 1685 2917 Im GegBestrice-t s undorodtäban, meg kétségbeesésében
376 2892 1670 2959 Abonnement dmerget vesz; kedvese szemelättära adja ki lelkét.
370 2952 1677 3020 Abonnenten eBeatrice ott felejtven fätyolät, visszamegy a lak¬
488 3000 1694 3074 Der „Ojmarozók közé, de férje ott kérdöre vonja. Beatrice
366 3054 1681 3138 Inhaltsangabeazt hazudja, hogy templomban volt, azonban ellent¬
380 3107 1691 3192 blätter (Tmnondäsba keveredik s mikor ferie azt követeli,
376 3156 647 3207 wodurch eine
380 3172 1677 3246 des In- und hogy vezesse el oda, a hol elhagyia fätyolät, el¬
381 3216 1684 3289 werden in Wieviszi Filippohoz. A fätyolra ott rá is akadnak, de
647 3273 1685 3347 mikor Beatrice menni kivänna, a herczeg kijelenti,
643 3331 1673 3399 hogy azon a helyen akarja tölteni véle az éjjelt.
632 3375 1685 3463 Igy azutan fölfedezi Filipponak, a ki barätja volt,
648 3429 1693 3502 a holttestét. Benyomul ezenközben a szobäba a
638 3491 1686 3556 lakodalmi tärsasag és Beatrice batyja leszurja hu¬
635 3551 1691 3623 gät. Ezt a rémes mesét gyönyörü költöi, vegyesen
642 3574 1693 3698 prózaban és versben irt költöi nyelv teszi elfogad¬
632 3663 838 3745 hatóva.
1484 3662 1624 3726 —
1950 167 2412 254 box 20/2
2298 1086 2728 1161 Telefon 12801.
1835 1174 3200 1271 Altx. Weiel's Unternehmen für Zeitungs-Ausschnitte
2863 1250 3065 1333 Ausschnitt
1748 1291 2080 1391 195
2173 1281 3192 1417 „OBSERVER“ Nr. 75
1772 1389 3246 1472 I. österr. behördl. eonc. Bureau für Zeitungsberichte u. Personalnachrichten
1968 1470 3080 1560 Wien, IX, Türkenstrasse 17.
2178 1548 2907 1642 Filiale in Budapest: „Figyelö“ —
1795 1616 3230 1693 Vertretungen in Berlin, Chicago, Genf, London, Newyork, Paris, Rom, Stockholm.
1775 1686 3135 1844 Ausschnitt aus: OTnedena-Matt, #//1n
1797 1895 2306 2019 vom 0./ /2./000.
2027 2236 3253 2324 * Im Breslauer Lobetheater fand jüngst die Première
1903 2299 3253 2351 von Arthur Schnitzler's fünfactigem Drama -Der
1911 2352 3243 2420 Schleier der Beatrices statt. Das Stück hätte, wie
1914 2409 3240 2467 erinnerlich, im Wiener Burgtheater aufgeführt werden sollen,
1913 2458 3237 2517 wurde aber dem Autor von Direstor Schlenther zurück¬
1912 2502 3243 2572 gestellt. Dieses Vorgehen, mag es nun gerechtfertigt oder
1908 2550 3239 2612 ungerechtfertigt gewesen sein, bot Anlass zu einer Action
1910 2581 3254 2660 mehrerer Autoren und Kritiker und wurde seinerzeit in der
1918 2644 3240 2719 Tagespresse lebhaft discutirt. Schnitzler schildert in seinem
1917 2705 3246 2770 neuesten Drama Bologna an jenem Abend, welcher der
1829 2705 1916 2785 Fü
1919 2752 3250 2801 Vernichtung der Stadt durch die Truppen des Cesare Borgia
1919 2799 3239 2854 vorangeht. Lebensfreude und die Sucht möglichst intensiv zu
1918 2902 3246 2968 den Culminationspunkt erreicht. Sie wissen, dass nur wenige
1915 2951 3237 3000 Stunden, Minuten vielleicht nur, sie von dem sicheren Unter¬
1801 2944 1905 3025 Abo
1925 3003 3248 3065 gange trennen und eine derartige Lebenslust und Gluth liegt
1793 3019 1909 3076 Abo
1914 3053 3245 3102 über dem Stücke, dass es fast wie die verkörperte Lebens¬
1903 3102 3234 3160 freudigkeit erscheint. Das Drama, dessen Erstaufführung
1812 3136 3237 3212 Inl Schnitzler beiwohnte, hatte nicht den erwarteten Erfolg, und
1805 3209 3236 3268 wor es scheint nach den aus Breslau vorliegenden Berichten,
1806 3249 3216 3315 des dass die Darstellung daran die Schuld getragen habe. —
1819 3288 2618 3369 werden in Wien um 9 Uhr Früh verschickt.
2110 3367 2937 3460 Prospecte gratis und franco.
