3108 4224
947 268 2870 335 den Wiener Dichtern ein Aeußerliches, das Taine=Zola'schen Theorie eine Zeitlang de
973 307 2879 385 sichtbare Ziel ihres Strebens: Ihr Ehrgeiz Roman der Wiener Gesellschaft oder zumindest
434 316 827 428 Dramatiker.
204 327 436 423 Wiener
1928 359 2887 442 eines Ausschnittes derselben zu begründen ver¬
969 360 1943 425 und Künstlertraum, ihre Sehnsucht, ihr höchster
973 414 2081 495 Lohn zugleich war und ist noch immer — das suchte
2025 426 2929 514 Dieses „Wiener Stück“ die Form 129¬
971 471 1347 542 [Theater..
1932 500 2872 560 gegenwärtigen charakteristischen Wiener dran.
114 472 985 562 In jenen gesellschaftlichen Kreisen, die sich
1073 480 1930 564 Wien war nicht bloß, Wien ist noch
26 540 976 616 in Wien noch stärker als anderswo um jede
985 528 2894 610 immer Theaterstadt. Das Vergnügen tischen Production, — völlig verschieden von
1933 596 2899 651 den andern österreichischen Dramatikern, vor
30 597 972 656 politische oder künstlerische Bewegung schließen,
981 600 1933 658 am Decorativen, an äußerlichem Prunk, an
981 632 2887 714 starken Effecten, mit einem Wort am Theatra= allem den kernigen „Jung=Tirolern“, Schön¬
21 660 968 712 wird das Gerede von einer angeblichen jun¬
982 684 2893 744 lischen liegt den Wienern im Blute. Die sherr und Kranawitter — bedeutet, meine
16 690 965 753 gen, jüngsten und allerjüngsten Wiener Dichter¬
1941 736 2881 791 ich, wenig mehr als eine ModeErscheinung
29 737 969 813 schule noch immer nicht stille. Wer diesen Din¬
989 747 1939 818 Politik ward hier von jeher in verhängniß¬
1936 775 2900 848 es wird so rasch als es erstand, wieder von
21 784 968 842 gen ferne steht, gewinnt leicht eine halbhumo¬
982 788 1951 854 voller Verkennung als wirksam zugespitztes
1942 818 2901 884 der Bühnenbildfläche verschwinden. So neu
16 839 980 906 ristische Vorstellung dieser neu aufgeblühten
990 853 1947 904 Schauspiel oder lustige Komödie betrachtet. Das
1945 883 2899 934 sich diese Form gibt, so alt ist sie in Wirklich¬
23 883 975 935 Wiener literarischen Herrlichkeit. Eine Dame
983 881 1942 948 rasche Aufblühen des modernen Wien, das
19 925 976 987 fragte mich jüngst: „Nicht wahr, Herr Doctor,
991 911 2907 988 Entstehen der neuen Bauten, Straßen und keit. Das „Wiener Stück“ reicht in seinen
1935 970 2902 1044 Anfängen zu den nachmärzlichen Possendichtern:
22 970 984 1035 die jungen Leute kommen täglich in einem
992 981 1935 1041 Stadttheile hat seinen letzten kaum eingestan¬
1938 1013 2897 1083 den O. F. Berg und Langer zurück. Auch
20 1015 972 1090 Café zusammen, dem „Fenstergucker“ oder dem
988 1030 1931 1082 denen Grund vielleicht nur in der dem Wiener
1945 1061 2903 1133 diese haben es bereits verstanden, ein Wiener
24 1068 964 1131 altberühmten und verläsierten „Griensteidl“,
986 1080 1933 1139 eigenthümlichen Freude an theatralischer Ent¬
1950 1106 2897 1173 Milieu mit wenig Strichen geschickt zu zeich¬
24 1122 971 1174 da sitzen sie alle, die Jungen, die Jüngsten,
990 1116 1930 1186 faltung. Darum darf es nicht Wunder nehmen,
1940 1161 2902 1233 nen und lebendige Figuren aus der Wiener
18 1170 970 1243 die Allerjüngsten Wiener vergnügt beisammen
990 1171 1940 1230 daß unter den Dichtern bloß gilt, wer auf dem
1951 1202 2896 1265 Vorstadt hineinzustellen. Aus solchen Erinne¬
17 1205 977 1290 und erzählen einander ihre Pläne. Hermann
991 1218 1934 1276 Theater Siege gewann. Viele Bände reifen
1949 1254 2891 1320 rungen aus dem großen Vorbilde Anzen¬
25 1260 984 1322 Bahr, der kritische Papst, thront mitten unter
988 1257 1940 1334 lyrischen Könnens, die herrlichsten Novellen
1948 1284 2908 1365 grubers, des gemüthlicheren Bauernfeld und
23 1317 989 1370 ihnen und weist jedem mit weiser Miene und
992 1313 1939 1377 wiegen in unserer Stadt nichts gegen den
1940 1345 2900 1420 der Einwirkung des Berliner Bühnen=Hinter¬
23 1346 987 1428 nicht ohne Schalkheit die eben zeitgemäße
994 1359 1936 1438 bescheidensten Theater=Erfolg. Darum drängt
1943 1393 2902 1466 haus=Naturalismus, der Hauptmann=, Suder¬
25 1398 980 1463 Aufgabe zu, welche er selbst morgen als
993 1399 1941 1464 in Wien jede Kraft dem Theater zu. Am
1945 1441 2910 1516 mann= und Hirschfeld=Methode der fleißigen
20 1451 986 1511 gar nicht mehr zeitgemäß überwinden und
993 1461 1940 1514 Tantiemen=Golde hängt, nach dem Tantémen¬
1937 1480 2904 1559 Kleinschilderung ist das „Wiener Stück“ ge¬
23 1504 985 1564 mit seinem gegenwärtig freilich recht ge¬
993 1502 1938 1578 Golde drängt bei uns doch alles! Ferdinand
1948 1528 2912 1604 worden. Das wesentliche Merkmal dieser Zu¬
32 1545 876 1607 zähmten Grimm verhöhnen wird.“
993 1551 1945 1601 von Saar und Marie Ebner, geborene
1949 1574 2908 1644 stands=Dramen ist das mühsam=genaue Ausmalen
29 1575 990 1658 Diese Anschauung meiner liebenswürdigen
990 1602 1942 1664 und erkorene Novellisten, haben sich in jungen
1947 1624 2906 1708 eines bestimmten originellen Wiener kleinbür¬
19 1637 988 1702 Theater=Nachbarin ist die allgemeine, selbst in
994 1649 1939 1705 Jahren vergebens um den Lorbeer des Drama¬
1947 1676 2919 1746 gerlichen Lebenskreifes, die detaillirte Zeich¬
29 1684 981 1755 unserer Stadt gang und gäbe. In einer solchen
994 1694 1937 1742 tikers bemüht; da sie auf dem Theater ver¬
1949 1735 2927 1789 nung der Charaktere, die sich da zumeist nicht
30 1726 984 1798 Caféhauswirksamkeit denkt man sich die Wie¬
992 1735 1940 1794 sagten, erfreuen sie sich in Wien blos eines
1940 1769 2919 1841 in kräftiger Handlung, sondern in verschweben¬
23 1777 984 1846 ner Dichter am liebsten befangen. „Das junge
997 1787 1952 1849 kleinen, freilich gewählten Publicums. Emil
1944 1805 2913 1881 den Stimmungen entfalten. Karlweis,
25 1829 984 1880 Wien“, so meint man, stellt halb eine wild¬
995 1818 1947 1914 Marriot, desgleichen eine durchaus epische
1946 1860 2922 1932 der allzufrüh dahin ging, war der Meister
30 1878 979 1933 romantische E. Th. A. Hofmann'sche Spelunken¬
985 1884 1945 1945 Natur, entging zu ihrem Nachtheil so wenig
1946 1900 2917 1978 dieser Schilderung des Echten und Bodenstän¬
30 1918 985 1998 Verbrüderung, halb eine gemüthliche Kamerad¬
999 1928 1944 1993 wie die lyrische Ada Christen der in Wien
1954 1966 2916 2026 digen. In seinen Volksstücken, dem „Kleinen
29 1964 996 2051 schaft nach Art der seligen „Schwäbischen
987 1977 1951 2053 unwiderstehlichen Lockung zur Bühne. Hof¬
1946 2007 2915 2078 Mann“, dem „Groben Hemd“, dem „Neuen
37 2013 330 2093 Schule dar.“
987 2019 1949 2091 mansthal hat seinen ganzen, künstlich
1949 2056 2910 2120 Simson“ weht wirklich die Wiener Luft. Das
127 2047 1944 2135 In Wirklichkeit verhält sich dies völlig breitgesponnenen Ruhm gefährdet, als er vor
1958 2105 2908 2166 bürgerliche Wienerthum ist hier mit seinen
35 2127 1943 2183 anders. Die Caféhäuser, die man eine Zeit lang einigen Jahren sichtbar in die Theater=Erschei¬
1958 2143 2915 2206 Schwächen, Widersprüchen und Liebenswür¬
995 2166 1952 2225 nung trat, als er wirkliches Gestalten=Können
28 2161 992 2219 statt jener vormals blühenden, jetzt aufgege¬
996 2188 2912 2264 beweisen sollte. Schnitzler und Dör= digkeiten von einem gleichgesinnten Geiste ganz
37 2225 994 2280 denen, vornehm ästetischen Salons der Baronin
1001 2242 2924 2317 mann, die beiden bühnenwirksamsten jüngen erfaßt. Hermann Bahr's Wiener Stücke
24 2259 979 2336 Wertheimstein und Tedesco — glänzende Sam¬
1948 2286 2915 2360 „Das Tschapperl“ „Die Wienerinnen“. Der
30 2312 1950 2367 melpunkte der Wiener feinsinnigen Geselligkeit Wiener Theater=Dichter, kennt man in breiteren
1949 2319 2906 2402 Star“ haben nicht die Karlweis'sche Lebens¬
109 2360 989 2421 aufsuchte, sind jetzt von literarischen Leuten
999 2355 1951 2419 Kreisen überhaupt kaum mehr nach ihren An¬
1000 2384 2916 2465 fängen als Novellisten und Lyriker: ihren Ruf unmittelbarkeit. Sie bekunden allzusehr ihren
35 2402 999 2462 leer. Wer in Wien etwas vermag, hat sich
1954 2430 2918 2502 kritischen Ursprung; sie sind allzu feuilletonistische
996 2467 1955 2524 danken sie allein dem Theater. J. I. David
34 2449 991 2508 längst aus dem Cafehausgeschwätz zu ernster,
1955 2483 2914 2546 witzig. Bahr hat einmal scherzhaft das Recept
27 2506 993 2561 gesammelter Arbeit gerettet. Dieser schafft in
997 2496 1954 2576 genießt noch immer nicht jenen Rang, der ihm
1001 2537 2921 2613 gebürt, weil er das Theater nicht zu bezwingen des Wiener Stückes so formulirt: man lasse
27 2551 999 2606 Hietzing, jener grübelt in St. Veit, der eine
1942 2567 2912 2640 ein „süßes, schlampertes Wiener Mädel“
31 2597 992 2652 in einem bürgerlichen Berufe thätig, und nur
994 2599 1155 2664 wußte
1091 2638 2914 2694 Aber die Wiener Dichter eilen nicht blos, auftreten, und um sie herum nichts ge¬
34 2636 998 2711 zuweilen poetische Flügel schwingend, der
1955 2659 2924 2740 schehen — das ganze ist dann ein „Wiener
33 2683 1953 2750 andere nur um die Kunst der schön ciselirten durch so viele Gründe gedrängt, dem einen
1964 2727 2137 2789 Stück“.
2123 2716 2927 2791 — Ich fürchte, Bahr hat dieses
28 2739 990 2793 Worte bemüht. Hat man nun das Recht,
997 2738 1951 2806 Ziel, dem Theater, gemeinschaftlich entgegen
1954 2765 2921 2844 Recept selbst öfters im Ernste verwendet.
29 2784 996 2848 diesen abseits wohnenden, abseits von einander
1073 2782 1953 2856 man bemerkt, daß sie sich insgesammt
1958 2805 2924 2884 Schnitzlers Dramen sind nicht eigentlich Wiener
34 2823 991 2876 Bestrebten einen gemeinsam kennzeichnenden
998 2815 1953 2888 gleichsam um das eine, nämliche Stück be¬
1000 2861 2912 2929 mühen. Sie haben längst die edle Tradition Stücke im streng naturalistischen Sinne. Hier
42 2875 984 2944 Namen unterzuschieben? Das „junge Wien“
1961 2905 2918 2970 wird vielmehr die Wiener Alltäglichkeit in eine
37 2928 991 2981 ist heute kaum mehr, wie vielleicht in seinen
999 2931 1956 2993 der österreichischen dramatischen Kunst, die
1957 2956 2923 3014 Atmosphäre des Zarten und Geistigen gehoben,
34 2969 996 3027 allerersten Anfängen, eine literarische Gruppe:
1003 2964 1962 3035 Grillparzer= und Raimund=Richtung, aufgegeben
1954 3001 2926 3061 die weit über die locale und provinzielle Be¬
32 3015 998 3086 niemand will dazu gehören, jeder verwahrt sich
1064 3018 1956 3085 sie haben selbst das Beispiel Halms, des
998 3046 2925 3123 Pathetischen, aber noch immer um den Glanz grenzung greift. Auch Hawels „Mutter
36 3066 740 3140 gegen die künstliche Einschaltung.
1004 3098 2920 3181 der Form Bestrebten, verlassen. Nur der einzige Sorge“ mit seiner allerdings steifen und her¬
135 3108 996 3180 Nach jenen künstlerisch dürren Jahrzehnten,
1956 3146 2920 3200 kömmlichen allegorischen Hauptgestalt führt nicht
1008 3159 1962 3226 Ebermann hat mit seiner „Athenerin“ noch
34 3171 1003 3241 die dem Tode Grillparzers folgten, sind bei
1963 3187 2922 3258 in das Reich des Wienerischen, sondern der
1007 3210 1957 3280 einmal diese Pfade zu einer lichten und hei¬
47 3211 994 3276 uns einige zarte, dabei doch starke, dem Con¬
1969 3235 2926 3309 gegenwartslosen Poesie. Der eben neuerwachte
1008 3254 1957 3316 teren Welt beschritten, doch betrat er sie seit¬
39 3259 998 3326 ventionellen ausweichende dichterische Talente
1959 3289 2923 3358 Erfolg der Ledigen Leute“ Dörmanus
1006 3302 1953 3362 dem nicht wieder; auch Lothar hat den
47 3306 994 3379 aufgetreten — in allem Uibrigen so disparat,
1966 3325 2925 3395 draußen im Reiche beweist, daß jenes leicht¬
1007 3341 1957 3419 „König Harlekin“ nicht wieder erreicht. Dem
46 3370 993 3418 wie die dichterischen Formen, wie die Richtun¬
1965 3374 2940 3451 fertige Zuhälter= und Lebemannthum, das hier
1004 3400 1959 3473 Hofmannssthal'schen Wort=und Bildergeranke
49 3407 991 3474 gen innerhalb der Literatur unserer Zeit. Vers¬
1961 3415 2926 3494 lustig geschildert wird, internationalen Ur¬
1013 3447 1955 3517 fehlt die eigentliche dramatische Structur so
49 3448 1006 3515 dichter, Erzähler, satyrische Betrachter, Roman¬
1967 3473 2931 3546 sprunges ist. Daß aber jenes eigentliche „Wiener
1011 3489 1963 3552 völlig, daß man seine „Acte“ kaum Dramen
41 3504 995 3560 tiker, Veristen, Psychologen, pessimistische Groß¬
1958 3519 2925 3596 Stück“ noch lange nicht im Aussterben, viel¬
1009 3543 1961 3613 nennen darf. Dörrman's romantischer „Herr
42 3560 1006 3613 stadt=Schilderer und rosenroth träumende Lyriker
1965 3574 2917 3646 mehr im Aufblühen und Weiterwachsen be¬
1013 3586 1953 3642 von Abadessa, Schnitzler's allzu psychologi¬
120 3598 1005 3653 siie alle wohnen in dem Begriff „junges
1947 3603 2924 3689 griffen ist, mag aus der Betrachtung einiger
1013 3632 1953 3695 sches Versdrama „Der Schleier der Beatrice“.
47 3646 1001 3701 Wien“ friedlich beisammen. Gemeinsam ist
1957 3678 2924 3752 Wiener Dramen der jüngeren Zeit erhellen, die
1007 3695 1957 3743 ein Hinaufsteigen, nicht von Handlung zu
50 3684 999 3742 diesen sonst so willkürlich vereinten „Jung¬
1966 3712 2928 3770 noch nicht zur Aufführung gelangt sind oder
1006 3733 1953 3800 Handlung, sondern von Finesse zu Finesse,
45 3742 999 3800 Wienern“ nur: die bewußte und betonte Liebe
1966 3755 2923 3834 überhaupt aus Gründen mannigfacher Art nicht
1010 3783 1957 3835 haben die Bühne nicht gewonnen oder behauptet.
52 3789 1006 3855 zur Heimat, deren Duft und Anmuth in ihren
1972 3812 2673 3873 zur Darstellung gelangen werden.
1014 3827 1970 3886 In den bühnenfähigen Versuchen der anderen
51 3822 998 3902 Werken lebt, ein gewisser schwermüthig=heiterer
2221 3845 2887 3940 Dr. Paul Wertheimer (Wien).
51 3879 1964 3938 Grundton als Eigenthümlichkeit des Wiener Wiener Poeten tritt überall nur der eine
51 3926 1971 3982 Wesens, das Spielerische der Motive, die künstlerische Wunsch zutage: Das Bestreben,
49 3973 1976 4032 leichte, manchmal ein bischen cocette Gracie ein neues Genre, das specifische „Wiener
58 3992 1996 4105 des Ausdruckes. Gemeinsam war und ist ferner! Stück“ zu schaffen, wie man im Sinne der
