3248 4256
1974 177 2444 277 box 20/1
306 165 1851 286 14: Der Schleien der Beatrice
1684 1204 2848 1275 suchen, welcher Aufwand an Entgegenkommen nöthig war,
2851 1226 3263 1285 unterschrieben word
783 1217 1328 1342 Feuilleton.
1688 1252 2842 1312 um die Firma Schönthan & Koppel=Ellfeld für das Burg¬
2845 1269 3264 1324 Revers, dann ist der
1692 1312 2852 1387 theater zu gewinnen. Nur die österreichischen Dichter be¬
2855 1298 3264 1390 Er kann sich's noch
688 1330 1477 1418 „Der Schleier der Beatrice.“
1695 1356 2665 1432 kommen die ganze Strenge des Gesetzes zu fühlen.
2854 1353 3263 1425 und immer wieder
584 1390 1694 1478 Das Burgtheater ist sehr nobel und hat allen Vortheil
499 1458 1684 1510 davon. Widerfährt einem Stück die Ehre, hier angenommen
2933 1434 3264 1524 Der Sachverhalt
1766 1445 2841 1514 Dem Director des Burgtheaters gewährt der famose
503 1484 1684 1556 zu werden, dann muß der glückliche Verfasser einen Revers
2845 1484 3264 1562 Schlenther wird de
1681 1504 2845 1560 Revers noch einige ganz besondere Vortheile. Er kann
508 1530 1692 1605 unterschreiben. Das Burgtheater unterschreibt gar nichts. Mit
2846 1545 3261 1613 zuerst angenommen
1678 1551 2849 1616 immerzu Stücke annehmen. Da gibt es Stücke, nach welchen
509 1566 1690 1651 diesem Revers empfängt die Hofbühne das Recht, das be¬
2848 1591 3256 1655 entgegnet darauf, er
1685 1592 2849 1640 plötzlich in der Oeffentlichkeit gefragt wird: „Warum ist
2778 1635 2847 1686 57
500 1619 1688 1695 treffende Werk binnen zweier Jahre aufzuführen. Wird das
2847 1623 3264 1703 erst abgelehnt“:
1679 1625 2802 1693 dieses begabte, jenes bedeutende Werk nicht im Burgtheater?“
507 1674 1691 1732 Stück innerhalb dieser Zeit nicht gespielt, dann darf der
2908 1673 3262 1735 „als ihn Arthu
1676 1664 2846 1739 Der Director kann geschwind erwidern: „O, bitte, das aus¬
512 1717 1686 1771 Autor, falls er Lust dazu hat, noch länger warten. Be¬
2844 1709 3263 1782 dingung stellte“. Wie
1689 1720 2836 1784 gezeichnete Werk ist bereits seit längerer Zeit angenommen!“
510 1756 1677 1820 stimmte Vorschriften darüber gibt es nicht. Er darf aber auch
2852 1750 3257 1821 „Erstens hab' ich mi
1680 1758 2847 1823 Da gibt es Stücke, die im Ausland ganz unvermutheter
510 1807 1687 1871 sein Stück wieder aus dem Archiv zurückverlangen, darf das Buch
2848 1811 3256 1871 war er schon zerbi
1730 1805 2839 1873 Beise einen großen Erfolg erringen. Allgemeines Erstaunen:
504 1836 1685 1917 vom Staube reinigen und in die frische Luft bringen; er
2843 1840 3263 1915 drittens hab' ich ihn
1678 1853 2842 1917 Warum bleibt Wien zurück? Der Director gibt bekannt, das
509 1896 1686 1949 darf die zwei Wartejahre als verloren ansehen und sich zum
2844 1883 3262 1962 Director Schlenther
1687 1887 2840 1963 Stück sei bereits vor Jahren zur Aufführung erworben,
502 1944 1690 2009 Teufel scheren. Mit anderen Worten, das Burgtheater sagt
2845 1944 3261 1997 Verfasser die „une
1683 1933 2850 1998 und ertheilt Auftrag, das Manuscript aus dem Archiv
503 1980 1687 2048 zum dramatischen Schriftsteller: Wenn Du willst, daß ich
2840 1976 3262 2047 Klarheit über das
1688 1993 2845 2058 zu exhumiren. Da gibt es Stücke von jungen Talenten,
504 2030 1675 2078 Dein Stück spiele, mußt Du Dir Alles gefallen lassen. Ich
2837 2026 3253 2088 diese Bedingung wär
1681 2026 2848 2090 die man annimmt, um nicht ein Odium auf sich zu laden.
502 2070 1682 2117 muß alle Rechte haben, Du gar keine. Denn ich bin das
2844 2074 3263 2132 worden. Ohne diesen
1684 2075 2848 2136 Wird aus diesen Talenten, ohne Hilfe des Burgtheaters,
511 2114 1689 2186 ewige, Dein Burgtheater, und Du bist nur ein sündiger
2844 2116 3263 2181 fasser bis heute noch
1686 2122 2850 2183 etwas, dann hat das Burgtheater doch das Verdienst der
504 2158 1678 2216 Dichter. Ich brauche Dich nicht, aber Du brauchst mich. Ich
2847 2158 3255 2216 Director Schlenther
1681 2153 2852 2224 ersten Aufmunterung, wenn auch nicht das der ersten Auf¬
508 2202 1686 2274 erweise Dir eine Gnade, Du mir keine. Das Burgtheater
2845 2203 3254 2266 Gründen, die ihn zu
1682 2199 2849 2270 führung. Wird nichts aus diesen Talenten, dann wächst eben
510 2244 1688 2332 ist eben ungeheuer nobel. Aber es ist eine Noblesse, die zu
2841 2243 3263 2328 aber doch eher kün
1685 2255 2842 2310 Gras über die Geschichte. Bei dieser Sachlage ist die Person
514 2285 896 2362 nichts verpflichtet.
1691 2298 2844 2352 des Directors die einzige Gewähr dafür, daß den Schrift¬
1689 2338 2846 2406 stellern nicht allzu übel mitgespielt werde. Seine Entschei¬
2918 2349 3259 2440 Für sein Zögerr
1686 2381 2843 2437 dung, gegen die es ja eine Appellation nicht gibt, bietet die
605 2377 1678 2463 Vielleicht sind ausnahmsweise alle Schriftsteller diesmal
2848 2398 3264 2479 gibt der Director
1678 2434 2835 2488 einzige Garantie, sein guter Wille die einzige Hoffnung, sein
505 2431 1683 2505 meiner Meinung, daß ein solcher Zustand unwürdig und
2840 2445 3253 2522 Erklärungen: „Nur
1683 2461 2837 2526 Versprechen den einzigen Trost, sein Urtheil den einzigen
503 2489 1681 2550 unhaltbar ist und sich als eine Ausbeutung schlimmster
2849 2503 3251 2570 das Herz geht, hab
1684 2519 2838 2573 Anhaltspunkt für die gottverlassenen Autoren des Burg¬
507 2539 1682 2602 Sorte qualificirt. Es gibt wohl in der ganzen Welt kein
2846 2539 3265 2607 Ihnen früher offe
1682 2558 2836 2630 theaters. Soll man da nicht dem Verlangen Ausdruck geben,
507 2573 1685 2638 ähnliches Vertragsverhältniß, in welchem der Stärkere seine
2842 2592 3254 2656 mußte warten, bis di
1679 2590 2833 2660 „daß sein in Ausübung des Amtes hinausgegebenes Wort
509 2613 1676 2685 Macht gegen die Schwächeren so unverhüllt und ohne Scheu
2847 2630 3259 2701 Ende war. Schade,
1683 2651 2834 2727 einer gewissen Verläßlichkeit nicht entbehre .. .“? Es ist ein
513 2663 1558 2731 mißbraucht. Die vielgeschmähten „Corsarenbriefe“
1561 2666 1675 2724 die
2841 2675 3250 2740 Kämpfen, die Dr.
1678 2687 2342 2766 Ziel, auf's Innigste zu wünschen.
508 2695 1685 2763 den Schauspieler einst directorialer Willkür ausgeliefert
2848 2717 3260 2781 schlichte Wahrheit ab
512 2745 1686 2826 haben, sind zahm im Vergleiche zu diesem Vertrage, und
2847 2762 3262 2827 in seinem ersten Br
518 2795 1685 2849 sie sind, mit Hilfe einer umfangreichen schriftstellerischen
1762 2784 2840 2862 Der Fall Schnitzler kann als Schulbeispiel dafür gelten,
2834 2802 3263 2880 vom Erstaufführungs
513 2838 1686 2906 Agitation, endlich beseitigt. Niemand aber hat jemals ernst¬
1673 2849 2834 2900 daß an der Verläßlichkeit des Directors Alles, am Revers
2842 2856 3265 2919 mand gefragt hätte
504 2878 1688 2950 liche Versuche gemacht, die Schriftsteller von der Zwangsjacke
1683 2890 2837 2940 nichts gelegen ist. Der Revers stellt nur eine leere
2835 2893 3261 2962 könne ein solches
509 2930 1672 2988 zu befreien, die ihnen im Burgtheater ancelegt wird. In
1685 2935 2838 2993 Formalität dar, eine Handlung, in der nach dem Burg¬
2837 2934 3246 3009 Besetzung und von d
516 2978 1683 3033 einzelnen Fällen allerdings begibt sich das Burgtheater seiner
1686 2979 2840 3027 theater=Ritus die Annahme eines Stückes symbolisch ausge¬
2842 2973 3261 3052 so was nicht zustan
512 3016 1686 3084 Vornehmheit und zeigt eine großartige Milde. Erfolgreiche
1688 3026 2832 3087 drückt wird. Der Director spricht, verspricht, schreibt, urtheilt,
2840 3031 3252 3097 auch nur im Ent
502 3055 1676 3123 Autoren des Auslandes werden nicht so schroff behandelt.
1674 3065 2838 3125 beabsichtigt, plant. Aber wenn er sich nicht durch sein eigenes
2828 3067 3264 3140 daß sein Stück dem
505 3099 1685 3167 Den Franzosen hat man sichere Contracte gegeben und ihnen
1687 3113 2834 3180 Wort für gebunden erachtet, kann er sprechen, versprechen,
2834 3124 3243 3185 weiteren Anfragen
510 3148 1688 3215 obendrein noch ein stattliches „Einreichungshonorar“ bezahlt.
1681 3154 2832 3219 schreiben, beabsichtigen und planen, so viel er will. Er ist
2834 3158 3239 3221 diese Directoren —
513 3202 1687 3253 Auch den Herren aus Deutschland wurden ähnliche Ver¬
1682 3188 2836 3249 amtlich zu nichts verpflichtet, er darf sich noch immer hinter
2838 3185 3256 3267 begreifen wollten, wic
508 3236 3264 3323 günstigungen zugestanden, und ich möchte hier nicht unter= den Reyers-verstecken und sagen: Der Revers ist noch nicht richtigkeit! Kein Dir
1590 3307 1742 3453 7
1720 3389 1898 3472 K eeen
