3436 4256
1576 144 2509 227 cht in: iehrig Komische 190. De
1235 185 2493 283 sentimentalen letzten Vers aus dem Jünglingsliede sollte die Regie
1221 229 2493 328 streichen. Dirigent war Herr Trummer.. Ein bischen flotteres Lust¬
1222 280 2514 385 spieltempo und kürzere Zwischenakte würden die Wirkung des humorvollen
1214 321 1537 375 Werkes erhöhen.
1210 375 2492 434 Das Lobe=Thrätte harie gestern sernen großen Tag E Premer
1218 432 2493 496 echte Première, das Werk eines unserer ersten Dichter, das noch nirgends
1212 480 2494 534 zuvor aufgeführt, über das die Breslauer zuerst richten durften. Und noch
1211 521 2497 607 dazu ein Werk, dem vielfache Schicksale, von der Wankelmüthigkeit des
1210 572 2505 646 Burgtheater=Direktors bis zu dem drolligen Ukas der Wiener Kritiker
1219 611 2544 693 über die Gerechtsame eines Theaterdirektors, mindestens ebenso gut den :
1213 673 2494 742 Stempel der Sensation aufgedrückt hatten, wie ein preußisches Censur¬
1204 723 2492 782 verbot. Und der Erfolg? Nun, Schnitzler, der der Première seines fünf¬
1204 767 2501 844 aktigen Schauspiels beiwohnte, durfte sich nach dem dritten Akte zweimal,
1205 804 2493 892 nach dem vierten Akte einmal zeigen. Auch die anderen Akte fanden Beifall,
1208 868 2489 938 doch auch nicht wegzuleugnenden Widerspruch. Es sei von vornherein
1204 914 2488 980 bemerkt, daß der Erfolg und der Beifall sicherlich wesentlich größer ge¬
1204 959 2490 1040 wesen wäre, wenn nicht die Aufführung, vor Allem durch die Besetzung
1202 1001 2495 1052 der Haupirolle, dem Eindrucke wesentlichen Abbruch gethan hätte. Aber
1201 1047 2490 1128 es will mir scheinen, daß auch bei besserer Aufführung ein stärkerer Beifall
1198 1106 2485 1174 wohl mehr den Schönheiten des Werkes, als dem schönen Werke gegolten
1196 1162 2486 1239 haben würde. Denn Schnitzler ist hinter dem Ziel, das er sich gesteckt,
1210 1195 1952 1267 zurückgeblieben; es ging über die Kraft.
1260 1248 2478 1324 Es liegt nahe, gerade um der Eigenart eines Dichters gerecht und über
1205 1296 2492 1373 die Grenzen seines Könnens klar zu werden, sein neuestes Werk mit
1202 1348 2494 1400 früheren gleicher Art zu vergleichen. Beim „Schleier der Beatrice“ drängt
1203 1386 2496 1440 sich so heterogen Stoff und Behandlung sonst sind, der Vergleich mit dem
1199 1430 2482 1510 Münen Kalabu auf. In dem „Grünen Katadu“ hat Schnißzler gezeigt,
1202 1493 2482 1556 daß er es versteht, in den kleinen Erlebnissen der Menschen das Wesen
1184 1526 2486 1611 der Zeit wiederzuspiegeln, und wiederum aus der Zeit selbst das Wesen
1189 1565 2486 1659 der Menschen zu erklären; denn wenn wir jene wild erregien, wirren
1198 1618 2489 1702 Scenen in der kleinen Spelunke sehen, so glauben wir den gellen Klang der
1198 1683 2475 1748 Sturmglocken der Revolution zu hören und den dumpf rollenden Donner
1192 1728 2478 1781 zu vernehmen und den Sturm der großen weltgeschichtlichen Ereignisse.
1188 1778 2471 1854 Auch im „Schleier der Beatrice“ schildert er eine große, wildbewegte Zeit;
1196 1833 2471 1883 er schildert Italien zu den Zeiten der Borgia, in denen kraftvolle Männer
1184 1866 2484 1921 und schöne Frauen in heißer Lust und starker Begierde sich als skrupellose
1193 1921 2469 1993 Lebenskünstler das Leben herrlich gestalteten, in denen sich die Natur des
1187 1964 2471 2050 Menschen in ihrer gewal'iasten Größe oder in ihrer tollsten Verzerrung
1196 2009 2468 2069 zeigte. Vielleicht liegt ei ge abe unserer Zeit, die in junger Kraft das
1186 2071 2465 2138 Recht auf Ausleben der Indioidualität predigt, nahe, auf jene Zeiten
1183 2122 2464 2170 zurückzugreifen. Aber Schnigler genügte es noch nicht, jene gluthvolle
1191 2156 2465 2236 Epoche zu schildern; er thürmte einen Berg auf den anderen. Denn er
1189 2211 2476 2274 führt uns nach Bologna an jenem Abend und in jener Nacht, die dem Tage
1191 2268 2475 2349 scheinbar sicheren Unterganges durch die Heerschaaren des Cesare Borgia
1186 2304 2471 2366 vorangeht, also in eine Zeit, in der das Leben ein tausendfach köstliches
1194 2354 2462 2434 Gut wird, in der jede Sekunde eine Ewigkeit bedeutet. Sollten wir aber
1185 2414 2463 2464 den Täumel solcher Zeit verstehen, so muß das Schauspiel von solcher
1193 2454 2461 2525 Gluth und Leidenschaft überströmen, daß es den Hörer stürmisch mit fort¬
1183 2484 2453 2581 reißt, und es muß in solchem Glanze und in solcher Schönheit strahlen,
1189 2548 2452 2630 daß es wie die Verkörperung der Lebenslust und Lebensfreudigkeit erscheint.
1179 2608 2456 2685 Diese Kraft und dieser Glanz finden sich aber wohl an einzelnen Stellen,
1182 2650 1838 2724 dem Drama als Ganzen fehlen sie.
1239 2703 2454 2774 Selbst eine ausführliche Inhaltsangabe würde wohl nicht sonderlichen.
1168 2715 2450 2810 Werth haber; denn durch eine Erzählung von dem Gang der Ereignisse
1184 2803 2452 2868 pflegt man am wenigsten den Inhalt eines Dramas zu erschöpfen, das
1184 2845 2448 2915 zum Ziele hat, das innerste Wesen der Menschen zu entschleiern. Nur
1184 2895 2445 2956 einiges sei flüchtig angedeutet. Der große, herrliche Dichter Filippo
1185 2946 2449 2998 Loschi liebt die junge, eben erblühte, holdselige Beatrice, eines alten, ver¬
1171 2994 2445 3050 rückten Wappenschneiders Tochter. Aber er stößt die Geliebte voll inneren
1172 3029 2433 3103 Grauens als unrein und entweiht von sich, als sie ihm in naiver Un¬
1176 3080 2451 3161 schuld erzählt, daß sie im Traume Herzogin gewesen und der Herzog sie
1166 3119 2445 3207 liebend umfangen habe. Sie kehrt nach Hause zurück und läßt sich von
1168 3174 2442 3251 ihrem Bruder bereden, den jungen Vittorino zu heirathen, nicht aus
1161 3229 2439 3303 stürmischee Leidenschaft sondern als Schutz in den Wirren kriegerischer
1170 3269 2440 3357 Zeiten. Auf dem Wege zur Kirche tritt ihr der Herzog entgegen. Das
1163 3316 2444 3391 scheinbar Undenkbare geschieht: ihr Traum wird Wahrheit, denn der
1164 3386 2432 3445 Herzog beschließt in unbezwinglicher Leidenschaft, an diesem Vorabende
1156 3411 2440 3499 der gefahrvollen Entscheidungsschlacht, sie zur Herzogin zu machen, da sie
1158 3476 2430 3546 als seine Dirne ihm nicht folgen will. Der arme Vittorino ersticht sich.
1162 3531 2445 3595 Beatrice aber schleicht sich noch in der Nacht während des bacchantischen
1165 3578 2427 3623 Trubels der Hochzeitsfestlichkeiten fort zu Filippo, zu dem sie heiße Sehn¬
1163 3603 2436 3695 sucht zieht. Wenn sie nicht mit ihm leben kann, will sie mit ihm sterben.
1161 3679 2434 3747 Doch Filippr überzeugt sich, daß sie mit dem Tode nur so spielt, wie mit
1159 3714 2432 3786 dem Lehen, daß das Leben selbst ihr als das Höchste erscheint. Und
1158 3760 2429 3833 mit Abscheu weist er sie zum zweiten Male von sich, er selbst aber leert
1144 3808 2434 3879 den Gifibecher. Beatrice kehrt in den Palast zurück, sucht ihr Ausbleiben
1151 3855 2423 3928 durch ein ganzes Lügengewebe zu erklären, wird aber schließlich von dem
1145 3920 2429 3972 Herzog gezwungen, ihm in den Palast Filippos, in dem sie ihren Schleier,
1148 3960 2424 4038 das kostbarste Hochzeitsgeschenk des Herzogs, zurückgelassen, zu führen.
1149 3993 2424 4082 Erschültert steht der Herzog an der Leiche des großen Dichters. Aber
1124 4042 2438 4136 während er selbst Beatrice verzeiht, wird sie von dem eigenen Bruder
