3484 4224
151 196 1103 307 15. Syivesternacht
455 539 624 616 1901
447 650 1245 727 Emil: Daß Ihre Freundin todt ist. Ich
393 714 1250 770 hätte eine solche Frau einmal sehen mögen; ich
389 766 1247 811 habe nicht geglaubt, daß es solche Frauen über¬
388 796 1244 851 haupt gibt. Sie sind ja Alle so bequem, so feig!
455 843 1083 902 Agathe: Beinah wie die Männer.
454 881 1256 951 Bmil: Ihre Geschichte hat mich sehr ergriffen,
400 931 1260 983 gnädige Frau — ja... Sie sind gewiß nur des¬
394 986 1263 1025 halb hierher gekommen und sind am Fenster stehen
402 1021 1259 1075 geblieben, um sich an diese Freundin und an ihr
402 1063 1167 1117 sonderbares Abenteuer erinnern zu können.
450 1105 1253 1169 Agathe: Nein. Wenn ich die Wahrheit sagen
400 1147 1262 1212 soll, ich hatte sie schon lang vergessen. Ich stehe
395 1207 1264 1258 hier am Fenster nur, weil die Luft mir wohlthut.
395 1237 1268 1306 Und dann — da ich weder tanze, noch Karten
394 1285 578 1342 spiele —
453 1307 1255 1371 Emil: Jedenfalls steht es fest: Auch Sie feiern
396 1369 1262 1427 Ihren Sylvester nicht an dem rechten Ort. Auch
400 1423 1243 1469 Sie sind nicht — wo Sie eigentlich sein möchten —
454 1453 1259 1513 Agathe (lachend): Was fällt Ihnen denn ein!
455 1502 1267 1552 Bmil: Und ich sage noch mehr: Sie wären
389 1546 1096 1612 mit ihm, wenn er nicht sehr fern wäre.
447 1588 978 1640 Agathe: Er? Welcher Er?
443 1627 1253 1693 Emil: Er mit dem Sie in dieser festlichen
390 1667 1189 1725 Stunde am liebsten zusammen sein möchten.
445 1724 1259 1786 Agathe: Sehr fern?... Nicht einmal — da
387 1760 1255 1810 drin sitzt er und spielt Whist mit Ihrem Papa
395 1809 818 1871 und Herrn Friedmann.
455 1845 1274 1928 Emil: Wieso? Entschuldigen Sie... das ist
397 1888 686 1966 ja Ihr Mann.
456 1940 824 2009 Agathe: Natürlich.
455 1991 782 2048 Bmil: Aber —!
457 2031 1250 2080 Agarhe: Nun ja; er ist's, mit dem ich Syl¬
403 2088 1258 2134 vester feiern möchte — und er spielt Whist mit
401 2121 1259 2172 Ihrem Papa und Herrn Friedmann. Uebrigens
404 2164 1270 2227 wäre er nicht sehr geschmeichelt, wenn er jetzt Ihr
398 2214 1272 2254 Gesicht sähe. Ich bin nicht so romantisch, wie
411 2254 1256 2303 Sie glauben — und wie meine todte Freundin war.
462 2302 1270 2346 Bmil: O gnädige Frau, ich durchschaue Sie
477 2339 1269 2397 Das ist einfach ein ehrenvoller Rückzug, nichts
405 2386 577 2438 anderes.
444 2409 1272 2481 Agathe: Sie irren sich sehr. Ich versichere
401 2470 1276 2514 Ihnen, daß es keinen Menschen auf der Welt
401 2513 1259 2575 gibt, der mir näher steht, als mein Mann — ja.
404 2565 1275 2616 Sehen Sie mich nicht so dumm an. Es ist nun
405 2598 1265 2645 einmal so. Ich sage Ihnen, wenn zwei Menschen
394 2649 1269 2706 nur überhaupt zusammen bleiben, so kommt immer
407 2691 1268 2745 eine Zeit, wo sie einander wieder finden. Und
393 2734 1274 2791 man verzeiht einander sehr viel, hauptsächlich weil
395 2778 1276 2838 es gar nichts Unverzeihliches gibt, wenn es nur
404 2827 613 2880 vorbei ist.
465 2857 1259 2926 Emik: Nun — warum sind Sie dann eigent¬
409 2910 1275 2971 lich so melancholisch am Fenster gestanden? Sie
402 2955 1279 3013 werden Ihr Fest eben um zwei Stunden später
405 3004 1279 3057 feiern, das ist Alles. Denn in zwei Stunden
405 3045 1276 3113 fahren Sie mit Ihrem Mann nach Hause. Ich
413 3086 975 3148 hingegen bin und bleibe allein.
466 3126 1276 3178 Agathe: Und doch ist Ihre Sylvesterfeier die
410 3185 1270 3237 schönere. Denn bei jedem Fest kommt es auf das
416 3220 1272 3271 Morgen an. Und darum gibt es nur Feste, so
398 3265 1078 3326 lung man auch morgen noch jung ist.
468 3311 1282 3367 Emil: Gnädige Frau, reden Sie doch nicht
405 3348 1268 3410 so — man kann Ihnen wirklich gar nicht zu¬
410 3408 1279 3450 hören. Sie reden vom Altwerden! Sie wissen
414 3440 1280 3494 ja gar nicht wie jung Sie sind. Während Sie
404 3500 1277 3549 die Geschichte Ihrer verstorbenen Freundin er¬
408 3528 973 3585 zählten — o gnädige Frau .
462 3574 1279 3638 Agathe (auf den Himmel weisend): Sie ver¬
400 3613 596 3678 gessen —
471 3645 1277 3725 Bmil: Nein, gnädige Frau; wenn Sie vom
407 3701 943 3762 Alter reden, das ist wirklich..
475 3746 1281 3799 Agathe: Koketterie — natürlich. Ja, ich weiß
418 3788 1278 3841 schon, wenn ich wollte — o gewiß, es kostete
411 3835 1287 3884 mich nicht viel Mühe, einen jungen Mann vom
403 3875 1283 3944 großen Bären herunterzuholen — vielleicht nur
403 3925 614 3985 ein Wort.
1282 184 1687 273 box 21/1
1526 537 1883 621 JUGEND
1967 1323 2032 1388 6488
2397 1574 2653 1749 27
2359 1854 2406 1908 4
1424 2354 1518 2431 W
1598 2381 1782 2453 2
1580 2441 1706 2513 S
1692 2732 1788 2823 W
1939 2700 2138 2822 10
2442 3204 2595 3296 WDer
1749 3373 1853 3433 U
2718 3522 2925 3654 en
1577 3485 1811 3716 R
1686 3637 1887 3731 200
2438 3685 2510 3738 84
2541 3837 2890 3913 Paul Rierh (Paris)
1888 3843 2221 3921 Musterehe
1507 3903 2527 3958 Wie leben Sie nun mit Ihrem Herrn Gemahl, Gnädige?
1508 3953 2745 4014 Sehr glücklich, wir treffen uns nur alljährlich auf den Redouten.
1627 4011 1731 4071 121
2768 529 2932 613 Nr. 8
