3484 4256
886 1321 976 1420 —
1267 48 1543 112 g
1130 96 2285 159 Mit diesem Werke ist Schnitzler aus dem gewohnten Kreise seiner
1023 145 2278 188 Dichtungen herausgetreten. Er bemüht sich hier nicht mehr um die
1023 204 2285 253 Darstellung von Gefühlen, die nur im Lichte des nämlichen Tages,
1018 233 2280 284 der sie gebracht, groß erscheinen und späterhin doch nur eine leise iro¬
1024 284 2295 342 nisch=wehe Erinnerungsstimmung erzeugen. Es handelt sich hier auch
1015 336 2300 393 nicht mehr um Menschen, die nur für die Zeit ihrer Gefühle und
1031 367 2303 433 durch diese besonderen Werth erhalten und, ist das Minuten= oder“
1028 414 2281 466 bestenfalls Monateschicksal ausgelebt, wie Wachskerzchen verlöschen. Im
1029 469 2291 510 „Schleier der Beatrice“ sind große Schicksale an innerlich bedeutenden
1027 506 2291 574 Menschen vorgezeigt, während in den meisten der früheren Werke Schnitzler's
1021 552 2292 608 große Schicksale kleine Menschen überkamen; nun mag diese Gegeneinander¬
2286 586 2336 662 e
1026 600 2294 661 stellung leicht äußerlich und doktrinär klingen, wie ja auch selbstverständlich
1025 648 2335 714 keine Werthung zwischen Dichtungen nach der Größe ihrer Helden oder deren ir
1033 699 2357 771 Schicksalen beabsichtigt ist. Allein gerade für Schnitzler bedeutet der „Schleier zus.
1027 736 2292 781 der Beatrice“ einen großen Schritt ins Freie hinaus. Das dichterische
1037 768 2382 826 Problem, das alle seine Stücke enthalten, ist hier nun einmal losgelöst das
1024 827 2388 893 vom kleinen Beiwerk wienerischer Art, am Menschen gezeigt, die edel den
939 842 1028 910 Abo
945 884 2297 943 4b6 Geschicke tragen. Dieses Problem aber scheint nür dies zu sen: In
1031 924 2408 980 jedem Menschen lebt die Sehnsucht, sein Schicksal zu erleben, und die
1018 977 2398 1043 daran, wie er es erlebt, und was mit ihm geschieht, wenn es vollstreckton¬
934 1023 2393 1083 Inl ist, mag man erkennen, wie viel Großes und Persönliches in ihm war. no“)
1006 1078 2388 1124 1Am dramatischen Dichter ist es non, den Charakter der Menschen zu eben
944 1106 2392 1160 wot zeigen in den Stunden, wo ihn das Schicksal überkommt. Das ist der ngen
1038 1149 2316 1229 Sinn der „Liebelei", des „Vermächtniß", vieler der kleinen, innigen
1053 1231 2319 1308 Novellen Schnitzler's. Noch nie ist jedoch das Dramatische in diesem
1064 1294 2314 1366 Problem so rein ausgeprägt gewesen wie im „Schleier der Beatrice.“
1152 1350 2311 1414 Das Stück spielt zu Bologna, im 16. Jahrhundert. Der
1054 1389 2325 1448 Herzog von Bentivoglio hat einen entscheidenden Kampf mit Borgia zu
1056 1434 2322 1488 fechten. Es ist die letzte Nacht. Filippo Loschi, ein Dichter, erlebt das
1052 1472 2325 1535 Geschick seines Lebens. Er hat Teresina geliebt, eine vornehme
1041 1535 2320 1598 Dame; allein die Liebe ist verklungen. Er weiß nichts mehr
1058 1580 2322 1648 von der Zeit, da diese Leidenschaft ihn füllte: er liebt eine
1051 1623 2312 1692 andere, Beatrice, ein sechzehnjähriges Kind. Drei Tage kennt er
1051 1659 2308 1739 sie, drei Tage gehört sie ihm. „Im Herbste fallen Blätter, im Früh¬
1052 1706 2312 1774 jahr sprießen andere!“ sagt er, als Einer ihn treulos nennt. In
1050 1755 2325 1827 jener letzten Nachi aber vor dem Morgen, da um Bologna gekämpft
1053 1805 2321 1878 werden soll, kommt Beatrice und weiß von einem Traum der letzten
1047 1853 2318 1921 Nacht zu erzählen. Der Herzog selbst sei im Traume ihr Gemahl ge¬
1042 1905 2310 1965 wesen. Da weist Filippo die Geliebte von sich. „So wenig warst Du
1051 1942 2317 1997 mein, daß, schlossest Du die Augen, Deine Seele auf Abenteuer aus¬
1042 1976 2318 2048 fliegen konnte und ich war Dir nur von Tausend Einer .. .“ Beatrice
1049 2035 2320 2100 geht, der Traum wird Wahrheit. Der Herzog nimmt Beatrice zum
1040 2083 2320 2131 Weibe, vom Hochzeitsfeste aber schleicht sie hinweg zu Filippo. Sie
1039 2117 2326 2169 will mit ihm sterben. Dann aber, als sie glaubt, das todtbringende
1055 2165 2311 2236 Gift getrunken zu haben, erfaßt sie die Lebenssehnsucht wieder: Sie will
1043 2223 2309 2278 nicht sterben, bevor sie ihr Schicksal vollendet, ihr Leben ausgetrunken hat.
1521 2244 1562 2295 —
1055 2261 2312 2321 Filippo, ein zweites Mal durch sie enttäuscht, tödtet sich, und Beatrice verläßt
1054 2315 2322 2392 ihn, kehrt zum Hof zurück. Doch sie hat den Schleier, den ihr der Herzog
1045 2354 2324 2430 gab, beim Todten zurückgelassen und den muß sie dann von der Leiche holen,
1038 2409 2311 2464 vom Gemahl begleitet. Das war die einzige Mögkichkeit, ihr Leben zu
1041 2453 2309 2516 retten; denn ihre Fluchr war entdeckt worden. Als sie nun mit dem
1048 2502 2310 2552 Gemahl an Filippo's Leiche steht, da löst sich alles in ihr, die Lebens¬
1055 2544 2312 2615 sehnsucht und die Todesfurcht. Der Eine starb um sie. Sie hatte ihn
1049 2595 2318 2645 um eines Anderen willen verrathen, und den wieder um ihn ... Der
1048 2631 1418 2705 Herzog sagt es ihr:
1227 2687 1983 2757 „Warst Du nicht, Beatrice, nur ein Kind,
1215 2748 2027 2816 Das mit der Krone spielte, weil sie glänzte,
1219 2793 2097 2859 Mit eines Dichters Seel', weil sie voll Räthsel, —
1209 2828 2030 2910 Mit eines Jünglings Herzen, weil's Dir just
1208 2892 2013 2949 Geschenkt war? Aber wir sind allzu streng
1207 2942 2032 2991 Und leiden's nicht, und jeder von uns wollte¬
1209 2965 2174 3056 Nicht nur das einz'ge Spielzeug sein — nein, mehr!
1214 3031 2080 3087 Die ganze Welt. So nannten wir Dein Thun,
1210 3070 2085 3143 Betrug und Frevel — und Du warst ein Kind.“
1157 3115 2309 3202 Die Todesfurcht aber ist für Beatrice vorbei. Was soll sie noch
1045 3184 2317 3259 erleben wollen? An einem Tage ist ihr das Sterben zweimal schon
1059 3242 2312 3303 nahe gewesen, da hatte sie den Tod von sich gewiesen. Denn das
1058 3286 2309 3350 Schicksal war ja noch nicht geschehen. Jetzt aber kann sie nichts mehr
1049 3335 2317 3399 ersehnen, der Dolch des Bruders, der sie um Filippo's Willen tödten
1052 3374 2308 3443 will, findet freien Weg zu ihr. Zwei Lebenswege sind zu Ende ge¬
1049 3424 2117 3482 schritten worden: „Er liebte sie, er starb, weil er sie liebte.
2190 3424 2306 3483 Die
1053 3471 2310 3531 Spanne Zeit, die sie ums Licht des Lebens noch geflattert, be¬
1058 3513 2318 3556 deutet jetzt nichts mehr. — Sie starb mit ihm. So ist sie hoch geehrt
1057 3563 2298 3612 vor allen Frauen.“ Der Morgen aber ist da, bringt den Kampf.
1060 3603 2317 3674 Das Leben geht weiter, ernent Schicksale und Leiden. Nur zwei
1055 3648 2316 3711 Menschen sind geschieden, da ihr Geschick vollstreckt war, und wie sie
1056 3697 2319 3772 sich in der Stunde ihrer letzten Lebenswende erwiesen haben —, große
1051 3739 1662 3803 Menschen, das zeigt die Dichtung.
1161 3780 2313 3836 Diese Notiz kann weder dem reichen Inhalt, noch der Anmuth
1043 3823 2315 3901 des Tons gerecht werden. Doch muß gerechter Weise gesagt werden, daß
1041 3877 2325 3946 dieses Schauspiel zum menschlich Echtesten gehört, was unserer Zeit an
1046 3930 1801 3996 Dichtungen hervorzubringen geschenkt war.
1154 3966 1304 4029 Wien.
1962 3955 2190 4047 W. Fred
