3436 4352
1890 245 2367 349 box 20/3
240 266 1738 360 14. Der Schleier der Beatrice
850 1017 2432 1081 Jugend; der Andre auf ein früh erwachtes Alter. Wer zuletzt lacht, lacht am
841 1080 1013 1136 besten.
962 1116 2418 1175 Martin Zickel stand neben Beiden: wagelustig und ernst, empfänglich so für
844 1158 2415 1207 neue Humore wie für neue Sehnsüchte. An ihn sich zu halten wird der Nach¬
840 1210 1429 1284 wuchs am gescheitesten thun.
1565 1271 1711 1365 VIII.
958 1347 2426 1411 Die Macht der Finsternis war eine sichere Nummer von der Freien Bühne
848 1397 2420 1466 her; Brahm spielte sie. Das Korrektiv für diesen Tolstoi scheint mir Ibsen. Was der
857 1463 2429 1497 alte Akim sagt, sind Ur=Grundsätze des Gewissens. In einer zerklüfteten, in einer
856 1487 2434 1556 Neues gebärenden Zeit so grundlegende und simple Dinge zu gestalten: darin liegt
850 1529 2436 1599 die Macht des Stücks. Für Westeuropa mit Ibsen hat es doch wohl keine Geltung.
850 1572 2422 1631 Im Beginn wird ein Mädchen verführt und verlassen. An diesem Seelenmord
853 1619 2439 1685 geht Tolstoi vorbei. Zwei wirkliche Morde macht er zur Hauptsache. Soll man
853 1663 2427 1718 uns predigen: zerquetscht keine kleinen Kinder, vergiftet keine Ehegatten? Man
846 1709 2438 1754 soll es nicht. Die Einfachheit eines gewissen Barbarentums mag zu bewundern
859 1753 2437 1816 sein. Rußland ist ein merkwürdiges Land an Klima, an Zurückgebliebenheit. Ibsen
851 1799 2433 1852 blickt wohl mit ethnologischen Augen auf dieses Stück. Ich kann mir nicht helfen:
857 1839 2433 1900 es ist recht schön primitiv zu sein; jes ist aber noch viel schöner, sehr differenziert
857 1892 1038 1962 zu sein.
1576 1940 1689 2029 IX.
964 2023 2422 2079 Also wir sahen Kleinbürger; wir sahen die neuen Gründungen; wir sahen
851 2067 2425 2120 den alten Naturalismus; wir sahen die Fremden: den einen von thönerner Größe,
850 2111 2432 2165 den andren von barbarischer Stumpfheit; wir sehen jetzt L. Fulda, der muntere,
849 2163 2437 2212 adäquate Verse macht. Er schrieb die erfolgreiche „Zwillingsschwester“, unter dem
852 2197 2428 2264 Flügelrauschen seines Vogels, der ein Kanari ist; sodaß er hinter Cajetan von
856 2243 2383 2300 Münch=Bellinghausen und dem falschen Spanierlustspiel nur wenig zurückbleibt.
973 2291 2433 2342 Stilisierten Ernst geben die Verse von Schnitzlers Beatrice. (Wegen der
861 2329 2441 2384 Verse die Nachbarschaft.) Die Dichtung spielt in Bologna, und wurde gespielt in
859 2371 2441 2420 Breslau; dort sah ich sie. Der Held ist ein Prüfer: mißtrauisch gegen alle
858 2417 2438 2469 Daseinswerte; eifersüchtig auf Träume der Geliebten. Ein Stück Lustmörder. Den
846 2469 2438 2531 Leib zu kosten sättigt sie nicht; sie schlitzen den Bauch auf, das Geheimnis heraus¬
852 2514 1052 2589 zuholen.
982 2553 2438 2608 Solche Köpfe, unglücklicher und feiner, braten an der eignen Fackel, mit der
854 2607 2438 2663 sie ableuchten. Der beste Standpunkt zu dem Fall scheint uns: „Lohnt es denn?“
860 2649 2229 2715 Man hat ihn allerdings nicht mittendrin, sondern vorher oder nachher.
979 2697 1345 2748 Meistens nachher.
985 2726 2429 2790 Hebbels Herodes, in einem der größten Liebesdramen aller Zeiten, ist so
858 2774 2438 2835 Einer, der grüblerisch lugt, ein gesteigertes Bewußtsein des Geliebtwerdens
858 2819 2440 2866 herbeizuführen; der eine Gewißheit möchte, über das Thatsächliche hinausgehend.
866 2863 2433 2918 Innige Qual, verlangende Grausamkeit, Verzweiflung sehnsüchtigen Mißtrauens,
864 2905 2440 2966 küssende Wut und nagende Wonne, untrennbare Gemeinschaft und ewige Fremd¬
857 2949 1688 3023 heit verschlingen sich. Er tötet die Frau.
986 2974 2429 3047 Schnitzlers Melancholiker tötet sich selbst. Und hier ist der dunkle Punkt.
868 3043 2432 3097 Man wird überrascht. Man fühlt nur ein Wollen des Dichters, nicht ein Müssen
865 3085 2433 3136 der Gestalt. Warum? schreit der Hörer. Schnitzler sagt: Aus Trauer im An¬
869 3128 2437 3201 blick der entgötterten Liebe. Aus sonstiger Enttäuschung. Aus Schuldgefühl auch.
864 3169 2055 3224 Endlich ist er Poet. Immerhin: der Tod bleibt ein Einfall.
1606 3266 1702 3334 X.
982 3316 2430 3388 Dem Helden gegenüber steht der zweite Held: ein Herzog. Der lebt in
868 3378 2441 3433 Thatkraft das volle Leben; verlangt nicht bohrend Unerreichbares. Dennoch ist er,
876 3425 1976 3484 der Eine wie der Andre, zuletzt getäuscht: von Beatrice.
992 3462 2427 3523 Der Eine wie der Andre ahnt die Worte Salomos: „Das Weib ist bitter.“
866 3521 2442 3572 Zugleich, das ist das Tragisch=Holde, bricht ihre Süße durch. Es giebt ja welche,
867 3560 2461 3628 die sind schön und hundeschnäuzig. Wissen nicht, wann sie lieben und wann sie
