3436 4320
1911 173 2389 267 box 20/5
273 182 1756 292 14. Der schleier der Beatrice
1745 545 2231 640 Telephon 12801.
1358 629 2595 711 Alex. Welgl’s Unternehmen für Zeitungs-Ausschnitte
1616 698 2535 828 „OBSERER“
2370 754 2657 861 Nr. 83
1254 847 2707 911 I. österr. behördl. conc. Bureau für Zeitungsberichte u. Personalnachrichten
1521 901 2442 987 Wien, I., Concondiaplatz 4.
1264 967 2703 1026 Vertretungen in Berlin, Budapest, Chicago, Genf, London, Newyork, Paris, itom,
1626 1018 2342 1088 Stockholm. Kristiania, St. Petersburg.
1260 1132 1765 1220 Ausschnitt aus:
1875 1220 2561 1343 Der Humorist, Wien
1253 1268 1727 1380 vom: #%
1513 1494 2345 1613 Leipziger Theaterbrief.
2277 1594 2589 1671 27. Mai 1903.
1471 1629 2617 1725 Gegensatze zu dem vorigen Berichtsabschnitte — meinen
1257 1693 2621 1773 rechtzeitig abgeschickte Uebersicht ist außerdem nicht einmal des Ab¬
1256 1730 2605 1820 druckes würdig befunden worden — ist der jetzige reicher an Be¬
1260 1784 2602 1856 gebenheiten. In der Oper wurde zur 90. Wiederkehr von Richard
1256 1837 2615 1922 Wagners Geburtstag „Siegfried“ in ausgezeichnet abgerundeter
1255 1860 2613 1974 Wiedergabe gespielt, in der sich besonders Herr Urlus als Titel¬
1255 1924 2629 2032 held auszeichnete. Des weiteren wäre ein mit großer Reklame
1247 1974 2613 2067 eingeleitetes Gastspiel des Frl. Destinn, von der beruner Hof¬
1243 2022 2627 2129 oper, zu erwähnen. Im Schauspiel ging ein einaktiges Lustspiel
1248 2100 2663 2186 „Hans Witt und seine Braut“ von Oskar Riecke zum erstenmale ge
1250 2123 2613 2207 in Szeue, ein harmloser dramatischer Scherz, der, von den Herren
1242 2186 2587 2269 Hahn und Schny sowie den Damen de Lalsky und
2599 2236 2700 2308 aus.
1250 2226 2592 2302 Goericke flott gespielt, ansprach. In der Operette feierte Zellers
1253 2269 2692 2369 „Obersteiger“ seine Auferstehung, freudig begrüßt von dem Publikum, ida¬
1239 2320 2589 2411 das die nunmehr fast vergessenen Melodien fast als neue empfand.
2582 2344 2701 2390 den
1358 2373 2605 2461 Ich habe bisher nur kurz referiert, da das Schauspielhaus
1245 2418 2702 2533 für sich das Hauptinteresse in Anspruch nahm, scheint es ja fast, die
1235 2490 2687 2563 als sollte dort vor Schluß der Saison noch einmal für den kom=on¬
1241 2505 2292 2590 menden Winter mit vollen Händen gesäet werden.
2568 2540 2688 2598 ug*)
2562 2577 2701 2635 liche
1361 2580 2692 2678 Hier waren vor allem die drei Gastspiele Sarah Bernhardts uit¬
1240 2591 2590 2701 sensationell, die zum erstenmale in Leipzig auftrat. Natürlich waren
1243 2668 2592 2748 trotz der hohen Preise fast ausverkaufte Häuser und ein Jubel
1236 2707 2593 2814 sondergleichen; die Künstlerin kann mit ihrer Aufnahme recht zu¬
1232 2762 1504 2829 frieden sein.
1351 2816 2596 2918 Ich bin der Ansicht, daß trotz der nicht zu verneinenden
1237 2857 2594 2951 Kunst die Aufnahme im umgekehrten Falle in Frankreich eine andere?
1223 2919 2582 3012 gewesen sein würde. Als Kameliendame, Phädra und Frou=Fron,
1224 2955 2593 3066 die ja mehr oder weniger aus deutschen Bearbeitungen genügends
1232 3006 2598 3105 bekannt sind und deshalb auch leicht verständlich waren, erzielte
1223 3051 2595 3161 sie ganz hervorragende Erfolge und so war in dieser Hinsicht ihrs
1219 3118 2424 3187 Spiel auch leicht mit anderen Darbietungen zu vergleichen.
1341 3164 2582 3259 Eine Novität war Arthur Schnitzlers „Der Schleier der
1216 3204 2577 3301 Beatrice“, bei dem der hervorragendste Moment wohl die gänzliche
1214 3260 2580 3355 Abkehr Schnitzlers von seinem früheren Programm ist, der auch
1221 3304 2575 3403 hier wie die meisten anderen der Moderne das alte Dogma des¬
1223 3343 2577 3444 Sozialismus und Naturalismus 2c. verlassen hat, und dafür der
1219 3397 2571 3492 Phantasie, leider hier zu wenig gezügelt, vollen Spielraum gibt.;
1222 3459 2574 3534 Neben einer überstürzten, unglaublichen Handlung drei Tote, das
1217 3482 1861 3574 ist für die Jetztzeit etwas viel.
1333 3558 2566 3650 Gespielt wurde gut und so errang das Schauspiel einen
1208 3589 1613 3665 mittleren Erfolg
1607 3612 2565 3701 Frl. Irene Triesch (Veatrice) und Herr
1213 3652 2565 3752 Mauren (Herzog), beide noch nicht in Leipzig bekannt, boten
1206 3701 2561 3797 durch geschicktes und temperamentvolles Spiel eine gute Leistung,
1200 3749 2558 3841 desgleichen wurde Herr Grevenberg der schwierigen Rolle des
1212 3795 2570 3884 Loschi gerecht. Die Herren Vollmer (Francesco), Mehnert
1216 3834 2552 3948 (Manussi), Eggeling (Fantuzzi) und die vielen anderen Ver¬
1198 3898 2562 3988 treter und Vertreterinnen des großen Personenverzeichnisses unter¬
1204 3938 2220 4024 stützten die Gesamtdarstellung nach besten Kräften.
1315 3992 2552 4086 Eine weitere Novität war „Die heilige Familie“, Schauspiel
1199 4060 2557 4131 von Frau v. Lenor. „Die heilige Familie“ ist eigentlich keine
1200 4086 2549 4182 fromme Familie, denn es geschieht da manches, wenn nicht vieles,
1194 4134 2352 4209 was man nicht mit christlich bezeichnen kann, vielmehr
