3248 4256
1950 170 2379 270 box 20/1
291 172 1819 284 14: Der Schleier der Beatrice
864 1119 1121 1197 ——
172 1169 3167 1240 Direktionsjahre Laubes Iu Zwecken einer bis nach Deutschland hinaus nachhallende Wirkung übte. Es richtung einer kritisch=ästhetischen Zensur vor Schaden bewahrt
168 1215 2918 1292 keitsvorstellung war ein Stückchen geschrieben war die Plauderei „Mit der Feder“. Der Autor, der die werden. Für den müßte er allein aufkommen.
176 1271 2106 1332 kleines historisches Genrebild, dessen Hauptrollen Kleinigkeit auf einen momentanen Einfall hin zu Papier!
2154 1282 3157 1368 Nicht blos in der „Papierform“ hält sich, sondern
168 1308 2098 1381 ttich und die Gabillon bestimmt waren, gebracht hatte, ließ sie über ein Jahr lang unter Verschluß
156 1359 3158 1441 re eine sogenannte Hosenrolle. Laube las das liegen und war über Werth oder Unwerth derselben so wenig reellste, handgreiflichste, brutalste Wirklichkeit ist und bleibt
2077 1404 3161 1460 die Zensur — mit wechselnden „Vororten“, wo sie ihre
159 1412 2096 1470 und gab dem Verfasser sein Urtheil in knappster im Klaren, daß er ihr, als sie dann doch zu Laube hin¬
1024 1452 3166 1521 wanderte, die Einbegleitung mitgab: „Wenn Sie, ver jeweiligen Machtkonzentrirungen in Aktion treten läßt. Der
158 1461 1030 1534 gkeit: „Langweilig bis zum Exzeß, nicht zu
163 1527 3159 1575 Der Verfasser las es bei Julie Rettich vor, ehrter Herr Direktor, das Stückchen für brauchbar er=momentane „Vorort“ ist Berlin, die Metropole der
2503 1546 3155 1608 es wird gebeten, nicht umgekehrt
158 1557 2464 1612 es Gemals Spruch lautete: „Unaufführbar, weil klären, werde ich es Ihnen ebenso glauben, wie wenn „Intelligenz=Zensur“
168 1604 3160 1664 sdramatisch.“ Zerline Gabillon's scharse Auf= Sie es miserabel finden, denn ich habe absolut „Zensur= Intelligenz“ zu lesen. Die Stettiner Rede
1019 1645 3154 1712 kein Urtheil darüber.“ Worauf Laube replizirte: „Mir geht Kaiser Wilhelm's hat da offenbar ein Miß¬
155 1637 1038 1716 nd noch kräftigere Akzente: „Lieber Freund, das hält
1020 1675 3166 1745 es mit dem kleinen Lustspiele gerade so wie Ihnen, lieber verständniß hervorgerufen, die Berliner Zensoren haben
153 1700 1040 1763 um aus.“ Das Manuskript wanderte also in die
1023 1732 3154 1800 Freund, ich kenne mich auch darin nicht aus. Ich nehme es das „Keinen Pardon geben!“ aus der Ferne auf¬
151 1756 1030 1817 ade und blieb dort über Jahr und Tag liegen,
1029 1772 3164 1845 jedenfalls und werde trachten, es bei Gelegenheit aufs geschnappt und, ohne den Zusammenhang zu kennen,
155 1797 1038 1857 Drang und Zwang einer Wohlthätigkeitsvorstellung
2080 1839 3160 1891 als an ihre Adresse gerichtet aufgefaßt. Und seitdem wüthen
1027 1833 2096 1897 Theater zu bringen.“ Diese Gelegenheit ließ beinahe zwei
153 1839 1040 1906 inen Versuch damit wagen ließ. Baron Münch
2080 1883 3164 1939 sie faktisch unter den Autoren, als hätten sie es mit drama¬
1025 1887 2091 1940 Jahre auf sich warten, während welcher Zeit Laube nur
153 1892 1036 1956 hen als General=Intendant an Laube's Stelle
156 1935 3162 1996 d der hatte über den Einakter zu urtheilen. Ihm ein einzigesmal ernstlich daran wollte, um mit Lewinsky,tischen Boxers zu thun. Kaum sind „Die strengen
1022 1971 3164 2042 der damals in seinen frappirenden Anfängen war, als —[Herrein“ von Blumenthal=Kadelburg ihren
160 1989 1043 2053 kleine Arbeit interessant, nur substituirte er für
2084 2027 3157 2087 [Streichen — das heißt, ihrem Streichen — erlegen,
1023 2024 2096 2094 schüchtern=verwegenen Liebhaber zu experimentiren! Bei
154 2030 1042 2088 che Hosenrolle einen männlichen Darsteller. So
1029 2072 3163 2144 näherer Ueberlegung wollte man es jedoch darauf nicht an-wird dem „Ausflug ins Sittliche“, den Georg
156 2073 1054 2148 Peseprobe. Der Eindruck auf die zur Mitwirkung
2080 2112 3167 2176 [Engels unternehmen will, der Weg verlegt und
156 2120 2097 2196 Schauspieler war da der gleiche, wie zu Laube's kommen lassen und so wurde weiter gewartet, bis die
2068 2157 3163 2237 der Verfasser des „Probekandidat“ muß es
1022 2163 1972 2227 treibende Gelegenheit doch endlich eines Abends kam.
152 2178 1035 2231 geradezu lähmender — man wollte dem Autor
2078 2200 3165 2259 mit dem Verbot eines neuen Einakters büßen,
1102 2195 2086 2273 Moral: Ueber die Theaterfähigkeit und theatralische
155 2225 1042 2282 klich rathen, die kleine Mißgeburt zurückzuziehen,
2167 2243 3173 2319 sein Lustspielmuthwillen Berlin als die Stätte
1032 2247 2194 2332 Wirksamkeit eines Stückes gibt es keine andere sichere daß
154 2274 1034 2327 Flatante Niederlage zu ersparen. Aber die Zeit war
1038 2311 3169 2372 Prophezeiung, als die der Phropheten nach rückwärts —der freien Meinungsäußerung ironisirt hat. Das
156 2324 1035 2383 die geplante Vorstellung konnte nicht verschoben
1037 2369 3160 2410 wenn es sich durch die Theateraufführung erprobt hat, dann Alles aber geschieht bereits im Zeichen der „Sachverständigen¬
156 2366 1043 2423 nd so ließ man den Dingen in Gottes Namen
2081 2404 3165 2460 Kommission des Goethe=Bundes“, die natürlich auch schon in
1026 2400 2095 2464 läßt sich sehr scharfsinnig und geistreich beweisen, daß die
175 2407 1043 2463 Die erste, die zweite, die dritte Bühnenprobe
2079 2445 3156 2509 Verbindung mit den Sach un verständigkeiten der Zensur
1037 2452 2091 2509 Wirkung vorauszusehen war, ebenso wie die Dur hfallsnoth¬
158 2466 1030 2520 in der gleichen trostiosen Stimmung. Mitten in der
1035 2482 3166 2560 wendigkeit, wenn der Durchfall schon geschehen ist. Für gebracht wird. Daß die üblen Prophezeiungen einer
137 2502 1035 2576 obe erhebt sich plötzlich August Förster, der die
1037 2541 3160 2604 Stücke von schwankender Werthbestimmung das richtige Kompromittirung des Goethe=Bundes sich so rasch ver¬
147 2551 1041 2629 te, vom Sitze und sagt: „Kinder, mit dem Stück¬
2082 2566 3170 2642 wirklichen werden, daß die Polizei sich so beeilen werde, ihre
1032 2586 2090 2646 Horoskop stellen, dafür reicht keine. Direktions=Astrologie aus.
151 2596 1038 2676 wir uns gründlich, es wird einen starken Erfolg
1024 2636 3166 2692 Das gibt wohl jeder Direktor von Einsicht und Beruf selbst neuesten Gehilfen so geschwinde bloßzustellen, hätte man denn
139 2637 683 2711 nd den hatte esfrichtig.
1035 2680 3155 2747 zu. Mit einem Wort, auch das Durchfallsrecht sollte den doch nicht gedacht. Der „mildernde, klärende und weg¬
151 2670 1041 2752 s Aehnliches, gleichfalls aus der eigenen Erfahrung
2085 2720 3162 2788 weiserische Einfluß“ der „literarischen Sachverständigen“ hat
1040 2734 2090 2794 wirklichen dramatischen Autoren nicht verkürzt werden dürfen,
155 2739 1039 2803 ffalls aus der Direktion Laube, dessen Gedächtniß
2089 2775 3165 2831 mit Treibhausschnelligkeit kuriose Früchte gezeitigt. Soll man
1028 2781 2094 2838 nicht einmal aus der wohlwollenden Absicht eines bevor¬
150 2794 1041 2852 er wiederholt angerufen wird, weil sein Theater¬
2077 2809 3164 2877 sie an diesen erkennen? Die „Papierform“ der neuen
1035 2813 2100 2895 mundenden Schutzes vor Niederlagen. Wenn dem Theater¬
148 2830 1039 2900 gewiß ein unanzweifelbarer war. Wiederum handelt
154 2901 3172 2938 r um einen Einakter, der aber durch die Glanz= betriebe selbst kein allzugroßes Opfer damit auferlegt wird, Zensur-Institution mit der gefälschen Goethe=Marke hat sich
2967 2912 3172 3002 S. S.
164 2931 2519 3009 Sonnenthal's und der Gabillon eine sollte der Autor von Bedeutung durch keinerlei Schutzvor=glorreich bewährt ...!
