3436 4448
1953 164 2414 252 box 20/4
297 152 1816 263 14: Der Schleier der Beatrice
1506 468 1965 554 Telephon 12801.
1129 554 2357 656 Alex. Weigl’s Unternehmen für Zeitungs-Ausschnitte
2137 616 2356 686 Ausschnitt
2181 681 2440 769 Nr. 20
1064 644 2096 790 Nel0g „OBSERYER“
1031 752 2464 831 L. österr. behördl. conc. Bureau für Zeitungsberichte u. Personalnachrichten
1250 833 2260 901 Wien, IX/1, Türkenstrasse 17.
1433 888 2075 970 Filiale in Budapest: „Figyelö“ -
1038 936 2469 1038 Vertretungen in Berlin, Chicago, Genf, London, Newyork, Paris, Rom, Stockholm.
1033 1098 1578 1187 Ausschnitt aus:
1915 1117 2464 1258 ei Bönsus-ZRiiend
1039 1247 1611 1323 vom: 02 0
1392 1522 2043 1598 Kunst und Wissenschaft.
1283 1574 2193 1643 = Im Deutschen Theater ist gestern Abend
1213 1597 2197 1689 AArthur Schnitzlers fünfactiges Versschauspiel
1229 1671 2196 1707 „Der Schleier der Beatrice“ aufgeführt worden.
1224 1698 2205 1769 Es wurde sehr leut geklatscht und sehr deutlich gezischt.
1232 1734 2196 1792 Und Beides, unseres Erachtens, mit Recht. Die
1222 1782 2192 1847 Klatscher erkannten an, daß auch hinter diesem ver¬
1218 1823 2187 1883 unglückten Werk ein feiner Dichter und ein kluger
1228 1858 2195 1932 Philosoph stand, die Zischer ärgerten sich mit Recht,
1224 1898 2187 1982 daß dieser Philosoph es nöthig fand, um eine kleine,
1223 1937 1973 2001 seine Idee so heroischen Lärm zu schlagen.
1280 1971 2205 2059 Zunächst aber sei der äußerst ungeheuerliche Inhalt des —
1029 2013 1162 2076 Für
1165 2001 2465 2099 50 Stückes ganz aetenmäßig geschildert; der Leser möge —] inelusive
2270 2055 2440 2100 Porto.
1162 2054 2220 2121 100 sich dazu mit Geduld wagnnen. Also: Die Geschichte —
2257 2090 2451 2141 Zahlbar
1155 2097 2197 2161 20 spielt in Bologna so um 1500 herum. Die Stadt wird —
1158 2137 2479 2209 50 gerade von Ceiar Vorgia belagert. Filippo Loschi, —— im Voraus.
1094 2183 2502 2252 " 100 von dem uns erzählt wird, er sei ein hinreißender sschnitte ist das
1178 2222 2498 2294 1 Dichter, ist mit Teresina Fantuzzi verlobt. Da juch steht es den
1055 2261 2382 2346 Abonnere# aber auf einem Volksfest die schöne Beatrice zu ändern.
1231 2293 2164 2346 Nardi kennen lerut, beginnt er mit dieser ein Techtel¬
1053 2305 1234 2368 Abonner
1220 2339 2506 2403 mechtel und läßt die Teresina laufen. Aber auch mit ig enthaltend die
1223 2375 2497 2448 Veatrice dauert es nicht lange; sie erzählt ihm (hier ger Morgen¬
2453 2438 2503 2485 9
1228 2417 2471 2493 begmnt das Stück), sie habe von dem Herzog völl Wiener Zeitung“
1052 2421 1221 2477 Inhalts
1239 2449 2521 2540 Bologna etwas allzu lebhaft geträumt, er wird darüber, wirthschaftliche
1065 2469 1222 2519 blätt
1239 2488 2166 2556 böse und jagt sie fort. Sie geht nach Hause und ver¬
1063 2510 1227 2556 wodure
2160 2516 2500 2577 wird. Diese Mit¬
1229 2530 2164 2596 lobt sich sofort mit dem bedauernswerthen Viktorino.
1068 2541 1220 2594 Leben
1226 2567 2172 2640 Auf dem Wege zur Kirche begegnet dem Brautpaar
1058 2581 1212 2647 theilun
1234 2608 2173 2673 der eben erwähnte Herzog von Bologna. Selbstver¬
1224 2650 2181 2702 ständlich redet der Herzog die Braut, die er noch gar nicht.
1220 2689 2171 2756 kannte, gleich an und bittet sie, sie möge doch einmal
1232 2727 2181 2786 einen Augenblick mit ihm ins Schloß kommen. Die
1221 2770 2172 2823 sittige Braut antwortet: „Nicht zu machen; pur
1224 2808 2170 2869 wenn mich Ew. Durchlaucht heirathen wollen, hätte
1222 2846 2175 2926 ich nichts dagegen.“ Und richtig, der Herzog
1217 2888 2176 2946 erklärt, er werde sie heirathen, sie sinkt ihm:
1212 2930 2167 2992 (er ist bereits Nummer Drei an einem Tage) wonne¬
1221 2963 2169 3030 schauernd in die Arme, und Vittorino bringt in
1213 3002 2161 3066 einer Ecke sich um. Zu der Hochzeit, die noch am
1219 3041 2157 3096 selben Abend stattfindet, lädt der Herzog sämmt¬
1215 3086 2162 3143 liche öffentliche Dirnen Bolognas ein; nicht etwa
1217 3126 2167 3186 aus Selbstironie, das wäre ein dichterischer Zug,
1207 3165 2158 3213 sondern nur damit ein malerisch bewegter vierter
1215 3205 2161 3262 Act zu Stande kommt. Beatrice aber schleicht sich von
1213 3248 2157 3301 diesem Feste weg und kehrt noch einmal zu Nummer
1209 3284 2155 3336 Eins, zu ihrem Filippo, zurück. Der hat unterdessen
1203 3323 2150 3381 ganz friedlich mit zwei anderen Damen poculirt. Als
1205 3346 2162 3405 Beatrice kommt, wird er pathetisch, hält eine längere
1205 3398 2151 3450 Rede über den Werth des Lebens und die Nachtheile
1207 3440 2155 3496 des Sterbens und versucht darauf, einen kleinen Doppel¬
1198 3468 2150 3536 selbstmord zu arrangiren. Dieses Experiment miß¬
1208 3505 2151 3576 lingt aber insofern, als nur er dabei umkommt,
1208 3550 2156 3609 während Beatrice am Leben bleibt. Sie geht
1204 3586 1426 3637 dann in
1433 3588 2146 3642 aller Gemächlichkeit zur Hochzeit
1196 3631 2148 3688 zurück, wo der Herzog sie fragt, wo sie ihren
1195 3671 2147 3728 Schleier gelassen habe. Nach langem Sträuben
1198 3697 2144 3762 will sie ihn dorthin führen, wo der Schleier liegt.
1192 3737 2142 3808 Man begiebt sich in Filippos Gemach, wo es natürlich
1196 3786 2145 3850 zu erregten Scenen kommt. Der Herzog hält viel
1192 3813 2149 3892 schöne Reden und Beatrice wird endlich von ihrem
1192 3869 1718 3916 Bruder Francesco erstochen.
1238 3908 2136 3963 Uff! Und dabei haben wir nur die leitende Handlung
1191 3943 2140 4006 erzählt. Darum herum ranken sich noch zahllose Episoden
1199 3980 2146 4051 politischer oder erotischer Natur; indisserente Neben¬
1200 4027 2084 4071 personen kommen und gehen oder bringen sich um.
1231 4067 2137 4104 Das, worauf es dem Dichter inmitten dieses Wirr¬
1197 4091 2143 4157 warrs ankam, ist das Wesen dieser Beatrice, die
1195 4125 2131 4184 harmlos und auch schuldlos über Leichen wandelt, von einer
