3484 4448
268 183 1768 280 14 Der Schleiender Beatrice
682 1538 896 1644 geh
898 1572 1633 1681 Unterbaltungsblatt.
736 1652 1850 1732 * Deutsches Theater. Des italienischen Dichters Ga¬
630 1670 1839 1776 (briel d' Azogno Trauerspiel „Francesca da Rimini“,
635 1734 1837 1820 welches uns gelegentlich des letzten Duse'schen Gastspiels im
642 1792 1839 1858 Lessing=Theater vorgeführt wurde, ist auch, wie Schnitzler's
653 1827 1843 1902 „Schleier der Beatrice“, ein großes Kulturgemälde
649 1875 1846 1951 italienischer Renaissance, verflochten mit einer Liebestragödie auf
640 1911 1837 1993 engerem Boden. Aber der Italiener, im Besitze seines nationalen
640 1971 1841 2041 Stoffes, hält die dramatischen Zügel straffer, als es dem phan¬
651 2006 1841 2081 tasiereichen Wiener Dichter gelungen ist. Die schwärmerische
637 2050 1842 2123 Liebe Filippo's zu der sirenenhaft berückenden Beatrice, der
640 2084 1839 2173 jüngeren von zwei Töchtern eines halb verrückten Wappen¬
646 2135 1833 2214 schneiders in Bologna, hat schon ein tragisches Verhängnis er¬
641 2196 1835 2253 zeugt, bevor das Stück beginnt. Um Beatricens willen hat
635 2219 1836 2296 Filippo ein anderes Mädchen, dem sein Herz gehörte. fallen
646 2272 1834 2339 lassen, und der Schmerz über diese Schmach hat der Unglück¬
635 2328 1831 2379 lichen die Sprache geraubt. Aber am Schluß des ersten Aktes
645 2357 1838 2410 ist der etwas hamletartige Filippo, der gefeierte Sänger
639 2395 1831 2470 Bolognas, auch schon mit der angebeteten Beatrice fertig, weil
644 2444 1831 2513 er sie ibrer naiv=sinnlichen Flatterhaftigkeit nach nicht mehr für
633 2479 1834 2562 würdig genug hält, mit ihm fürderhin durch das Leben zu
633 2526 1824 2604 schreiten. Einen Ersatz für den Verlust der schönen Beatrice,
634 2579 1831 2637 welche den skrupulösen Liebhaber garnicht zu begreifen vermag,
645 2615 1827 2686 findet Filippo alsdann sofort im bacchanalischen Verkehr mit
632 2665 1835 2725 einigen Courtisanen aus Florenz, die dem allverehrten
640 2695 1834 2776 Poeten zu Gefallen sich von ihren Kavalieren losgesagt haben.
640 2737 1828 2820 Aber schal und ekel bleibt dem sonderbaren und zur Ueppigkeit
633 2796 1842 2871 neigenden Sänger doch das Leben. Der Herzog verlangt nach
632 2819 1842 2889 ihm, dem bewunderten Dichter und Freunde, aber der Bote
640 2879 1837 2959 kommt resuliatlos zurück. Filippo kommt nicht mehr an den
630 2917 1833 2997 Hof und will nicht mehr dichten, und am Schluß des
626 2960 1842 3046 dritten Aktes, nachdem Beatrice mittlerweile als rasch
634 3009 1833 3071 avancierte Braut des Herzogs heimlich sich vom Hochzeits¬
626 3059 1836 3122 feste entfernt hat und naiverweise wieder bei ihm erschienen.
636 3083 1828 3155 ist, um ihn zu versöhnen, bereitet er der Unglücklichen das
635 3138 1831 3212 grauenhafte Schauspiel des Abschieds vom Leben für immer.
624 3175 1833 3253 Er hat Beatrice also doch geliebt und die Trennung nicht
636 3238 1837 3294 ## binden können. Und wie Filippo ein Opfer der von dem
1925 179 2360 267 box 20/4
1872 1573 3064 1675 Antor als ein ganz eigenartiges kindlich berücklmdes,
1870 1636 2374 1702 naiv=dämonisches Wesen
2389 1648 2861 1711 gezeichneten Beatrice
2942 1657 3068 1711 so
1851 1682 2233 1737 #ar es schon
2243 1690 2366 1745 vor
2360 1683 3064 1759 ihm der von der Feimilie
1858 1722 3063 1796 und namentlich vom sorglichen Bruder ihr bestiimmte
1855 1760 3061 1838 bürgerliche Bräutigam Vittorino, den sie auf dem Gamje zur
1854 1824 3063 1886 Tranung verläßt, um der Werbung des Herzogs zu Holgen,
1856 1858 3065 1926 der die schöne Beatrice gewillt ist, am Tage vor dem weraus¬
1860 1893 3061 1974 sichtlichen Untergange seiner eigenen Herrlichkeit zur (Hattin
1857 1947 3054 2013 und Herzogin zu erheben. Das tragische. Schicksal dieser
1854 1996 3058 2059 Bologneserin wurde bereits berührt, auch die äußerst anz'hende
1849 2042 3067 2086 Darstellung des Frl. Irene Triesa,, die nur stellesweise
1850 2072 3055 2124 den Ton der Rede im Drange ihrer subtilen Empfind ungen
1847 2116 3067 2170 bis zur Unverständlichkeit verfeinerte und dadurch das  Rätsel
1857 2169 3064 2233 des Charakters noch geheimnisvoller machte. Herr Rit##er
1851 2209 3065 2275 gab dem Filippo andrerseits die angenehmste Klarheit, nur
1846 2247 3054 2311 nicht zugleich den erforderlichen poetisch=schwärmerischen Zug.
1850 2290 3067 2351 Herr Kayßler, als Herzog, gab dem Gewalthaber Boldgna's
1848 2343 3065 2403 den vollen markigen und gebieterischen Ausdruck. Als vierte
1847 2381 3065 2454 der Hauptrollen macht sich Andrea, der Bruder von Fili)ppo's
1842 2431 3054 2499 verlassener Teresina geltend. Sie lag bei Herrn Sommiers¬
1845 2468 3050 2539 torff in den besten Händen. In der verwirrenden 9enge
1847 2520 3052 2582 von 40 Trägern des Dramas traten dann nur noch die Mit¬
1855 2554 3047 2628 glieder der Familie Nardi's des Wappenschneiders, in schüfrferer
1844 2598 2368 2657 individueller Weise entgegt
2385 2610 3054 2671 und das Elternpaar Beatricen's
1843 2643 3048 2719 sowohl, wie deren Geschwist wurden von Haus Fischer„Frau
1848 2687 3050 2752 von Pöllnitz, Luise Dumont und Herrn Basser¬
1853 2722 3067 2819 mann vorzüglich gespielt. Der schwierigen Inszenierlingdist
1837 2754 2520 2833 die größte Sorgfalt nachzurühmen.
