3248 4256
1983 203 2435 296 box 20//2
315 201 1830 295 14. Der Schlefer der heatrige
2272 436 2668 507 Telefon 12801.
1807 532 3148 615 Alex. Weigl's Unternehmen für Zeitungs-Ausschnitte
2832 591 3017 645 Ausschnltt
1759 631 1891 715 1
2146 616 3139 752 „OBSERVER“ Nr. 34
1756 736 3204 817 I. österr. behördl. conc. Bureau für Zeitungsberichte u. Personalnachrichten
1928 817 3038 896 Wien, IX/, Türkenstrasse 17.
2152 902 2873 983 Filiale in Budapest: „Figyeló“ —
1885 962 3193 1046 #ingen in Berlin, Chicago, Genf, London, Newyork, Paris, Rom, Stockholm.
919 1061 1332 1126 Telefon 12801.
1882 1059 2984 1191 schnitt aus: Mustr. Wiener Extrabiah
449 1145 1804 1236 Alex. Weigl's Unternehmen für Zeitungs-Ausschnitte
1474 1206 1651 1267 Ausschnitt
2149 1221 2405 1333 (000.
1487 1238 1782 1347 Nr. 37
785 1223 1443 1370 „OBSERVER“
333 1237 596 1383 9106
382 1347 1849 1435 I. österr. behördl. conc. Bureau für Zeitungsberichte u. Personalnachrichten
2303 1371 2772 1473 Theaterzeitung.
582 1423 1679 1529 Wien, IX Türkenstrasse 17.
2048 1459 2902 1564 „Der Schleier der Beatrice“
798 1521 1465 1600 Filiale in Budapest: „Figyelé“ —
2279 1523 2800 1602 von Arthur Schnitzler.
2458 1569 3033 1625 December. (Privat=De¬
2130 1568 2382 1639 Breslau,
411 1570 1846 1686 Vertretungen in Berlin, Chicago, Genf, London, Newyork, Paris, Rom, Stockholm.
2020 1612 3036 1670 pesche.] Das vielbesprochene Drama wurde heute am
2023 1652 3042 1713 hiesigen Theater zum ersten Male aufgeführt. Die
2029 1689 3038 1747 Handlung spielt in der Stadt Bologna im Anfange
389 1658 1613 1804 Ausschnitt aus: Beciier Bersencoufer
2030 1727 3042 1785 des XVI. Jahrhunderts. Im ersten Acte erfährt der
2033 1765 3047 1815 Dichter Philippo, daß der Herzog von Bologna
2123 1809 3033 1863 tlich in die Stadt gelangt ist, die von Cesare
2627 1838 3044 1902 1 Philipvo kommt
2133 1851 2612 1904 gia belagert wird. 3
2144 1879 3031 1940 rice, die 16jährige, courtisanenhafte Tochter des
420 1794 918 1974 vom 2
2146 1936 3040 1976 venschneiders Nardi. Die Beiden lieben sich,
2145 1957 3039 2019 ppo will mit ihr flieben; sie willigt ein.
2039 1992 3033 2048 Bevor es zur Flucht kommt, erzählt sie ihm, daß sie
2036 2042 3032 2100 im Traume dem Herzog angehört habe. Philippo
1907 2052 2040 2128 50 Zei
2044 2081 3185 2126 verstößt sie deswegen und läßt sich aus Trotz mit nelusive
1902 2115 1995 2161 100
2036 2113 3170 2178 der Courtisane Lucretia ein. Der zweite Act führt Porto.
2032 2140 3180 2202 uns in eine Straße Bologna's. Wir sehen das auf= Zahlbar
672 2143 1674 2263 Ein Telegramm aus Breslau berichtet nne##
2032 2183 3209 2243 geregte Volk. Der Herzog ist abermals in der j Voraus.
1896 2230 2009 2290 000
2028 2221 3044 2289 belagerten Stadt. Francesco, der Bruder Beatrices,
622 2196 1688 2317 Kethur Schnitzler's neues Stück „Der Schleier!
2003 2273 3238 2331 E will seine Schwester vor dem gänzlichen Verderbene ist das
624 2248 1693 2364 der Berenice“, ein Mzarres, kühnes Renaiffance¬
1897 2276 1992 2342 Im
2044 2320 3238 2367 retten, das ihr droht, wenn Boloana von Borgia, ht es den
1898 2324 2034 2380 ement
634 2298 1690 2416 Drama von oft grankösem Wurf, wurde im Lobe¬
1898 2341 3073 2415 enten t der sie belagert, genommen wird. Zu diesem Zwecke 1.
632 2346 1699 2461 theater zuerst mit Jubel, dann aber trotz der An¬
2039 2378 3045 2436 will er sie mit Vittorino verheiraten, der sie seit
625 2379 1691 2491 wesenheit des Dichters, mit immer stärker anwachsender
2040 2423 3050 2480 Langem liebt. Gleichgiltig willigt sie ein und der
626 2422 1693 2532 Opposition aufgenommen, da die Darstellung der
1900 2429 3239 2520 Der „ Hochzeitszug setzt sich in Bewegung. Unterwegs be= Altend die
2290 2478 3256 2557 dem Herzog. Von ihrer Schön=Jorgen¬
1896 2491 2043 2555 tsanga
638 2466 1705 2587 weiblichen Hauptrolle der gewaltigen Aufgabe nicht
2038 2509 2299 2561 gegnet er
2060 2512 3230 2589 heit überrascht, will sie der Herzog unbe= Zeitung*)
1904 2535 2056 2593 ter (
635 2569 842 2646 genügte.
1901 2561 3236 2618 ch eine kümmert mitnehmen und Beatrice willigt ein, che Leben
1892 2588 3254 2661 n- und wenn er sie zu seiner Gattin macht. Zuerst überrascht theilungen
884 2604 1428 2691 Bezugs-Bedingungen:
1910 2646 3044 2701 a in W und verblüfft, sagt dies der Herzog zu; Vittorino
2738 2687 3050 2736 uns abermals
455 2665 1592 2747 Für 50 Zeitungsausschnitte (Artikel oder Notizen). Kr. 15.—
2040 2688 2738 2748 ersticht sich. Der dritte Act führt
1479 2671 1834 2778 28 — inelusire
1662 2732 1814 2781 Porto.
2051 2733 3051 2781 in Philippos Zimmer. Lucretia will bei ihm
550 2732 644 2784 100
1476 2752 1598 2806 50.—
2040 2749 3056 2825 bleiben, er stößt sie angeekelt fort, sie will
1650 2772 1835 2824 Zahlbar
546 2776 655 2824 200
1462 2788 1611 2845 110.—
2047 2795 3046 2852 Gift nehmen, er aber entreißt ihr den Becher.
538 2816 648 2864 500
1419 2811 1860 2898 200.— im Voraus.
488 2827 545 2875 „
2049 2848 3052 2901 Man bringt ihm die Nachricht, daß Beatrice
488 2858 661 2920 „ 1000
2051 2877 3044 2934 Herzogin geworden ist. Von außen hört man den
552 2868 1887 2956 Im Gegensatze zu anderen Bureaux für Zeitungsausschnitte ist das
2031 2903 3052 2966 Jubel der Stadt, Pyilippo ist noch völlig fassungs¬
435 2925 1889 2988 Abonnement durch keine bestimmte Zeitdauer begrenzt; — auch stcht es den
2049 2955 3044 2999 ilos, da öffnet sich die Thür und Beatrice kommt zu
436 2974 1729 3045 Abonnenten frei die aufgegebenen Themen zu ergänzen oder zu ändern.
2046 2987 3051 3044 sihm. Die Sehnsucht hat sie übermannt, ganz heimlich
2863 3026 3052 3073 ob sie
2520 3035 2601 3074 er
2598 3034 2768 3083 fragt
2039 3042 2151 3088 skam
2143 3036 2512 3086 sie geschlichen,
556 3042 1894 3125 Der „OBSERVER“ veranstaltet täglich einen Auszug enthaltend die
2047 3051 3052 3144 mit ihm fliehen will. Beatrice zögerf, und janr
2055 3088 3071 3167 endlich nein. Nach einem furchtbareme Entschluß
438 3120 1892 3163 Inhaltsangabe aller wichtigen Mittheilungen der Wiener Morgen¬
2945 3133 3071 3182 den
2437 3142 2919 3200 ihr. den Giftbecher,
446 3135 1890 3205 blätter (Tagesjournale ausser „Neue Freie Presse“ und „Wiener Zeitung“)
2055 3149 2401 3207 reicht Philippo
2056 3170 3052 3235 Lucreiia stehen ließ. Sie nippt blos darau und
442 3203 1893 3235 wodurch eine Uebersicht über das gesammte politische und wirthschaftliche Lehen
2059 3209 3053 3272 bleibt am Leben. Philippo aber leert den Becher
445 3213 1894 3275 des In- und Auslandes in drastischer Kürze geboten wird. Diese Mittheilungen
2056 3237 3060 3319 und stirbt. Beatrice flieht entsetzt und läßt ihren
455 3261 1264 3335 werden in Wien um 9 Uhr Früh verschickt.
2061 3288 3065 3347 Schleier zurück. Der vierte Act spielt im Herzogs¬
2056 3314 3057 3391 schlosse, wir sehen den wüsten Hochzeitsjubel. Beatrices
757 3345 1594 3426 Prospecte gratis und franco.
2059 3351 3060 3437 Verschwinden wird bemerkt. Sie behauptet, vom Kirchhof
2064 3398 3061 3469 zu kommen, doch weist man ihr die Lüge nach. Der
2061 3429 3072 3508 Herzog fragt nach dem Schleier. Sie schweigt. Er
2065 3473 3081 3544 bittet, er beschwört, er droht endlich mit dem Tode.
2067 3511 3068 3583 Aus Todesfurcht erklärt sie sich bereit, den Schleier
2068 3548 3069 3627 zu holen, wenn er sie begleitet. Der Herzog sagt zu
2061 3590 3071 3646 und Beide gehen ab. Fünfter Act: Philippos Zimmer.
2393 3611 3075 3683 Herzog und Beatrice treten
2067 3645 2382 3698 Tiefe Nacht.
2068 3663 3080 3726 ein und heben den Schleier auf. Der Herzog verzeiht.
2066 3703 3073 3759 ihr. Sie will schnell fort von dem Orte des Grauens,
2068 3744 3078 3815 der Herzog aber will hier seine Brautnacht verleben:
2063 3778 3077 3832 Beatrice sträubt sich, der Herzog trägt sie zum Lager
2063 3813 3083 3894 und sieht die Leiche Philippos. Jetzt erst wird ihm
2064 3855 3081 3912 volle Klarheit. Die Hochzeitsgesellschaft ist dem Herzog
2073 3887 3087 3961 gefolgt, unter ihr auch Francesco, der seine
2072 3941 2621 4013 Schwester Beatrice erdolcht.
2189 3947 3079 4024 Der Erfolg der Première war in Folge der
2076 4001 3086 4068 mangelhaften Besetzung der wichtigsten Rollen nicht
2077 4036 3096 4110 unbestritten. Der vierte Act erzielte eine starke Wir¬
2078 4084 2967 4155 kung. Schnitzler wurde wiederholt gerufen.
