3392 4256
245 171 1590 228 Alex. Weiel's Unternehmen für Zeitungs-Ausschnitte
1265 231 1445 300 Aesschaltt
566 257 1581 378 „OBSERVER“ Nr. 56
204 371 1642 445 I. österr. behördl. conc. Bureau für Zeitungsberichte u. Personalnachrichten
366 445 1468 530 Wien, IX. Türkenstrasse 17.
572 522 1293 612 Filiale in Budapest: „Figyel““ —
204 598 1632 664 Vertretungen in Berlin, Chicago, Genf, London, Newyork, Paris, Rom, Stockholm.
842 669 1217 771 Sembure
1331 662 1486 789 a
191 719 716 798 Ausschnitt aus:
384 830 859 923 # Je8.
203 864 543 973 von
1430 1142 3365 1196 in denen kraftvolle Männer und schöne Frauen in Herzog aber zieht beim Schein der jungen Morgen=4
1423 1178 3353 1248 heißer Lust und starker Begierde sich als scrupellose sonne hinaus in den guten Kampf. Seine letzten Worts
1427 1223 3365 1270 Lebenskünstler das Leben herrlich gestalten, in denen enthüllen noch einmal den Kern der Dichtung: Das!
677 1138 1221 1299 Feuilleton.
1426 1266 2391 1314 sich die Natur der Menschen in ihrer gewaltigsten
2392 1272 3356 1342 Leben ist die Fülle, nicht die Zeit. Und noch der nächste
1438 1306 2382 1351 Größe oder in ihrer tollsten Verzerrung zeigte. Vielleicht
2388 1305 2760 1373 Augenblick ist weit.“
1432 1341 2391 1396 liegt es gerade unserer Zeit, die in junger Kraft das
2447 1363 3358 1441 Zwei Charaktere ragen in dem Drama fast über¬
1438 1382 2388 1427 Recht auf Ausleben der Individualität predigt, besonders
652 1330 1241 1446 Erst=Aufführung
1435 1426 2386 1474 nahe, auf jene Zeiten zurückzugreifen. Aber Schnitzler
2389 1411 3370 1472 mächtig vor, Filippo und Beatrice. Wer wollte sagen,
1423 1459 2381 1509 genügte es noch nicht jene gluthvolle Epoche zu schildern.
2390 1455 3368 1503 womit Beatrice schuldig ist an all dem Furchtbaren,
492 1448 1413 1525 von Arthur Schnitzler's Drama
1426 1501 2384 1551 Er thürmte einen Berg auf den andern. Denn er
2393 1496 3364 1561 Das um ihretwillen, geschieht? Ist sie doch nur eine
2395 1536 3363 1584 holdselige, unbewußte Sünderin. „Warst Du nicht,
1426 1533 2389 1594 führt uns nach Bologna an jenem Abend und in jener
481 1524 1427 1624 „Der Schleier der Veatrice“
1422 1572 3370 1630 Nacht, die dem Tage scheinbar unvermeidlichen Unter= Beatrice, nur ein Kind, das mit der Krone spielte, weil
2396 1611 3366 1670 sie glänzte — Mit eines Dichters Seel', weil sie voll
1432 1618 2382 1663 ganges durch die Heerscharen des Cesar Borgia voran¬
747 1612 1147 1703 in Breslau.
2391 1648 2607 1699 Räthsel —
2600 1653 3359 1707 Mit eines Jünglings Herzen, weil's Dir
1433 1658 2384 1702 geht, also in eine Zeit, in der das Leben ein tausend¬
211 1665 476 1748 Für 50 Zei
2389 1686 3357 1750 just geschenkt war?“ sucht der Herzog als milder Richter
1434 1696 2387 1744 fach köstliches Gut ist, in der sich die Lebenssehnsucht
523 1698 1432 1777 Ueber die Erstaufführung des neuesten Dramas
291 1724 397 1774 100
2398 1730 3356 1770 ihre Schuld zu begrenzen. Vielleicht war ihre Haupt¬
1443 1735 2387 1782 ins Ungemessene steigert, in der jede Secunde eine
456 1743 1438 1794 von Arthur Schnitzler „Der Schleier der Beatrice",
290 1767 411 1812 200
2397 1766 3353 1822 schuld nur die, daß sie das Leben über Alles liebte.
1436 1762 2391 1821 Ewigkeit bedeutet. Sollen wir aber den Taumel solcher
457 1792 1420 1839 die am Sonnabend=Abend im Breslauer Lobe¬
295 1795 413 1851 500
2396 1802 3359 1856 Was aber konnte sie Filippo sein, dem Dichter, der in
1430 1811 2386 1858 Zeit verstehen, so muß das Schauspiel von solcher
471 1827 1363 1881 Theater erfolgt, wird uns von dort geschrieben:
260 1842 407 1901 „ 1000
2395 1845 3361 1902 ihr eine Welt der Reinheit und Schönheit zu finden!
1437 1848 2393 1887 Gluth und Leidenschaft überströmen, daß es den Hörer!
2387 1881 3360 1930 gehofft hatte? Was kann Filippo die ganze Welt
1428 1880 2398 1943 stürmisch mit fortreitt, und es muß in solchem Glanze
528 1878 1435 1952 Als die beste Reclame wird von den zeitgenössischen
299 1893 409 1953 Im
2387 1924 3357 1963 sein, daß er sie nicht in raschem Entschlusse fortwürfe?
1428 1929 2389 1976 und in solcher Schönheit strahlen, daß es wie
188 1930 451 1992 Abonnement
454 1921 1427 1985 Dramen=Antoren noch immer ein preußisches Censur¬
2383 1963 3361 2007 Nur Der hat nach Filippos Ansicht ein Recht, das
1430 1967 2391 2021 die Verkörperung der Lebenslust und Lebensfreudigkeit
199 1976 454 2039 Abonnenten f
469 1977 1430 2026 verbot angesehen. Zwar sind auch diese Verbote durch
2386 2004 3364 2061 Leben unbeirrt zu genießen der als Herrschernatur
1441 2006 2374 2056 erscheint. Diese Kraft und dieser Glanz finden sich
462 2012 1428 2057 das allzu liebenswürdige Entgegenkommen der Dumm¬
2390 2025 3361 2088 siegreich hindurchwandelt. Er selbst aber mit seinem
1435 2049 2381 2112 wohl an einzelnen Stellen, dem Drama als Ganzem
457 2051 1427 2099 räthe und Consorten schon im Course gesunken und
298 2046 430 2121 Der
2381 2081 3353 2138 überfeinen Empfinden, das sich an tausend Ecken stößt,
1433 2085 1629 2149 fehlen sie.
462 2091 1420 2143 stehen unter pari, aber eine gewisse Sensation machen
199 2094 463 2161 Inhaltsangal
2385 2118 3363 2177 ist keine Herrschernatur. Und darum empfindet er
457 2124 1437 2193 sie immer noch. Das neueste Schnitzler'sche Drama
196 2146 437 2198 blätter
2380 2153 3355 2201 Das als Unrecht, was er sonst als sein Recht betrachtet
1495 2144 2380 2211 Selbst die ausführlichste Inhaltsangabe würde
461 2163 1431 2209 hatte das Glück, daß ihm eine viel eigenartigere
196 2183 444 2237 wodurch eine
2384 2194 3361 2236 haben würde, seine Schuld seiner Braut, der Gräfin
1424 2193 2375 2252 wohl nicht sonderlichen Werth haben; denn durch eine
463 2204 1426 2259 Reclame als Sensationserzeugerin vorausgegangen
195 2225 448 2276 des In- und
2396 2233 3350 2284 Teresina, gegenüber, die er erst mit zügellosen Worten
455 2240 1414 2299 war: die bekannte Wankelmüthigkeit des Wiener
1435 2242 2386 2287 Erzählung von dem Gange der Ereignisse pflegt man
200 2258 458 2328 werden in Wi
2383 2275 3356 2342 stürmischem Begehrens entehrt und dann um Beatricens!
460 2278 1425 2333 Burgtheater=Directors Dr. Schlenther und der drollige
1428 2284 2372 2328 am wenigsten den eigentlichen Inhalt eines Dramas
2388 2309 2696 2376 willen verlassen.
1422 2321 2373 2371 zu erschöpfen, das das innerste Wesen der Menschen
458 2320 1419 2370 Ukas der Wiener Kritiker über die Gerechtsame der
1427 2364 2388 2410 zu entschleiern sucht. So sei nur Einiges flüchtig
452 2367 1421 2413 Theater=Directoren, wie manches Andere, was damit
2809 2348 3299 2420 „So Einer möcht ich sein,
1427 2390 1642 2444 angedeutet.
1670 2400 2385 2455 Filippo Loschi, ein großer herrlicher
448 2387 1420 2444 zusammenhing. Schnitzler hat ja selbstverständlich der¬
2405 2379 3314 2450 Der festen Schritt's und lächelnd vorwärts wandelt,
1435 2434 2380 2490 Dichter, liebt die junge, holde, eben erblühte Beatrice,
2407 2433 3132 2482 Derselbe aufsteht und zur Ruh' sich legt,
457 2443 1420 2490 artige Reclame nicht nöthig; er darf sicher sein, daß
2414 2473 3081 2520 Nicht heute Gott und morgen Affe ist.
1429 2473 2377 2526 die Tochter eines alten, verrückten Wappenschneiders.
444 2479 1410 2521 jedes seiner Werke selbst von Gegnern seiner Schaffens¬
2408 2487 3205 2561 Den, der heut' seine Hochzeit feiert, neid' ich
1431 2511 2376 2558 Aber in der zarten Feinheit seines Empfindens, in
455 2520 1421 2570 art ernsthaft gewürdigt wird; aber immerhin wird ees
2407 2540 3047 2586 Um Bentivoglio, der an jedem Tag
1430 2549 2390 2596 seiner Sehnsucht nach Schönheit, die zugleich Wahrheit
449 2544 1417 2611 ihm nicht unlieb gewesen sein, daß das sonst ein
2415 2561 3239 2612 Sein Leben trinkt aus tausend klaren Quellen,
1429 2592 2384 2643 und Reinheit ist, stößt er die Geliebte voll inneren
454 2589 1431 2634 wenig spröde Breslauer Publicum das Theater bei
2417 2601 3268 2667 Und jede weckt den Durst und jede löscht ihn...
1427 2630 2382 2679 Grauens als unrein und entweiht von sich, als sie
446 2643 1422 2684 geräumtem Orchester bis auf den letzten Platz gefüllt
2439 2642 3236 2697 Wär ich wie Der und wär ich über Meuschen,
1433 2670 2384 2720 ihm in naiver Unschuld erzählt, daß sie im Traume
454 2673 1427 2724 hatte, daß namhafte Kritiker und Theater=Directoren
2440 2676 3161 2716 Wie über feuchtes Gras hinweggeschritten,
1429 2707 2389 2759 die Herzogin, die Gattin des Bentivoglio gewesen
2412 2702 3287 2775 Daß mir der Fuß vom Than des Lebens dampft,
450 2714 1423 2758 aus allen Orten zu der Première nach Breslau
2404 2743 3226 2801 Das ich zertrat, so wär' ich ohne Unrecht ...“
1417 2747 2383 2797 und der Herzog sie liebend umfangen. Sie kehrt
447 2752 1413 2800 gekommen waren und daß die große Schar seiner
1426 2776 2389 2832 nach Hause zurück und läßt sich von ihrem Bruder
448 2780 1415 2833 Breslauer Freunde und Verehrer vollzählig erschienen.
2455 2793 3354 2864 Die vereinzelten Proben, die aus dem Werke im
1425 2822 2374 2882 bereden, den jungen Vittorino ihren Jugendgespielen.
441 2834 1413 2880 Trotzdem darf nicht geleugnet werden, daß aber selbst
2389 2833 3352 2898 Wortlaut mitgetheilt wurden, seien zugleich ein Beweis
448 2851 2378 2916 in diesem in jeder Beziehung gut besetzten Hause der zu heiraten, nicht aus stürmischer Leidenschaft, sondern
2383 2886 3338 2930 für die Schönheit der Sprache, die an vielen Stellen
1420 2904 2378 2953 als Schutz in den Wirren kriegerischer Zeiten. Auf
444 2900 1429 2942 Beifall nicht übermäßig stark war, ja, daß selbst
2386 2926 3344 2967 das Schauspiel auszeichnet. Leider nicht an allen; denn
1417 2932 2378 2982 dem Wege zur Kirche, zum Traualtare, tritt ihr der
452 2936 1413 2989 Widerspruch nicht fehlte. Und wenn Schnitzler sich im
2374 2963 3349 3019 zuweilen fehlt doch der erforderliche Glanz Glanz aber
1428 2972 2376 3026 Herzog entgegen. Das scheinbar Undenkbare geschieht:
449 2978 1407 3033 Ganzen drei Mal zeigen konnte, so bedeutet Das immer
2385 2995 3362 3056 ist Das, was dem Werke auch in der Wiedergabe am
1422 3011 2373 3067 ihr Traum wird Wahrheit, denn der Herzog beschließt
442 3017 1412 3069 noch eher einen schwachen als einen starken Erfolg.
2387 3027 3360 3098 meisten noth thut. Die Breslauer Aufführung zeichnete
1418 3050 2379 3105 in unbezwinglicher Leidenschaft an diesem Vorabend
435 3055 1415 3106 Freilich trug die wenig stimmungsvolle Darstellung
2377 3076 3345 3122 sich, außer in der Besetzung der Rolle des Filippo
1416 3091 2375 3146 der gefahrvollen Entscheidungsschlacht sie zur Herzogin
446 3094 1407 3144 und die geradezu schlechte Verkörperung der Hauptrolle
2374 3115 3351 3160 durch Herrn Lettinger und des Herzogs durch
1423 3128 2374 3183 zu machen, da sie als seine Dirne ihm nicht folgen
441 3138 1421 3184 zu der Minderung des Erfolges bei. Aber die Haupt¬
2377 3157 3345 3209 Herrn Jessen, die Figuren voll warmen Lebens und
1421 3171 2365 3220 will. Der arme Vittorino ersticht sich. Beatrice aber
442 3176 1410 3226 schuld trug nun einmal das Stück selbst das vieles
2375 3189 3352 3233 voll zäher Leidenschaft schufen, durch den gänzlichen
1428 3206 2366 3254 schleicht sich noch in der Nacht während des bacchantischen
433 3198 1413 3258 Schöne enthält, dem aber doch eine gewisse Kraft der
2380 3228 3346 3286 Mangel an Glanz aus. Das Schlimmste war daß
1423 3244 2361 3294 Trubels der Hochzeitsfestlichkeiten fort zu Filippo, zu
440 3244 1415 3310 Einheitlichkeit fehlt. Schnitzler ist hinter dem Ziele, das
2380 3257 3343 3326 die Beatrice selbst einer Künstlerin anvertraut war,
1416 3282 2366 3332 dem sie heiße Sehnsucht zieht. Wenn sie nicht mit
444 3288 985 3354 er sich steckte, zurückgeblieben.
2374 3307 3351 3364 der es nicht nur an der nun einmal für diese Rolle
1412 3324 2214 3371 ihm leben kann, will sie mit ihm sterben.
2248 3322 2363 3376 Doch
2369 3348 3342 3396 unentbehrlichen Holdseligkeit fehlte, sondern auch an
1411 3357 2369 3419 Filippo überzeugt sich, daß sie mit dem Tode nur so
522 3343 1408 3411 Es liegt nahe, eine Parallele zwischen dem neuesten
2372 3383 3350 3454 jedem Verständniß für das innere Wesen der Beatrice,
1418 3399 2369 3450 spielt, wie mit dem Leben, daß das Leben selbst ihr
437 3390 1420 3461 Drama Schnitzler's und einem früheren, dem ein¬
2369 3427 3339 3466 diese seltsame Mischung von Keuschheit und Begierde.
439 3441 2360 3489 aetigen „Grünen Kaladu zu ziehen. In dem „Grünen doch das Höchste bleibt. So weist er sie zum zweiten
2373 3465 3343 3521 Es ist nicht unmöglich, daß das Drama mit seinen
1413 3479 2364 3524 Male mit Abschen von sich; er selbst aber leert den
432 3472 1413 3530 Kakadu“ hat Schnitzler gezeigt, daß er es versteht, in
2378 3503 3341 3550 vielen schönen und interessanten Einzelheiten an
1421 3513 2362 3565 Giftbecher. Beatrice kehrt in den Palast zurück, sucht
431 3518 1412 3571 den kleinen Erlebnissen der Menschen das Wesen der
2369 3542 3335 3597 anderen Orten, wie in Hamburg, die eine glänzende
441 3547 1410 3606 Zeit widerzuspiegeln und wiederum aus der Zeit
1420 3556 2363 3605 ihr Ausbleiben durch ein ganzes Lügengewebe zu
2367 3580 3339 3637 Aufführung ermöglichen, einen wesentlich stärkeren
427 3600 1403 3648 selbst das Wesen der Menschen zu erklären; denn
1421 3598 2372 3645 erklären, wird aber schließlich von dem Herzog
2370 3622 3348 3670 Erfolg zu verzeichnen hat, als es ihm in Breslau
445 3625 2366 3684 wenn wir jene wilderregten wirren Seenen in der gezwungen, ihn an die Stätte des Todes, in den
2367 3659 3340 3714 beschieden war. Aber selbst dort wird es mehr eine
429 3664 1419 3726 kleinen Pariser Spelunke „Zum grünen Kakadu“ sehen,
1408 3672 2371 3719 Palast Filippos zu führen, in dem sie ihren Schleier,
2370 3696 3340 3763 Gabe für literarische Feinschmecker, als für die große
432 3699 1422 3761 so glauben wir den gellen Klang der Sturmglocken der
1417 3709 2358 3758 das kostbarste Hochzeitsgeschenk des Herzogs, zurück¬
2368 3731 2619 3800 Menge sein.
2787 3745 3306 3806 Hermann Hamburger.
424 3733 1412 3803 Revolution zu hören, den dumpf rollenden Donner zu
1410 3750 2376 3801 gelassen. Erschüttert steht der Herzog an der Leiche
430 3788 1403 3849 vernehmen und den brausenden Sturm der großen
1412 3790 2375 3832 des großen Dichters. Aber während er selbst um
434 3821 1421 3873 weltgeschichtlichen Ereignisse. Auch im „Schleier der
1416 3831 2386 3891 dieses Großen willen, der sie durch seine Liebe und
425 3858 2380 3911 Veatrice“ schildert Schnitler eine große sturmbeweate durch seinen Tod geadelt, Beatrice verzeiht, wird;
417 3897 2402 3954 Beir; er schildert Italien zu den Zeiten der Vorgia, nie von ihrem eigenem Bruder niedergestochen. Der!
