3484 4256
1974 144 2398 237 box 20/4
299 151 1819 237 14: Der SchleienderBeatrice
2114 1486 2367 1585 ——
3077 1526 3194 1598 S
214 1546 2020 1620 und decorirten rothen] jeder Umarmung, jedem Wort und jedem Kusse zum wahrhaftigsten
2014 1570 3343 1640 nahme an diesem parlamentarischen Abend abgehalten. Erst nach
181 1564 714 1656 idseite des Gartens vor¬
713 1604 2011 1677 Ausdruck bringt. Aber im folgenden Act, wo sie die unbestimmte
2016 1613 3331 1699 11 Uhr erschienen mehrere dieser Herren und zwar in Festtracht,
203 1622 709 1708 Gelegenheit vollauf, sich
707 1652 2009 1712 Ahnung von etwas Furchtbarem, das auf sie hereindroht, über¬
2012 1667 3329 1750 das große Ordensband unter der Weste, während die andere Ge¬
188 1689 696 1749 trachtung der diese Säle
711 1693 2007 1763 kommt, sie in rastlose Unruhe setzt, sie hin und her treibt, bis
2018 1717 2973 1787 sellschaft zwanglos im Gehrocke gekommen war.
180 1738 699 1801 enden Meisterwerke alter
705 1730 2027 1816 dann die plötzlich erlangte Gewißheit vom Tode des Geliebten
228 1777 708 1847 Auch die Erdgeschoß¬
2107 1774 3328 1859 Außer dem Hausherrn empfingen seine Gemahlin und ihr zur
713 1798 2014 1863 „um einer anderen Frau willen“, sie in den Wahnsinn der Ver¬
2025 1812 3325 1901 Seite die noch unvermählte, ungemein anmuthige Tochter und die
183 1796 704 1892 r Gäste eingerichtet. Hier
713 1846 2004 1906 zweiflung stürzt, da entfalteten sich ihr Genie und ihre Kunst in
178 1870 696 1939 n, mit zahlreichen Gängen
2025 1866 3331 1953 Nichte, Frau von Körber, eine anscheinend noch ebenso junge Dame
705 1891 2014 1952 einer Macht und Herrlichkeit, daß sie mit dem, was sie da giebt
179 1930 691 1988 Trunk vorzüglicher erster
2027 1917 3329 1998 (alle drei in ausgeschnittenen Gesellschaftsroben), die gegen 9 Uhr
712 1939 2003 2002 und ist, auch gegen die tiefsten und größesten Schöpfungen nicht
2015 1965 3335 2047 eintreffende Hauptmasse der Gäste. Diese concentrirten sich zumeist
186 1974 694 2035 hmer wieder frisch von der
698 1969 2000 2056 zurücksteht, welche ich je durch das Genie einer begnadeten
2013 2004 3319 2074 in dem erst zu von Böttichers Zeit umgebauten prächtigen Festsaal
179 2015 695 2076 te das so schwer zu be¬
707 2034 2006 2102 Künstlerin auf der Bühne in der Verkörperung einer vom Dichter
2012 2050 3327 2141 im vorspringenden Südflügel am Ende der an der westlichen (Garten=)
177 2067 698 2133 nCigarre hier ungenirt
713 2079 1567 2151 gezeichneten Gestalt ins Leben gerufen sah.
2015 2099 3322 2192 Front gelegenen Zimmerflucht. In der Loge oben in der östlichen
178 2110 704 2182 traucher befriedigen. Um
787 2135 2005 2203 Im Sitzungssaale des Reichstags spielten sich in den letzten Tagen
2014 2161 3323 2237 Schmalwand dieses in einem reichen malerischen Hochrokokostil durch¬
181 2163 696 2230 die Räume entleerten sich
706 2183 2010 2257 wieder dramatische Scenen und Redekämpfeab, die nicht selten eine ganz
2010 2213 3317 2282 geführten, hohen weiten Raumes war eine Militärcapelle placirt,
192 2210 616 2280 vor 1 Uhr verlassen.
705 2227 2001 2305 ominöse Aehnlichkeit mit theatralischen Bühnenvorgängen hatten. Auf
2010 2253 3325 2336 die während der folgenden Stunden bis Mitternacht von dort
187 2262 693 2335 in Berlin ist seit dem
699 2273 1997 2354 keiner schlechten Bühne kann pathetischer und lauter declamirt und
2015 2298 3325 2381 herab ihre heiteren, anregenden Weisen erklingen ließ. In dem
197 2315 687 2386 von Festen im Berliner
712 2329 2003 2392 auf keiner können so lange hohle, dröhnende Reden gehalten werden
2007 2345 3324 2429 langen Wintergarten an der Nordseite dieses Saales, in dessen
187 2355 687 2429 r Frau Agnes Sorma.
691 2381 2001 2452 wie von der Rednerbühne jenes Saales hinab. Der gestrige Tag
2008 2402 3323 2472 nördlicher Langwand sich zwei hohe Thüren auf ihn öffnen, war
188 2410 691 2472 Publikums immer mit der
696 2427 2008 2489 war in dieser Beziehung zwar keiner, der reich an solchen dramati¬
2011 2444 3315 2515 das überreich mit kalten Speisen besetzte Buffet aufgestellt. Mit
184 2458 690 2525 wieder, und diese Freude
700 2463 2002 2545 schen Scenen gewesen wäre. Aber an spitzen Worten, die eines
2005 2479 3312 2568 den dort entnommenen guten Dingen auf dem Teller ließen sich
192 2510 695 2568 velche wir der Erkenntniß
697 2522 1997 2594 Ministers, diesmal des Kriegsministers, Galle zu erregen recht
1999 2530 3308 2624 die Herren an den kleinen Tischen im Festsaale wie in den ihm zunächst
194 2554 240 2605 r
236 2562 690 2618 Künstlerin in der
697 2566 1999 2649 wohl geeignet waren, hat es bekanntlich auch an ihm nicht gefehlt.
2000 2578 3304 2668 vorliegenden Räumen nieder. Die Diener präsentirten unausgesetzt
191 2596 684 2673 der dazwischenliegenden
701 2614 1997 2689 Desto freundlicher und friedlicher verhielten sich Abgeordnete,
1998 2642 3308 2709 vorzügliches Bier, Roth= und Weißwein in Flaschen und Karaffen
188 2642 694 2724 oren hat, wenn leider
697 2658 1997 2734 Minister und Staatssecretäre am gestrigen Abende gegeneinander.
2010 2683 3306 2762 standen auf jedem Tisch. Champagner wurde unermüdlich in der
197 2698 689 2762 etwas in die Breite
695 2715 1993 2786 Sie kamen freilich nicht im Sitzungssaale des Reichstagspalastes,
1992 2724 3302 2811 Fensterecke des Vorsaals jenes großen in die hohen Gläser gefüllt.
182 2743 685 2815 em ehemaligen Liebreiz
699 2760 1999 2841 sondern in den Gemächern, den Salons und dem großen Festsaale
2006 2780 3298 2860 Das allgemeine Gespräch durchbrauste mit der Musik um die Wette
189 2788 689 2862 populärstem Drama hat
696 2807 1993 2880 im ersten Geschosse des Gartengebäudes Wilhelmstraße 24 zu¬
2008 2821 3310 2908 die beiden Säle. Man hatte einander so viel zu sagen, über so
185 2830 688 2906 ergriffen und erschüttert,
693 2855 1992 2929 sammen, das zum Reichsamte des Innern gehört, der Wohnung
2008 2879 3309 2955 vieles im politischen, im parlamentarischen und im gesellschaft¬
184 2888 687 2955 icht leicht getäuschten und
691 2905 1990 2965 des Staatssecretärs Grafen von Posadowsky. Von ihm und
1998 2913 3297 3002 lichen Leben zu discutiren, daß die lebhafteste Unterhaltung an
192 2939 693 2999 rDarstellung durch Agnes
694 2948 1988 3037 seiner Gemahlin waren sie und zahlreiche andere, auch gänzlich
1995 2953 3309 3028 keinem Punkt und in keiner Gruppe auch nur für Momente ins
210 2987 690 3050 leistet, ist nicht minder
692 3007 1991 3071 außerparlamentarische und unpolitische Persönlichkeiten eingeladen
1995 3017 3317 3101 Stocken gerieth. Graf Posadowsky und seine Damen waren jeder¬
267 3035 682 3105 die Darstellung der
691 3039 1995 3112 worden, bei jenen „den Abend zu verleben“, wie neulich beim
1997 3063 3309 3116 zeit in liebenswürdigster Weise um ihre Gäste bemüht. Die drei
207 3071 689 3155 ihm recht geben. Nicht
685 3089 1465 3155 Finanzminister. Ausschließlich Herren
1515 3082 1990 3157 ein „parlamentarischer
1993 3115 3299 3183 Stunden bis Mitternacht waren im Fluge verrauscht. Viel über
168 3120 691 3200 nd ich Frau Sorma am
685 3135 1992 3212 Abend“. Von den Ministern waren der Einladung die Herren
1998 3158 3305 3237 12 Uhr hinaus währte auch dieser „Parlamentarische“ so wenig
175 3161 685 3244 on der tiefsten, innigsten,
687 3187 1986 3262 von Hammerstein, Budde, Schönstedt, Möller und der Staats¬
1994 3211 3308 3299 wie seine Vorgänger im Kanzlerpalais und in anderen Ministerhotels.
186 3222 684 3288 r Mädchens, der Tochter
696 3231 1990 3310 secretär des Postwesens Kraetke gefolgt. Die verschiedenen Parteien
1997 3252 3294 3334 Jeder dieser Reichs= und Staatslenker, Kaiser= und Königsberather
178 3275 681 3332 matischem wiener Lebens¬
690 3282 1984 3359 des Reichstages, mit Ausnahme der socialdemokratischen, waren
1990 3306 3296 3387 hat wohl abends guten Grund zu wünschen, einen langen Schlaf
185 3330 677 3391 ganz und gar das stille,
683 3312 1987 3406 durch zahlreiche Mitglieder vertreten. Nächst ihnen zumeist die
1988 3366 3302 3431 zu thun, denn besonders während der Parlamentssession ist für jeden
176 3359 679 3436 schaft der lustigen, leicht¬
693 3376 1982 3441 höheren Klassen der Reichs= und Staatsbeamten, in geringerem
1998 3402 3303 3488 seiner „Tage Qual“ groß und ermüdend. Das wissen ihre Gäste,
195 3418 690 3477 Male die Wohnung des
689 3419 1985 3501 Maße Armee und Marine, Stadtverwaltung, Wissenschaft, Kunst
1992 3452 3292 3525 wollen sie darum nicht hindern und gehen rücksichtsvoll spätestens um
179 3462 690 3531 ch herum vergessend, sich
689 3483 1983 3538 und Literatur. Die Hofchargen und die Mitglieder des Bundes¬
1987 3500 3289 3559 um halb 1 Uhr nach Hause, während es um diese Stunde in
196 3514 687 3577 rückhaltlos hingiebt und
686 3523 1978 3596 rathes waren durch das Fest zur Feier des Geburtstages des Prinz¬
1986 3554 3299 3648 anderen gastlichen Häusern gewöhnlich erst so recht anfängt, hübsch
179 3557 2234 3665 sund Leben in jedem Blick, regenten von Bayern während der ersten Stunden von der Theil= zu werden.
3030 3608 3208 3671 L. P.
