3484 4320
1984 224 2422 315 box 20/4
329 235 1828 350 14. Der Schleier derLätrice
2215 806 2683 898 Telephon 12801.
1843 877 3084 984 Alex. Weigl’s Unternehmen für Zeitungs-Ausschnitte.
2103 951 3016 1111 „OBSERYER“
2838 994 3168 1103 Nr.-99“
1722 1094 3187 1191 I. österr. behördl. conc. Bureau für Zeitungsberichte u. Personalnachrichten
2015 1158 2924 1236 V. ien, I., Concondiaplatz 4.
1745 1215 3192 1307 Vertretungen in Berlin, Budapest, Chicago, Genf, London, Newyork, Paris, Rom,
2100 1275 2815 1352 Stockholm, Kristiania, St. Petersburg.
2507 1362 3104 1483 ner Renoste Nachriehte:
1737 1420 2355 1500 Ausschnitt aus:
1741 1543 2425 1652 vom:
2478 1656 3065 1773 KRSATZ
1933 1813 2427 1898 Aber die Theater sind auck
1888 1894 2541 1950 Schnitzlers Schleier der Beatrice“
2666 1900 2835 1956 einiger¬
586 1903 1475 2005 U A.M MM 90
1891 1925 2239 1983 maßen unfahft ab
2601 1939 2839 2002 strebend sich
1894 1973 2337 2032 bemühende Dichter perd
2512 1981 2827 2040 Die verwirrende
589 1989 1542 2057 Diese vier Stücke sind die Ausbeute an dramatischen
1881 2020 2871 2086 Landlung wurde zur verwortenen, der sorgsam ge¬
415 2032 504 2088 un
507 2033 1536 2109 Novitäten gewesen. Dazu hat man im Deutschen Theater
428 2079 503 2126 en
513 2089 1538 2141 noch Schnitzlers „Schleier der Beatrice“ gegeben. An
1863 2105 2806 2180 drechselte Vers zur bilderüberlasteten Prosa, al
424 2123 1526 2189 ier anderen Bühnen durften Dilettanten allerlei unglückliche
1891 2167 2864 2219 die naluralistisch gedrillten Schauspieler des Deut¬
430 2160 1530 2243 lt,Kinder ihrer Eitelkeiten aufgeführt sehen. Dazu kamen
1890 2200 2847 2292 schen Theaters darüber herfielen. Besonders Ritt¬
421 2228 1535 2292 an dann noch einige traurige Abende, an denen mißglückte
1885 2239 2853 2314 Iner war unbeschreiblich. So was dürfte nicht er¬
421 2264 1533 2340 iei Dichtungen zu hören waren, und der Premièrengänger
1898 2284 2849 2367 laubt sein. Jedenfalls wird die Belagerung von
419 2318 1537 2371 ie wendet traurig sein Haupt ab, müde des Suchens nach
1894 2342 2962 2402 Boldgna ganz beträchtlich eher aufgehoben werden 15.—
430 2358 1534 2414 ie einer wirklichen, wahrhaftigen und unmittelbaren dramati¬
2974 2357 3194 2426 inclusive
1781 2350 1881 2447 Für
1895 2385 2970 2452 ### #e von Pisa, wo Monnr Bannas grlante Der 28.—
2989 2412 3147 2455 Porto.
434 2394 805 2471 mschen Dichtung.
1249 2417 1544 2500 W. Fred.
2824 2432 2954 2477 50.—
1898 2430 2822 2491 hüllung noch immer vier, bis fünfmal in der Woche
2821 2430 3154 2516 110.— Zehlber
1895 2462 2822 2545 volle Hauser macht. Schleuther hat diesmal recht
2811 2481 3211 2564 200.—) im Voraus.
1892 2511 2812 2588 behalten mit seiner Warnung, und die Spuren, die
2820 2540 3204 2617 usschnitte ist das
1804 2534 2816 2625 „ ins Deutsche Theater von Berlin hinein=, aber nicht
2833 2591 3207 2649 auch steht es den
1898 2600 3091 2695 hmnausführen, we#den hn endgültig haben ab r zu ändern.
1780 2616 1892 2673 Abon
1913 2643 2832 2724 schrecken, das Experiment im Wiener Burgtheater
1776 2665 1900 2721 Abon
1915 2692 3215 2781 en.nter S erliinen#uhtertit zug enthaltend die
1885 2743 3205 2818 Sunon übte Schnerten geheren leeder erst bectener Morgen¬
1776 2773 2829 2859 Inha Sonntag Geult an mann Wre viesleiche Karl
2836 2795 3188 2847 „Wiener Zeitung")
1910 2818 2161 2889 Schultes“ „Ar
2291 2827 2755 2895 inrich“ zu beachten, der 1
2823 2831 3222 2883 nd wirthschaftliche
1775 2864 3220 2926 wodmenem Bortier Theater wird. Diese Mit¬
1778 2889 2830 2990 Lebliging. Schulles, der nuneenandachenigjäbrige „aile
1782 2941 1896 3010 theil
1889 2956 2833 3030 Landsknecht“, hat das Stück unno 1894 geschrie¬
1883 2995 2879 3083 ben und ist der Meinung, daß Gerhart Haupimann i#
1869 3024 2847 3107 es im Archiv des Deutschen Theaters gefunden hat,
1879 3085 2828 3163 dem es seinerseil ordnungsmäßig eingereicht wurde.
1881 3115 2827 3198 Also etwa wie im Fall Wilde, dessen Salome auf
1853 3153 2822 3238 sähnliche Weise einem anderen großen Dichter in die
1856 3219 2814 3288 Händegeriet. Wie dem nun auch sei: Schultes'
1859 3257 2832 3346 Volksschauspiel machte auf die naiven Besucher des
1867 3303 2833 3381 östlichen Bühnenhauses denseiben geteilten Ein¬
1857 3336 2832 3439 bruck, wie Paupimanns gleichnamiges Drama auf
1836 3389 2356 3456 das westliche Berlin. Es
2387 3408 2804 3470 man wohl am Stoffe
1836 3437 2681 3515 Pflegen. Trotz Philokket ist die Kraukbei¬
1839 3473 2192 3539 ###heaterwirksam.
2205 3490 2634 3557 Im dörigen hut ber an
1844 3525 2478 3595 inecht die Hartmaussche Legend
1847 3570 2449 3623 Lungepackt, das Wunder ration¬
1868 3600 2415 3673 ue meihe bewegter Bilder a
2560 3627 2804 3686 BeHeR. füdlig.
1864 3641 2430 3711 Vorzug reizvollen #### schen
2534 3668 2829 3734 prechen wird.
1846 3694 2831 3791 ein britter Att spiell in Salerne bei dem berühm¬
1979 3741 2757 3815 rzte — Schultes ist alle ber scène à fal¬
1852 3782 2664 3873 nicht aus dem Wege gegangen wie Hanmen
