3436 4256
916 251 957 311 1
1120 249 1257 314 1an
1528 247 1981 343 vox 19/4
384 232 1379 355 12.016
919 1125 1400 1229 Telephon 12801.
549 1229 1765 1305 Alex. Weigl's Unternehmen für Zeitungs-Ausschnitte
1374 1294 1703 1415 Oee Ausschnltt
503 1294 1403 1434 ≅ 197 „OBSERWEF
1549 1355 1836 1449 Nr. 85
424 1427 1880 1490 L. österr. behördl. conc. Bureau für Zeitungsberichte u. Personalnachrichtes
693 1486 1621 1578 Wien, I., Concondiaplarz 4.
427 1556 1871 1631 Vertretungen in Berlin, Budapest, Chicago, Genf, London, Newyork, Paris, Rom.
790 1604 1526 1674 Stockholm, Kristiania, St. Petersburg.
418 1723 945 1790 Ausschnitt aus:
1042 1761 1699 1867 Berliner Tageblatt
424 1844 936 1954 vom: 9/ 7%
462 2179 1728 2251 #ngs Eine neue Dichtung Arthur Schnitzlers wurde gestern
478 2240 1723 2292 in einem „Intimen Abend“ des Vereins zur Förderung der
466 2276 1728 2326 Künste von dem Wiener Schriftsteller Dr. Ludwig Bauer vor¬
479 2326 1729 2385 gelesen. Es war das die kleine dialogisierte Szene „Die
483 2355 1721 2414 Gouvernante“ aus einem Cyklus „Szenen aus dem Familien¬
482 2375 1738 2458 leben“, den Schnitzler gegenwärtig unter der Feder hat. Die Szene
481 2438 1728 2495 beginnt graziös ironisch mit einer Unterhaltung zwischen einem
485 2480 1734 2547 ach zehnjährigen Mädel aus „guter" Familie und seiner Gonvernante,
488 2524 1725 2574 die es zum Ball frisiert: das Mädel plaudert keck von der Liebe,
489 2563 1733 2622 die Gouvernante spielt die Ehrbare. Dann eine Aussprache zwischen
442 2603 1741 2679 # der Gonvernante und dem „jungen Herrr“ des Hauses. Bitter ernst:
484 2665 1830 2718 sie haben sich „geliebt", nun fühlt die Souvernante sich Mutter give
483 2703 1793 2760 werden; der junge Herr will sie nicht heiraten, nur aus dem o.
458 2731 1801 2800 Hause entfernen, aber sie wird in stolzem Trotz freiwillig bar
496 2769 1853 2831 gehen. Dann wird's wieder lustig: Der ahnungslose Hauslehrer, der hraus.
500 2813 1742 2876 die Gonvernante schon lange umschwärmt hat, erscheint, und sie ge¬
492 2839 1858 2922 steht ihm schamhaft, daß sie ihn wiederliebe und heiraten wolle. Und das
499 2895 1865 2969 er ist glücklich. Der ironische Schluß setzt sehr schnell und kurz eins den
482 2941 1445 3004 und verblüffte gestern das Publikum einigermaßen.
548 2970 1754 3037 Außerdem las Dr. Bauer noch Dichtungen zweier anderer Wiener
409 3002 1867 3099 kal Schriftsteller vor. Die Novellette „Die Straße des Elends“ war eine 1 die
488 3048 1859 3133 glückliche Probe der zierlichen Erzählungskunst Naaul-Auern=en¬
1714 3089 1825 3139 ung")
413 3109 482 3160 W0
496 3128 1853 3179 heimers, die in tändelndem Geplander Ernstes zu kunden weiß. tliche
498 3147 1865 3214 Und Ludwig Bauer selbst erwies sich in seiner „Erzählung von, Mit¬
489 3193 1741 3248 Jedem“ und zwei Dialogen als kluger und geistreicher Kopf, der in
484 3226 1752 3298 knappen, reizvollen Dichtungen die Torheiten des Lebens aufzuweisen
497 3277 1341 3357 und mit herbem Spott zu beleuchten versteht.
760 3322 1764 3423 eubneffängabé ohlie Gewähr
2289 1191 3135 1353 Dr. Max Goldschmidt
2444 1324 2986 1421 Bureau für
2445 1401 2962 1475 Zeitungsausschnitte
2198 1454 3204 1536 verbunden mit direktem Nachrichtendienst durch
2423 1503 2966 1589 eisene Korrespondenten.
2230 1565 2599 1641 Berlin N. 24.
2720 1578 3141 1654 Telephon: Ill, 3051.
2501 1617 3209 1718 —
2467 1684 2916 1780 Ausschnitt aus
2496 1962 3121 2098 Deutsche Marte, Berin
2735 2061 3018 2153 6. 12.03
2224 2172 3115 2259 9 Der Junme Wiener Dichterabend des
2139 2203 3116 2306 reins zur Förderung der Kunst am Mittwoch dot
2174 2291 3111 2347 #ncherlei interessante Anregungen. Dr. Ludwig
2172 2323 3121 2395 Bauer rezitierte ein einaktiges, bisher ungedrucktes
2177 2362 3116 2439 Perk von Schnitzler „Die Gouvernante“, eine graziöse
2170 2407 2686 2476 Stizte Raan Auebeime
2813 2419 3123 2494 des Elends“
2153 2442 3116 2525 Fund eigene Dichtungen, die sicherlich das Interessanteste
2170 2514 3110 2583 des Abends waren. Seine „Geschichte eines Jeden“,
2169 2555 3117 2597 eine bittere Satire des Lebens von dem Moment des Ge¬
2175 2594 3114 2657 borenwerdens bis zum Augenblick der eigenen Vaterfreude,
2181 2638 3109 2703 ist die fesselnde Arbeit eines nachdenklichen Glaubenslosen.
2166 2682 3108 2758 Dieselbe trostlose Bejahung des Zufalls als des regieren¬
2172 2724 3110 2782 den Prinzips im Menschendasein charakterisierte auch
2170 2774 3114 2839 seine beiden kleinen Dialoge. „Der Künstler“ und „Die
2170 2813 3111 2888 Jugend“, der todkranke Künstler bestürmt den Arzt um
2160 2863 3117 2924 Reitung, denn er könne, er wolle, er dürfe nicht sterben.
2162 2905 3108 2958 Welten lönne er noch schaffen. Er fühle sich als
2159 2943 3105 3012 schöpferischer Gott. Und Götter seien doch unsterblich.
2156 2990 3099 3054 Aber mit der ichwindenden Kraft des Todgeweihten
2141 3034 3086 3103 schwindet auch sein Wille zum eben noch heißbegehrten
2131 3074 3090 3144 Leben. Mit der Hellsichtigkeit des Sterbenden erkennt
2145 3120 3084 3192 er plötzlich das unlogische Chaos in allem, die Nichtig¬
2131 3156 3085 3240 keit von Leben und Streben. Der Arzt schließt
2137 3202 3081 3275 ihm die toten Augen mit den Worten: „Nun mußt Du
2123 3235 3095 3321 ja wissen, ob Du recht gesehen hast.“ Schnitzlers
2138 3288 3088 3368 „Gouvernante“ eine Szene aus dem Familienleben, in
2137 3343 3087 3413 der die morsche Moral von Eltern, Kindern und
2135 3380 3084 3452 Dienern gegeißel' wird, war im Sujet wenig originell.
2131 3434 3068 3502 Nur in der ironischen Selbstverständlichkeit, mit der die
2123 3464 3067 3549 handelnden Personen gezeichnet waren, lag Schnitzler¬
2133 3510 3079 3574 scher Esprit. Der sonst gelungene Abend lit leider
2133 3560 3097 3630 unter dem leisen Organ des Rezitators, das kaum bis
2117 3597 2750 3680 zur Hälfte des Saales durchdrang.
2945 3618 3035 3681 he.
