3344 4320
1294 121 1740 204 box 34/5
187 135 1140 235 4. Abschiedssonper
1331 363 1710 426 Telefon 12801.
931 459 1981 542 * Untern ehmen für Zeitungs-Ausschnitte
2037 473 2261 541 Ausschnitt
708 421 873 561 2
1995 533 2268 630 Nr. 80
1185 527 1805 651 „OBSERVER
780 640 2266 709 I. österr. behördl. concess. Bureau für Zeitungsberichte und Personalnachrichten
1090 701 1961 783 Wien, IX/ Türkenstrasse 17.
985 793 2016 872 — Filiale in Budapest: „Figyelö“, VIII. Josefsring 31a. —
787 936 2033 1039 Ausschnitt aus: beibziger Heueste Nachrichten
1521 1073 1852 1178 230Ufl 190
789 1131 958 1199 vom
897 1315 988 1374 —
1388 1322 1769 1405 Theater.
1014 1399 2220 1459 A. G. Ibsentheater. Mehrere Phasen aus dem Verlaufe unseres
908 1462 2225 1492 gesellschaftlichen Daseins, von der idealen, schwärmerischen Liebe bis zur
916 1498 2226 1541 Brautwerbung und dem Hochzeitsabend, zeigte uns die letzte Sonntags¬
919 1537 2236 1579 aufführung des Ibsentheaters in drei gefälligen, zierlichen Einactern.
914 1580 2223 1616 Im feinsinnigsten derselben trat uns wieder einmal Artbur
913 1600 2215 1659 Schnitzlers Anatol entgegen. Wie sich diese „Evisode“ vor Aus ent
921 1642 2230 1695 wirkene, WieAntol seine ganze Jugend in Gestalt kleiner Liebesandenken
927 1694 2229 1731 auf den Schreibtisch seines Freundes legte, wie er beichtete, wie er von
915 1737 2232 1771 dem reinsten Liebestraume seiner Vergangenheit erzählte, von ihr, die
917 1761 2229 1812 nach seiner innersten Ueberzeugung ohne ihn nicht hatte weiter leben
1526 1794 2241 1845 wie wir diesen Dialog mit seinen
927 1799 1462 1857 können, die er zermalmte
922 1837 2230 1892 feinen kleinen Ueberraschungen und seinen glitzernden Perlen ver¬
926 1876 2241 1928 folgten, drängte sich uns unwillkürlich die Betrachtung auf: Wie
925 1931 2233 1976 plump, wie unsagbar plump pflegt doch hiergegen die drama¬
2020 1951 2235 2005 in den
922 1958 2022 2007 tische Muse heutzutage meist noch einherzuschreiten,
933 1990 2226 2045 Stücken der alten wie der neuen Schule, und wieviel Zeit und Arben nue
937 2033 2232 2081 noch dazu gehören, um Denkweise und Geschmack des Publicums und auch
936 2070 2231 2119 der Bühnendichter zu reformiren, bis das feingeistige, künstlerisch aus¬
930 2121 2225 2169 gereifte, wirklich moderne Drama auf unseren Bühnen die Oberhand ge¬
931 2154 2244 2202 winnen wird. Auch der scharfe dramatische Abschluß der reizenden
926 2179 2234 2235 Episode zeigt noch Schnitzlers gewandte Hand. Sie, die Anatol glaubte
934 2232 2234 2282 zermalmt zu haben, die rothhaarige Bianca, die gefeierte Kunstreiterin
935 2268 2218 2315 hat sich bei Anatols Freunde angemeldet — und jetzt steht sie vor ihm,
926 2304 2223 2365 ihrem schwärmerischen Verehrer von ehemals. Ob sie ihn noch kennt?
926 2336 2230 2401 O ja, wo sollte sie ihn doch hinthun, war er nicht mit ihr in — Peters¬
925 2387 2238 2448 burg gewesen? Der arme Anato]! Er hatte Petersburg nie gesehen, und
932 2425 2243 2471 das war die Dame, von der er glaubte, sie sei aus Liebe zu ihm zu
801 2478 2261 2523 Grunde gegangen. Fluchtartig verläßt er das Local, und die schöne
891 2507 2248 2556 10 Bianca erzählt von ihrem letzten Abenteuer in Petersburg und morgen
819 2528 891 2571 *
888 2542 2236 2604 20 wird sie auch dies wieder vergessen haben wie den guten
828 2566 888 2616 „
1180 2583 2237 2629 Der gewandten dramatischen Zeichnung und dem
890 2584 1108 2641 50 Anatol.
826 2625 2240 2684 " 100 anregenden Dialog Schnitzlers ähnelt auch Otto Erich Hartlebens Art
939 2669 2265 2713 in seiner schalkhaften kleinen Comödie „Die sittliche Forderung“, ein Stück, —
800 2698 2244 2760 Abonn das unser Publicum aus den früheren Aufführungen der Litterarischen
799 2744 2240 2800 Abonn Gesellschaft bereits kennt. Auch hier hat man die wohlthuende zwanglose
936 2774 2241 2829 Entwickelung, den fein pointirten und doch ungezwungenen Dialog. Vor
927 2813 2236 2872 uns offenbart sich der Charakter eines Weibes, das eine demüthigende Zu¬
941 2856 2241 2904 muthung — sie sollte den Vater ihres Geliebten heirathen — und eine
935 2891 2243 2934 bittere Enttäuschung — der Geliebte hatte nicht die Courage, gegen seinen
944 2937 2234 2995 Vater aufzutreten — aus dem Elternhause getrieben hat. Die arme
932 2969 2230 3029 Erna Hattenbach aus Rudolstadt lernte Hunger und Elend kennen,
942 3017 2242 3068 in den niedrigsten Localen sammelte sie Brot, Groschen und Gemeinheiten,
937 3051 2245 3100 bis sie sich endlich als Rita Revera auf der Bühne des Variététheaters¬
944 3088 2244 3144 einen berühmten Namen geschaffen hat. Und nun weist sie die Hand des
946 3124 2241 3185 guten, feigen Jungen von damals, dessen sinliche Forderungen so weit ab
936 3172 2240 3216 von wahrer Moral liegen, stolz zurück und er begnügt sich schließlich mit
941 3209 2188 3251 der Rolle des Anbeters, wie sie sie zu Dutzenden zu ihren Füßen sieht. —
947 3246 2249 3287 Den Einactern Schnitzlers und Hartlebens ging ein gleichfalls einactiges!
940 3278 2241 3340 Lustspiel von Peter Nansen „Ein Hochzeitsabend“ voran. Auch
937 3320 2245 3372 hier ist Zeichnung und Dialog, wie die ganze Structur modern, doch ist
945 3371 2242 3426 der Gedankeninhalt etwas dürstia. Es lohnt kaum, von der Tasse Thee zu
937 3399 2227 3442 reden, die die junge Frau nach Weisung ihrer Mutter vor dem Schlafen¬
939 3427 2239 3496 gehen durchaus trinken soll, und von den drolligen Störungen des jungen
943 3473 2240 3523 Paares durch das pflichteifrige Dienstmädchen. Immerhin hatte auch
942 3517 2232 3570 dieser kleine Scherz seinen Erfolg, und das bis auf den letzten Platz
1994 3544 2246 3603 des Nord¬
940 3557 1992 3610 ausverkaufte Haus brachte auch dem Namensvetter
1515 3583 2245 3645 In allen drei Stücken spielten Herr
950 3587 1432 3654 volfahrers seinen Beifall.
946 3630 2234 3681 Arthur Waldemar und Frau Helene Riechers die führenden
944 3668 2234 3719 Rollen, nur in Schnitzlers Stück gesellte sich Herr Engen Albu###s
949 3700 2236 3767 Vnatol ihnen zu. Die Darstellung war eine elegante, den zartsinnigen
957 3754 2233 3804 Wichtungen durchaus entsprechende, und Herr Waldemar wie Frau=###
940 3777 2126 3845 verständen sich darauf, an einem Abende dreimal einen anderen M
948 3826 2072 3874 anzuziehen. Auch Herr Albu löste seine Aufgabe, die Sch#
949 3871 1924 3933 Anatols wiederzugeben; recht nett. In kleine Rollen
948 3900 1783 3974 Geschick noch Frl. Margot und Frl. Bach
