3344 4320
1318 197 1765 285 box 34/5
202 204 1164 302 4. Abschiedssenner
1474 471 1718 551 — 1475
567 579 2674 698 Der sammle still und unerschlafft im kleinsten Punkle die höchste Kraft.
800 754 1103 846 —
356 789 498 860 —
2046 838 2098 884 #
332 854 1763 989 Theatralische Plauderecke.
1753 950 1984 1029 2 40
2213 951 2355 1034 per. 1
1738 986 1984 1078 W
830 992 918 1076 □
2369 1023 2458 1075 0
947 1035 1094 1106 182
2266 1053 2471 1123 Tee
1762 1046 2074 1130 ck ahee kr..
1860 1093 1957 1132 ARAR
1919 1105 2123 1169 1.
1737 1086 1902 1157 P
2103 1097 2318 1174 g.
1823 1111 2050 1168 U IIET
419 1112 1081 1204 Vom Ibsentheater in Leipzig.
2111 1143 2198 1186 p 7
388 1180 1187 1257 Das Ibsentheater hat seine Pforten geschlossen.
328 1229 1189 1304 ie letzten Aufführungen galten indeß nicht dem
331 1280 1195 1327 lein selig machenden Ibsen, sondern wir sahen
331 1321 1184 1378 tehrere Stücke moderner Autoren, und zwar ein
1971 1351 2032 1406 4
1600 1348 1655 1415 90
342 1359 1185 1432 gar Einakter und einen bisher noch nirgends ge¬
1541 1364 1743 1446 EN
2577 1380 2858 1447 1 44
350 1403 665 1457 benen Schwank.
1520 1414 1663 1478 S
2576 1429 2671 1493 ###
395 1421 1189 1494 Die dramatischen Einakter sind ein leicht¬
353 1475 1196 1538 flügeltes Genre, das sich aber nicht so leicht für
2254 1483 2597 1575 D
371 1521 1186 1577 Theater einfangen läßt; es gehört dazu große
2452 1539 2614 1613 S
379 1549 1181 1619 andtheit. Die Franzosen sind darin Meister
2397 1574 2688 1671 T
396 1597 1187 1650 auch die Bluetten der sogenannten modernen
1689 1629 1889 1709 G
375 1642 1189 1697 oren haben ihre Vorbilder an der Seine zu
2326 1652 2917 1728 zeugnissen solcher unausgegoh¬
1181 1653 1694 1738 andere Einakter „Das Ab¬
376 1672 1182 1730 en — und nicht an den norwegischen Fjords,
2333 1708 2924 1771 renen Talente nicht abzuwenden,
1195 1703 1960 1764 schiedssouper“. Da handelt es sich eben¬
363 1719 1185 1769 n der alte Grübler und psychologische Nußknacker
2038 1706 2273 1789 1
1190 1749 1965 1806 falls um eine zu Grabe getragene Illusion.
2323 1749 2932 1799 doch sie sind ungefährlich, wenn
384 1761 1183 1806 in braucht mehrere Akte, um den Adepten seine
2331 1794 2914 1857 die Dichter gute Lehren aus den¬
1183 1797 1956 1841 Ein junger Lebemann will seiner Ballett¬
381 1796 1190 1851 jeheime Weisheit auseinander zu setzen. Da ist
1188 1826 1961 1886 bekanntschaft den Abschied geben und fürchtet,
2143 1829 2921 1879 selben ziehen müssen. „Fritz Schwigerling“
404 1840 1184 1891 burschikose Otto Erich Hartleben von ganz
1975 1851 2928 1914 hatte einen Mißerfolg, und dies Stück sollte
1192 1867 1965 1922 daß dies zu einer recht tragischen Seene
366 1858 1183 1941 erer Art; er faßt sich kurz und findet in einem
2126 1910 2931 1971 , gerade in die Bahnen einlenken, wo die
1199 1917 1967 1961 führen werde; um deren Schrecken zu mildern,
365 1915 1195 1968 sakter Zeit genug, der üblichen Moral ein Bein
2160 1951 2923 1995 Lorbeern und Tantièmen für die Bühnen¬
1194 1956 1967 2001 hat er einen guten Freund eingeladen; doch
383 1946 1190 2001 stellen. Seine „sittliche Forderung“ ist schon
2051 1988 2941 2048 schriftsteller blühen. Ibsen und alle modernen
1190 1986 2054 2043 die sehr hungrige und durstige Ballettdame läßt sich
346 1994 1189 2046 üher von der litterarischen Gesellschaft zur Auf¬
1197 2027 2050 2081 das Souper vortrefflich schmecken und überrascht den
2059 2025 2936 2077 Heiligen hatten keinen Teil daran — es sollte einer
333 2039 1194 2089 ihrung gebracht worden. Durch die vortreffliche
2062 2063 2929 2129 der Schwänke sein, von denen zwölf auf ein
1200 2075 2051 2122 Galan mit der Enthüllung, daß sie ihn selbst in
344 2073 1189 2123 arstellung, welche diesmal Helene Riechers der
1186 2123 2053 2166 aller Stille schon verabschiedet und auch schon einen
2065 2106 2940 2155 Dutzend gehen, die aber den Weg über alle
334 2117 1185 2172 otten Konzertsängerin Rita Riviera, einer Magda
2065 2141 2932 2201 Bühnen machen. Doch dazu fehlt dem Dichter,
1201 2151 2059 2198 Ersatz für ihn gefunden hat. Diese letzte Ent¬
339 2153 1179 2216 hne tragischen Vatermord, zu Teil werden ließ,
2053 2185 2938 2239 der sich wie alle Modernen in Probleme hinein¬
1193 2181 2060 2241 hüllung spielt sie indeß erst zögernd als einen
326 2196 1057 2252 jewann das Stück den Reiz der Neuheit.
2059 2225 2934 2283 gegrübelt hat, die Unbefangenheit; es giebt Albern¬
1199 2228 2052 2278 Trumpf aus der Hinterhand aus, nachdem er, wie
409 2230 1190 2283 Eigentlich ist es nur eine Satire auf die
2058 2266 2943 2313 heiten, die nicht Gelächter erregen, und daran ist
1201 2267 2049 2315 sie sagt, so schamlos gewesen ist, das gleiche Ge¬
320 2265 1189 2320 Moralprediger, deren Werke nicht mit ihren Worten
1200 2295 2051 2356 ständnis zu machen. Der Ton in diesen Einaktern
2062 2303 2949 2355 das Stück sehr reich. Auch die Schwankfiguren
313 2312 1187 2364 übereinstimmen; aber dahinter lauert ein bös¬
2065 2345 2937 2397 müssen lebensfähig, von gesundem Schrot und
1200 2338 2062 2398 ist pikant und slott; das Millen aber atmet die
323 2351 1195 2403 williger Hohn auf die sittlichen Forderungen über¬
2052 2378 2934 2431 Korn sein, aber die Figuren in diesem Stück sind
1192 2390 2051 2438 ungesunde Atmosphäre des hauptstädtischen Jung¬
325 2390 1189 2439 haupt, die im Leben so leicht in die Brüche gehen.
2056 2412 2936 2470 innerlich ausgehöhlt, sie parodieren sich selbst; es
1200 2428 2051 2478 gesellenlebens. Helene Riechers war eine Demi¬
398 2429 1182 2487 Ein anderer, an zwei Abenden gegebener Ein¬
2058 2450 2935 2517 sind Marionetten. Auch der ethnographische
1208 2466 2056 2516 monde=Dame de pur sang in beiden Stücken und
319 2467 1186 2511 akter: „Ein Hochzeitabend“ von Peter Nansen ist
2057 2491 2934 2558 Humor, wenn man so sagen will, vermag das
1205 2510 2056 2560 wußte die Heldinnen ganz gut zu nüancieren, ohne
320 2507 1197 2559 sehr hausbackener Art und versucht es vergebens,
2056 2535 2944 2591 Stück nicht zu retten. Daß im heiligen Rußland
1195 2528 2057 2587 daß der Typus das eine oder das andere Mal
323 2548 1192 2600 sich den Anschein der Pikanterie zu geben. Die
2071 2576 2932 2632 sehr viel getrunken und geprügelt wird, ist all¬
1194 2581 2047 2636 verblaßte. Auch die Herren Waldemar und Albn
325 2589 1184 2633 Störungen, welche die sorgsame Haushälterin durch
2063 2613 2937 2678 gemein bekannt. Dies geschieht aber ohne
1207 2625 2055 2677 gaben ihren Lebemännern ein frisches und flottes
330 2629 1191 2682 ihr fortwährendes Eindringen in die Gemächer des
2071 2650 2935 2707 allen Humor — und so ist auch der Graf
1199 2666 1355 2721 Wesen.
318 2661 1200 2708 jungen Ehepaares hervorruft, sind mehr trivial
2058 2693 2933 2753 Rogoschin, der Knutenpädagog, mehr eine un¬
1279 2689 2054 2760 Der Schützling der Karl Heine'schen Direktion
334 2707 1200 2771 als komisch, und die Tasse Thee bildet eine matte
2061 2724 2943 2786 angenehme, als eine komische Persönlichkeit,
1203 2735 2062 2792 ist der iunge Dichter Frank Wedekind, der zugleich
310 2742 607 2810 Schlußpointe.
2067 2783 2936 2825 und selbst seine Manipulationen mit dem Zauber¬
1200 2783 2061 2833 darstellender Künstler ist; sein „Erdgeist“ erschien
404 2774 1188 2847 Dagegen haben die beiden Einakter von
2069 2810 2936 2876 trank, den er einnehmen soll, ohne an einen
1205 2822 2058 2869 wieder auf der Bühne und am Schluß auch ein
327 2817 1190 2874 Schnitzler, die sich an zwei Theaterabenden ablösten,
2075 2852 2934 2904 Bären zu denken, während ihm gerabe in
1211 2859 2056 2908 mehraktiger Schwank: „Fritz Schwigerling“. Der
335 2865 1201 2923 leichtes Pariser=Bint. Dieser Jungwiener, dessen
2070 2896 2939 2949 Folge dieses Verbots der Bär beständig vor¬
1213 2896 2061 2948 Erdgeist hat geniale Züge, obschon die wüsten
335 2904 1199 2951 größeres Schauspiel „Freiwild“ allerdings bei aller
2072 2928 2942 2996 schwebt, beuten ein komisches Motiv allzu sehr
1213 2934 2061 2988 Schlußscenen stets Opposition erregen werden.
325 2945 1205 2993 Konsequenz doch wie eine dramatische Konstruktion
2062 2973 2941 3029 aus. Der eigentliche Held des Stückes, einer der
1208 2969 2064 3028 Wedekind hatte einen Prolog dazu gedichtet, den
337 2980 1206 3039 zum Beweise eines Lehrsatzes gemahnt, hat einen
2060 3004 2945 3077 vornehmsten Libertins und Zauberkünstler aller
1198 3019 2064 3074 er selbst sprach. Das war keine langweilige Ge¬
329 3026 1195 3081 pikanten Ton, und wenn auch manches in seinen
2069 3050 2946 3109 Zeiten, der siebenmal verheiratet war, dieser
1196 3060 2070 3112 legenheitsdichtung wie die meisten Prologe zu sein
324 3065 1198 3116 Einaktern nicht psychologisch haltbar ist, so sieht
2079 3090 2940 3143 Schwigerling, der à la Narciß in der Frau des
1202 3101 2064 3159 pflegen, selbst viele des großen Goethe mit ihren
333 3099 1202 3157 man doch darüber hinweg, und weil die Handlung
2074 3127 2936 3183 Grafen seine eigene erste Frau wi. dererkennt, ist
1633 3134 2062 3194 Der Prolog Wede¬
1211 3136 1646 3192 strohernen Allegorieen.
334 3130 1203 3190 selbst amüsant ist, so schenkt man auf Augenblicke
2067 3165 2936 3221 eine Figur buntscheckigster Art, die aus den ver¬
1203 3170 2072 3228 kinds war allerdings originell, doch sehr bizarr
329 3185 1198 3224 ihren Voraussetzungen Glauben, so wenig glaub¬
2076 3200 2950 3271 schiebensten Lumpen der Romankapitel zusammen¬
1202 3212 2068 3276 und stand wiederum auf einer gefährlichen Spitze.
325 3224 1199 3283 würdig sie an sich sind. So mutet uns der
2063 3251 2935 3312 gestoppelt ist, und läßt sich von dem Darsteller
1216 3257 2061 3310 Er erschien als einer jener Ausrufer der Jahr¬
1116 3262 1200 3313 für
326 3265 1122 3317 Autor in dem Einakter „Episode“ zu, es
2064 3277 2944 3344 nicht glaubwürdig gestalten. So hatte Herr Henze
1216 3293 2064 3360 marktsmenagerien, welche das Publikum in die
336 3296 1200 3346 möglich zu halten, daß ein Don Juan, der sein
2078 3325 2945 3381 einen schwereren Stand als Herr Kalkschmidt mit
1204 3337 2070 3387 Bude locken, rühmte seine Bestien, brachte ein
335 3342 1198 3389 ganzes Sündenregister vor seinem Freunde und
2074 3363 2946 3424 seinem beschnapsten Nationalrussen. Und gar das
1209 3374 2060 3429 Exemplar derselben zum Vorschein und zeigte es
339 3379 1203 3427 uns mit allen Belegen von Briefen und Liebes¬
2073 3397 2937 3462 Fräulein Catharina Alexandrowna, die Tier¬
1208 3417 2056 3467 gleichsam ver. Das war der Erdgeist des Stückes,
338 3417 1197 3475 intriguen auskramt, einmal eine kurze Liebes¬
2067 3448 2936 3502 bändigerin, die sich nach dem Cirkus sehnt und
1199 3459 2057 3509 Leonie Taliansky, die sich gefallen lassen mußte,
332 3456 1201 3508 episode erlebt hat, die ihm unvergessen bleibt,
2065 3491 2942 3539 die den russischen Grafen ablehnt, weil er zu
1216 3495 2061 3542 als wilde Bestte aus einer Tierbude auf das
337 3486 1203 3554 weil er sich von der Heldin derselben wahrhaft geliebt
2066 3523 2938 3585 dumm ist, obschon ihre eigene Intelligenz auch
1203 3530 2062 3588 Proscenium geschleppt zu werden. Das neueste
337 3531 1206 3588 glaubt. Warum? Das sieht man freilich nicht
2070 3567 2934 3625 nicht eine erste Nummer verdient — ist sie nicht
1208 3574 2054 3621 Stück von Frank Wedelind „Fritz Schwigerling“
335 3579 1201 3619 recht ein. Er hat nun einmal diese Illusion und
2067 3583 2949 3659 ein anständiger Erdgeist und konnte ihn nicht
1213 3603 2066 3661 stieß aber auf eine viel lebhaftere Opposition als
334 3618 1205 3671 die Pointe besteht darin, daß sie grausam zerstört
2077 3642 2943 3703 Leonie Taliansky mit derselben Wildheit spielen,
1205 3651 2069 3699 der Erdgeist, nicht etwa, weil die Schlußseenen
341 3659 1207 3712 wird. Denn die Dame erscheint, die ihn damit
2078 3696 2945 3737 wie den anderen, der sich ins Lüderliche ind
1205 3693 2064 3741 darin noch heikler und gewagter waren, denn das
341 3696 1197 3751 beglückt hat, eine Cirkusdame, und sie besinnt sich
2069 3717 2948 3775 Mörderische ausgewachsen hat? Das Stück ist
1220 3735 2071 3776 ist kaum möglich, sondern weil in diesem ganzen
338 3733 1202 3780 nicht auf ihn und verwechselt ihn mit einem
2075 3758 2947 3822 jedenfalls eine Jugendarbeit, es herrscht darin eine
1219 3774 2075 3816 Schwank nichts Belustigendes vorkommt; es sind
333 3775 1197 3829 Petersburger Bekannten. Dies ist ihr nicht übel
2081 3813 2940 3859 tendenzlose Wildheit, man vermißt noch darin die
1208 3806 2065 3853 lauter Karikaturen, die aber nicht komisch wirken,
338 3813 1207 3865 zu nehmen, da sie gewiß eben so gut wie der
2073 3838 2940 3894 Accente des Modernen — aber man hätte sie
1211 3849 2069 3898 weil überhaupt zu viel wunderlicheres Zeug in
341 3852 1207 3911 junge Herr mit einem ganzen Bündel von Liebes¬
2076 3876 2950 3937 nicht herausgraben sollen, sie wäre am besten mit
1213 3888 2061 3935 dieser Komödie aufgestapelt ist. Frank Wedekind
346 3891 1210 3937 erinnerungen aufwarten könnte. Dieser ist aber
2076 3933 2945 3974 andern dramarischen Schulexereitien der Nachwelt
1221 3932 2069 3977 ist als Lyriker und Dramatiker ein echter Stürmer
337 3926 1206 3990 um seine einzige Illusion ärmer geworden und
1211 3960 2059 4014 und Dränger, talentvoll, aber ungeregelt in Allem,
2070 3964 2911 4031 vorenthalten worden. Rudolf von Gottschall.
341 3967 1210 4029 stürzt von dannen, während sie sich mit dem
1208 4005 2072 4044 und ob er diese Epoche der Gährung glücklich
349 4004 1200 4066 Freunde, einer nicht bloß episodischen Bekanntschaft,
1208 4043 2074 4095 überstehen wird, das ist die Frage, von der seine
344 4055 501 4113 tröstet.
2388 4027 2591 4111 ——0
439 4087 2081 4151 Und ein Pendant zu diesem Stücke ist der Zukunft abhängt. Mißerfolge sind bei den Er¬
