3392 4320
191 200 293 291 1.
324 206 1381 320 Pamphletsofforints
1528 214 1995 318 box 36/8
1648 1000 1758 1068 11
826 1090 2530 1207 ohne Ironie nennt — „Fertig=Gewordenen“, oder noch besser, der: „Mit — sich —
825 1159 990 1224 selbst
1045 1171 2585 1247 Fertig=Gewordenen“ bemerkbar zu machen, übertreibt Arent nach allen
831 1204 2583 1310 Richtungen und wird somit noch um ein Bedeutendes unverdaulicher und widerlicher
832 1262 1044 1322 als diese
941 1307 2585 1376 A... Sommerfeld (F 1896), der zweite und letzte Norddeutsche, der dem
825 1361 2585 1429 Dekadenten Konzessiösen macht, besaß wohl einen hinlänglichen Fond zum Fin de¬
824 1403 2580 1472 siselezisten (Wetterleuchten 1892), aber die oft genug hervorbrechende Kraft im
818 1458 2576 1525 Ausdruck, sowie die vielfach an Heine mahnende Neigung zur Pointe, der Cynismus
817 1506 2583 1593 von seiner Sympathie zum Sozialismus ganz zu schweigen, läßt die Nerventhätigkeit
824 1562 2595 1632 nicht so recht aufkommen. Wenn Sommerfeld in cynischer Selbstverurtheilung sagt:
1373 1614 1835 1680 In heißem Kinderweinen
1372 1659 1897 1723 Schluchzt unsere Seelennacht,
1378 1705 1875 1762 Bis zwischen Weiberbeinen
1379 1741 1911 1813 Vergessen uns glücklich macht
813 1767 1716 1851 und den „neuen Glauben“ dahin definirt:
1381 1830 2077 1925 „Das Einzige ist, sein Leben zu retten,
1381 1897 2046 1961 Zu wühlen in seidenen Weiberbetten;
1360 1935 1919 1988 Nur in der Dirne Lockenhaar,
1364 1958 2106 2034 Lacht noch der Himmel, goldhell und klar,
823 2004 2583 2098 so hört ein feines Ohr stets deutlich heraus, daß es ihm damit vollkommen ernst ist,
809 2062 2567 2144 daß hier die Verzweiflung spricht, die Verzweiflung über das inhaltlose öde Leben,
818 2106 2572 2162 zu welchem uns Alle die moderne Zeit verdammt. Solch' einer Selbsterkenntnis
807 2158 2571 2220 ermangelt der echte Dekadent vollkommen und wenn er irgend einen Anlauf hiezu
815 2217 1818 2267 nimmt — was übrigens sehr selten vorkommt
1811 2230 2568 2287 —, so erkennt man sofort, daß es
811 2254 2573 2322 ihm bloß um einen Tric, einen Effekt zu thun ist, wie es wohl ein Trapezkünstler
812 2319 2568 2389 zu machen pflegt —: erschrocken fährt er mit den Händen umher, als ob er den
816 2365 2563 2440 Stützpunkt verloren hätte und im nächsten Augenblick herabstürzen müßte, so daß
802 2402 2571 2493 das Publikum in Aufregung geräth aber gleich darauf zeigt sich der schlaue Gankler
799 2464 2117 2523 wieder sattelfest und nimmt lächelnd, den Beifall in Empfang.
925 2513 2563 2586 Die eigentliche Heimat der Ganglien=Korydanten ist Süd=Dentschland, genauer
803 2549 2563 2623 das Land der möglichen Unmöglichkeiten, vulgo Oesterreich geheißen. Der von
799 2598 2564 2684 Rassenhaß und Klassenwut zerfressene Boden und das seit Schiller so berühmte und
803 2665 2559 2735 berüchtigte Phäakenmilien des thönernen Polyglotten sind ausgezeichnete Faktoren,
809 2705 2554 2780 um den Samen eines Bandelaire, Verlaine u. a. zum Keimen zu bringen und den
807 2759 2560 2813 resultierenden Embrio in ein stattliches Belladonnengestrüpp zu verwandemn. Neben
805 2796 2548 2868 dem „goldenen“ Prag, wo die tschechischen Dekadenten (Machar. Kvapel, Karusek u. s. f.)
805 2861 2555 2925 ihre Residenz aufgeschlagen haben, ist das Capua der Geister unser liebes Wien an
795 2904 2547 2979 der sogenannten schönen, blauen Donau, das Emporium der hysterischen Richtung.
801 2954 2553 3012 Günstiger könnte wohl auch keine Stadt der Welt sein. Die erwähnten Faktoren
798 3002 2552 3066 treten nirgends verstärkter auf, als in der Metropole, wo alle Venen des geistigen
799 3042 2550 3124 Lebens zusammenmünden. Aber trotz alledem hätte — bei dem im Grunde doch
788 3098 2555 3145 gesunden Vandeville=Charakter der Wiener — die Décadence keinen so auffallenden
804 3160 2560 3225 Stich ins Vathologische erhalten, wenn nicht eben semitischer Einfluß vorgewaltet
787 3188 2547 3274 haben würde. Die meisten Dekadenten sind Semiten, wenigstens der Abstammung
792 3236 2546 3297 nach, und das Jndentum befindet sich auf der Etappe der physischen und psychischen
788 3301 2546 3369 Decadenee, trotz all' seiner politischen und sozialen Erfolge, die es in der letzten
785 3356 2545 3412 Vergangenheit errungen hat und noch erringt. Wie der Verdurstende ohne Rücksicht
788 3383 2536 3469 auf seine Gesundheit über den dargereichten Wasserkrug herfällt, so ist auch das
795 3434 2549 3504 jahrhundertlang geknechtete und getretene Volk, als es „emancipiert“ wurde, über die
796 3497 2548 3572 Kulturschätze seiner Mitbürger hergestürzt, ohne zu bedenken, daß sein Organismus
789 3536 2551 3602 nicht alles auf einmal verdauen könne. Die Uebersättigung ward noch durch die
789 3584 2540 3651 Trostlosigkeit der allgemeinen Weltlage gesteigert. Es bedurfte nur eines Anstoßes
789 3631 2556 3729 von außen und die Nerven begannen ihre Tarantella. Das aufregende Tänzchen
790 3683 1785 3780 gesiel, und der Wahnsinn ward Methode.
