3284 4252
966 207 1430 304 box 35/5
186 198 894 328 Spaziergang
2220 974 3302 1063 „ Wünscheeprechung dieser hochwichtigen Auge
2680 1040 3295 1111 Der Minister erhielt auf seine
2142 1042 2622 1120 Zimen und habe
1444 1034 2116 1121 derselben freundlichst ent#
539 1047 1452 1141 De jegige Ministerprasident, welcher einst sein
297 1090 465 1149 1ou. —
2608 1090 3282 1153 stehenden Aufklärungen: Das vor
1458 1069 2619 1157 schließlich zugesagt, sein Mö# für die Inter¬
290 1107 1454 1197 Abgeordnetenmandat niederlegte, weil er mit der Ausweisung
2612 1127 3301 1199 Stabeisen=Cartell sei eine Organ
1454 1131 2622 1207 essen der einschlägigen Ind De zu thun, worauf
292 1148 1464 1224 der Prätendenten aus Frankreich nicht einverstanden war.
2604 1170 3301 1236 Zwecke, um etwa die Preise auf e
1458 1188 2622 1244 die Deputation ebenso huldvoll entlassen wurde — diese
298 1183 1463 1283 Vielleicht findet man in dieser politischen Vergangenheit
1451 1211 3290 1271 hergebrachten Redensarten reichen für die Besprechung nicht in den Productionsverhältnissen ni
307 1253 1467 1313 Casimir=Périer's die Erklärung für die Unterstützung, welche
295 1251 3298 1378 gestern ein Theil der Rechten in der Kammer dem Cabinet aus, die heute zwischen dem Chef unseres Handelsamtes und vornehmlich zu dem Zwecke, um
2618 1369 3285 1436 dorben worden. Es ist mir gescheh
1547 1370 2622 1422 Merkwürdig!“ sagte Hans. „Als ich vor zwei oder
2618 1415 3293 1474 bauer saß und sich bei dem kö
1467 1403 2613 1476 drei Jahren ein paar Monate im Auslande verbrachte, habe
595 1394 1181 1494 Wiener Spiegel.*)
2614 1445 3300 1523 Drahrer“ nichts in mir regte. Ich
1474 1451 2613 1520 ich mich wohl nach der Ringstraße, nach unseren Theatern,
2621 1496 3300 1559 „echten Weana“ preisen gehört u
1466 1499 2615 1556 nach dem Rathhause nach einigen schönen Wiener Mädeln
668 1516 1098 1601 Spaziergang.
2619 1537 3301 1596 ich selbst eins habe! Der Reim von
1459 1552 2615 1606 und ein bischen nach euch gesehnt, aber das wahre Heim¬
391 1564 1462 1635 Junisonne, die langsam verglomm. Es war draußen,
2613 1578 3240 1651 hat mich ungerührt gelassen —
1460 1583 2613 1660 weh, das, bei dem Einem die Thränen kommen, das habe
307 1597 1461 1677 weit vor der Linie, und in langer Reihe dehnten sich hohe
2608 1614 3294 1692 darüber zu höhnen, daß der al
1467 1627 2620 1712 ich doch eigentlich nur empfunden, wenn mir die Erinnerung
313 1653 1459 1736 einförmige Häuser, in häßlicher, weiß=gelber Farbe schimmernd.
2613 1657 3302 1735 Vater Radetzky mit Interesse auf u
1461 1655 2618 1741 an Orte kam — wie der da einer ist. Hier ist für mich die
307 1697 1470 1773 Viele Fenster waren offen, Männer in Hemdärmeln schauten
2613 1709 3276 1782 wieder anders werden. Ich muß
1471 1725 2616 1788 Seele Wiens. Hier, wo es anfängt, so still . . . so einsam
312 1744 1465 1813 heraus und verfolgten die klingelnde Tramway mit gedanken¬
2621 1749 3266 1820 kommen. Mein heiteres Wien will
1462 1766 1796 1845 zu werden. “
299 1782 1475 1873 losen Augen; Frauen in nachlässigen, schlotternden Blousen
2614 1797 3285 1873 das, wofür ihr Alle nicht die rich
1562 1786 2626 1852 Aber entschuldige,“ sagte Max, „gerade hier hört ja
316 1831 1469 1903 blickten ins Blaue. Kinder spielten auf den Straßen,
2621 1848 3274 1911 hinschaust, Hans, da siehst du
1472 1844 2625 1903 das Charakteristische auf. Das ist vielleicht eine halb un¬
316 1858 1470 1954 schmutzig und lärmend; und auf den matt grünenden Wiesen,
2615 1886 3301 1956 der Dinge und die unbesorgte Be
1464 1887 2621 1952 bewußte Erinnerung, welche sich für dich mit dieser Stelle
319 1902 1469 1994 die hier begannen, um sich weiter hinaus in schüchternes
2677 1938 3300 2001 Für dich, Max, ist überall die
1463 1932 2635 2003 verknüpft und gerade hier dieses Gefühl der Heimat so stark
322 1967 1471 2043 Hügelland zu verlieren, waren ärmliche Menschen, die sich
2624 1969 3272 2039 und Nothwendigen. — Und gar
1465 1969 2630 2048 werden läßt. Möglicherweise liegt es auch daran, daß hier
313 2005 1471 2083 nach freier Luft sehnten, ohne es zu wissen; Buben
2621 2025 3270 2087 sind überall Komödianten, die dir
1465 2007 2625 2079 die Stadt als ein Ganzes vor dir liegt, und daß du sie
319 2047 1480 2124 und Mädel, die auf der Erde kugelten oder hin und her
2621 2053 3299 2123 müssen. Manchmal hast du die Gü
1473 2058 2630 2136 geordneter siehst, als wenn du durch ihre Straßen wandelst.
325 2095 1471 2169 liefen; Soldaten mit blöden, fröhlichen Feierabendgesichtern,
2635 2110 3299 2162 aber bist du zerstreut oder nicht in
1484 2102 2626 2175 Oder auch die Eindrücke, die du aus der Stadt mitbringst,
316 2120 1468 2224 schlechte Cigarren rauchend; Dirnen, die, meist zu zweien
2696 2148 3300 2220 Ich will anders sein, wie ihr
1483 2166 2632 2230 fangen erst hier, wenn es einsam und stille um dich wird,
326 2173 1468 2257 oder dreien, laut lachend, über's Feld schritten; zuweilen
2636 2198 3300 2254 eigentlich Alle nicht könnt, mit i
1475 2202 1784 2291 zu wirken an.“
318 2224 1482 2295 einsame Spaziergänger, die da heraus gewandert kamen, um
1562 2223 2634 2314 Aber es braucht durchaus nicht so zu sein,“ warf
2716 2233 3299 2313 „Mit einem Worte, du will
325 2257 1471 2346 von der Stimmung dieses seltsamen Grenzgebietes zu kosten,
1798 2266 2636 2355 „denn man braucht ja nicht gerade das
1479 2277 1820 2351 Stefan ein,
2622 2270 3134 2371 Hans etwas verächtlich.
324 2297 1474 2392 wo die Stadt allmälig aufhört und ihr dumpfes, langes,
1490 2317 2643 2391 Charakteristische seiner Heimat zu lieben. Ja, nicht einmal
2713 2333 3299 2400 „Nein, unter ihnen, als einer
309 2356 1474 2443 #angstvolles Athmen in einem müden, tröstlichen Seufzen
1476 2356 2630 2456 irgend etwas, was thatsächlich vorhanden ist. Was mich
2631 2377 3261 2452 Ich will, wie die Jugend, der Zi
1489 2403 2635 2489 anlangt, so bin ich darauf gekommen, daß das, was ich
315 2415 577 2495 alshaucht.
2643 2420 3277 2514 führen, durch das ganze Leben Wi
418 2417 1483 2508 So waren auch die vier Freunde heute da heraus
1480 2466 2637 2521 an Wien so lieb habe, längst nicht mehr da ist. Ich habe
2723 2478 3287 2556 „Wenn dir nicht die Naivetät
313 2484 1484 2572 gelangt. Die Sonne verglomm, kühle Schatten schlichen an
1485 2505 2628 2579 die Häuser von 1760 gern, die längst niedergerissen sind,
2635 2514 2895 2593 Max ein.
328 2530 1484 2598 den Mauern hinauf, langsam, bis sie sich auf den Dächern
1486 2531 2625 2609 und die Wiener Damen von 1820, die längst gestorben sind,
2715 2549 2937 2637 „Mir?“
322 2578 1487 2643 verloren. Nur weit draußen noch auf den letzten Häusern
1485 2592 2635 2648 und die Wiener Walzer, die traurigen, vom alten Strauß,
2724 2599 3228 2669 „Gerade dir! Denn du bis
328 2617 1485 2699 lag ein röthlicher, schmerzlicher Schimmer. Und sie spazierten
1480 2631 2637 2701 die man nimmer spielt. Und wenn ich einmal über den
2637 2652 3264 2727 Localpatriot. Du hast das kindisch
317 2671 1482 2733 weiter bis zu den allerletzten Häusern. Die Straße war jäh
1487 2684 2636 2738 Ring bummle, im Frühjahre, und ich fühle mich behaglich,
2638 2706 3298 2766 für deine Nebenmenschen, und da
329 2713 1486 2792 abgeschnitten, hier endete die Stadt. Sie wandten sich um
1493 2727 2631 2790 so merke ich gleich, daß ich eigentlich ein Herr von 1970
2634 2748 3280 2814 um die ganze Welt zu lieben, so
322 2750 1490 2814 und schauten in den Dunstkreis zurück, aus dem die
1489 2765 2639 2832 bin, und ich sehe alle die Leute, wie ich sie auf Bildern nach
2646 2787 3295 2871 Herz mit dem kleinen Fleck Erde,
338 2788 1495 2875 Straßen mühselig heranzuschleichen schienen. Sie blieben
1487 2800 2051 2895 vielen Jahren sehen würde.“
2729 2838 3274 2902 „Daß ich es liebe, gebe ich
1581 2828 2649 2934 „Das glaubst du nur!“ rief Fritz. „Es ist nur ein
330 2863 510 2924 stehen.
2632 2872 3237 2952 Und ich möchte es kennen! We
1489 2891 2635 2965 Raffinement mehr, um sich am Lebendigen zu freuen.
426 2893 1483 2970 —*) Der „Wiener Spiege!“ soll in losen Stizzen die
2636 2930 3300 3003 davon? Ich kenne die Straßen,
1491 2928 2641 3020 Gelegentlich überzeugt man sich aber auf die angenehmste
329 2949 1498 3040 Wiener Welt, oben und unten, Gesellschaft und Volk, Salon
2650 2972 3299 3034 Mundart, die der Wiener sprich
1484 2980 2645 3063 Weise, daß man doch nicht mit Schatten oder Bildern zu
334 2984 1499 3061 und Straße bringen. Das ganze Wiener Leben will er Stück für
2630 3017 3302 3089 schaftskreise, ich kenne den Corso
1490 3030 2639 3086 thun hat; nicht wahr? Und ich lasse mir von dir, Hans,
342 3015 1491 3084 Stück allmälig erzählen. Beiträge haben Ferdinand v. Saar,
2644 3065 3260 3130 im Prater, die Burgmusik —
1502 3073 2645 3143 mein lustiges Wien nicht trauyig, und von dir, mein lieber
339 3069 1503 3132 Emil Marriot, Ada Christen, C. Karlweis, Gustav!
2640 3096 3290 3171 Dinge macht, und wieso es eig
345 3109 1507 3167 Schwarzkopf, Vincenz Chiavacci, Karl Rabis, Theodor
1498 3099 2640 3172 Stefan, mein lebendiges Wien nicht historisch machen. Ja,
2634 3144 3299 3215 in einem stillen Praterspaziergang
346 3146 1503 3206 Taube, Hugo v. Hofmannsthal, Arthur Schnitzler,
1496 3154 2646 3229 verachtet mich nur. Ich bin ja auch wirklich von euch bei¬
346 3188 1496 3258 Dr. Beer=Hofmann, Hermann Bahr und Andere ver¬
958 3200 3293 3301 Anmerkung der Redaction. nahe schon in meinen heiligsten Wiener Empfindungen ver¬ vor der Minoritenkirche, oder aus
349 3233 540 3318 sprochen.
2662 3688 2892 3778 S
