3344 4320
2515 189 3007 297 box 35/4
1599 197 1688 279 G
175 200 2531 303 Der Geist in Vortund der eist in der rat
1167 773 2560 852 DBuchbesprechung im Leipziger Rundfunk.
2356 830 2615 905 ————
2208 836 2282 902 — —
1349 842 1551 914 — — — — — —
677 931 2958 1028 Arthur Schnitzler: ’Der Geist in Nont und der Geist in der Tat“
1880 1026 2523 1146 (22 Februar 1927)
1085 1290 2913 1346 Unsere heutige Bücherstunde soll eingeleitet werden
635 1362 2934 1416 durch eine hinweisende Betrachtung des neuesten Verkes von Arthur
633 1384 2999 1464 Schnitzler, das els besonders aufschlußreich angesehen werden muß,
635 1470 2937 1527 vielleicht gerade aus dem Grunde, weil es in seiner Eigenart ganz
638 1497 2967 1598 unerwartet gekommen ist und nicht eine Schöpfung des Dichters dar¬
637 1564 3005 1646 stellt, wie er sie uns beispielsweise zuletzt in der auch an dieser
636 1616 2968 1695 Stelle behandelten Traunnovelle“ schenkte. Dieses soeben erschie¬
627 1661 3013 1749 nene Buch ist nämlich eine Arbeit des Denkers Arthur Schnitzler und
630 1722 3029 1827 hat den Titel:Der Geist in Vort und der Geist in der Tat“; dem Um¬
640 1771 3020 1869 fang nach ein schmales Bändchen, wiegt es inhaltlich dennoch manche
638 1825 3031 1950 große Folianten auf, wenn er selbst es auch - wie der Untertitel an¬
639 1893 2893 1972 deutet — nur als Vorstudie, als“vorläufige Bemerkungen zu zwei
641 1958 3034 2032 Diagrammen“ gewertet wissen vil1. (daß aber das Skizzenhafte und Ge¬
635 2000 3028 2101 drängte seiner Darlegung von außerordentlichen Reiz ist, wird jeder
636 2076 3013 2143 erkennen, der das Büchlein zu lesen beginnt.] Die beiden Diagramme,
643 2100 3087 2212 im Titel klar genannt als ’Geist im Vort“ und ’Geist in der Tat“ sind
645 2174 2984 2272 die Grundlagen zu einer Charakterologie nach sorgfältig erwogenen
651 2268 3001 2332 Geneinsamkeitspunkten, sind der Versuch zu einer Einteilung geisti¬
646 2266 3037 2386 ger Typen, die Schnitzler als Urtypen“ bezeichnet. Am deutlichsten
650 2327 3063 2453 wird Ihnen, meine Danen und Herren, diese ganze Theorie werden, venn
638 2396 2990 2480 ich Ihnen an Hand der beigegebenen Tafeln das Schema der genannten
656 2468 1468 2563 Aufstellung erläutere:
1815 2492 2664 2587 (an Hand der Tafeln in
1034 2523 1695 2610 Der Geist im Vort
1024 2540 2759 2652 Der Geist in der Tat) freier Rede dargestellt)
642 2601 2994 2719 Nach dieser Erläuterung braucht vohl kaum betont zu werden, daß es
650 2674 3006 2782 dem Verfasser nicht darum zu tun ist, rein individuelle Begabungen
656 2738 2966 2838 und Talente zu zerlegen. Denn eben diese Charakterformen sind die
664 2811 3005 2892 angeborenen, einheitlichen Geistesverfassungen, sind Jene Urtypen,
663 2891 3046 2946 die sich nienals verleugnen lassen, trotz vorübergehenden Schwankun¬
657 2895 3063 3000 gen, da Ja der Typus selbst konstant besteht. Meine Einleitungsvorte
656 2962 2936 3067 können selbstverständlich bei einem Buch vie diesen nur Hinveise
661 3046 2971 3115 geben und es weder inhaltlich erschöpfen, noch es von dieser oder
662 3114 2915 3178 jener Seite gar kritisch zergliedern. Das alles muß Berufeneren
666 3127 2970 3223 überlassen bleiben, denen es zweifellos viel Anregung verschaffen
654 3187 3040 3281 wird. Vas für uns in diesem Rahmen das Hauptsächliche bedeutet, ist
668 3236 2958 3349 die ungeheure Ideenfülle, ist sein ethischer Gehalt und nicht zu¬
662 3294 3014 3404 letzt seine prägnante und einleuchtende Stilform, in der gewaltige
665 3345 2979 3455 Gedanken, Jedem verständlich, vorgetragen werden. Ver den Dichter
671 3413 3048 3504 Schnitzler liebt, der wird auch dieses Erzeugnis des Denkers in ihm
677 3506 2940 3571 besonders schätzen lernen und sich dadurch bestimmt im weitesten
674 3539 1975 3634 Ausmaße innerlich bereichern lassen.
1924 3637 2592 3712 ) m.entsprechender
972 3637 1809 3753 Als Probe gelesen: S.5
1645 3686 2445 3771 S. 58-60) Erläuterung
