3344 4352
2543 223 2998 320 box 35/4
249 247 2442 336 Der Geist in wort und der Geist in derrat
2099 594 2746 695 Dr. Max Goldschmidt
2105 676 2758 765 Büro für Zeitungsausschnitte
2460 728 2918 815 Teleion: Norden 3051
1923 754 2224 835 BBRLIN N4
2244 846 2613 923 Ausschnitt aus:
2072 899 2806 992 Berliner Börsen-Courier
2138 1058 2526 1136 40 Mörz 1077
1980 1118 2895 1208 Arthur-Schnitzter: Der Geist im
1970 1194 2901 1273 Wort und der Geist in der Tat.
2210 1266 2687 1366 S. Fischer, Verlag.
2039 1332 2891 1418 Auch in Schnitzlers gesegnetem Arbeitsleben war
1984 1393 2897 1469 (wenn man sehr allgemein zusammenfaßt) quer durch
1984 1436 2900 1495 die Fülle der Werke das Urthema aller Einzelthemen
1985 1492 2903 1554 die Beobachtung und Gestaltung des im Wort und in
1077 1496 1437 1610 4 1
1981 1529 2904 1599 der Tat erscheinenden Geistes. Freude, Zweifel, Trauer,
856 1412 1006 1644 2
1990 1584 2899 1636 Zorn, Resignation, Melancholie verfolgten diesen Geist
1994 1611 2907 1680 in seine Individualisierungen hinein. Viel Kunde von
1987 1668 2911 1735 den M#nschen der Wirklichkeit hatte in einer Schar er¬
1589 1672 1694 1746 —
520 1596 1518 1785 6 „  Wien Preitss —
1983 1711 2904 1767 dichteter durch und durch gekannter Menschen einen an¬
1580 1737 1764 1809 Reichsr
1984 1755 2902 1826 schaulichen Ausdruck gefunden. So lag es dem Dichter
1585 1789 1759 1842 Bericht
1983 1799 2912 1857 vielleicht nicht fern, zu den Beziehungen, in die immer
1560 1823 1764 1897 eine ge
397 1744 1563 1903 Von neuen Büchern.
1987 1848 2911 1912 einzelne Exemplare der Gattung Mensch traten, die
1586 1866 1778 1923 oktavba
1999 1889 2920 1955 allen Exemplaren gemeinsamen und durch ihr Mensch¬
1576 1902 1764 1969 stätten
1984 1931 2909 1999 sein schicksalhaft vorgebildeten Beziehungen zu suchen,
1567 1952 1778 2017 erhalter
692 1952 1302 2047 Artur Schnitzler.
1995 1983 2910 2038 bei den zahllosen Schichtungen und Mischungen der
1580 1997 1779 2061 er zu
1990 2031 2913 2089 Elemente, welche die Persönlichkeiten aufbauen und von¬
1572 2033 1773 2097 Pestalt
1993 2071 2911 2133 einander unterscheiden, an die Persönlichkeitstypen und
1582 2080 1778 2158 Zeitgese
1669 2113 1772 2169 D
1998 2131 2916 2182 an deren etwa vorhandene systematische Ordnung zu
1580 2147 1776 2214 modern
1991 2157 2923 2207 benken. Sein psychologisches Wissen und seine Fähig¬
1584 2205 1777 2266 Theodo
1991 2201 2912 2263 keit der klaren sinnlichen Vergegenwärtigung kamen ihm
1576 2244 1777 2295 den P#
1998 2245 2915 2318 dabei zu Hilfe. Das Wissen gab ihm den Willen zur
1584 2278 1779 2347 Gesellse
2003 2298 2913 2356 Gerechtigkeit und den Verzicht auf Eifersucht, das ge¬
1577 2332 1738 2391 „Der
1995 2331 2921 2410 stalterische= Talenk den lebenerhaltenden Blick bis in die
1593 2348 1788 2443 geschlec
1986 2385 2915 2444 letzten Abstraktionen hinein. Der Geist im Wort und
1593 2414 1773 2467 Studie
1992 2424 2913 2504 der Geist u. der Tat — dem Dichker sielen für die
977 2415 1196 2528 M
1592 2454 1781 2511 die Ide
1999 2478 2917 2548 Formen seines Erscheinens und Verhaltens einfache
1590 2495 1763 2559 gesetz
899 2521 947 2583 41
2002 2520 2912 2585 Diagramme ein: jede der beiden Geistkategorien ließ
1603 2517 1778 2587 wie Gi
1996 2557 2920 2621 sich nach Wesen, Standort, Entsprechung an einem
1597 2573 1777 2635 Religio
2006 2607 2918 2675 gleichschenkligen Dreieck und seinem Spiegelbild schema¬
1629 2614 1773 2674 Sittlio
1613 2655 1776 2717 bigotte
1994 2649 2912 2726 tisch eintragen und in „vorläufigen Bemerkungen“
1625 2696 1777 2759 Schrift
1992 2697 2910 2760 deuten. Vorläufig beißen die Eksäuterungen darum,
1667 2737 1771 2797 Pic
2001 2738 2924 2812 weil anders aus dem schlichten Ernst wirklich nur ein
1673 2789 1764 2842 ische
1999 2773 2926 2855 grimmiges Spiel hätte werden können. Im Bezirke
1683 2828 1767 2882 rt b
1992 2833 2921 2893 des Wortes nun wie in dem der Tat schwebt über der
1633 2869 1776 2924 scharf!
2004 2878 2928 2940 Spitze des Dreiecks die Chiffre „Gott“, über der Spitze
1659 2907 1772 2963 r Se
1999 2911 2928 2982 des Spiegelbildes die Chiffre „Teufel“, tiefer ent¬
1652 2933 1790 3004 a#sitel
2004 2966 2923 3031 sprechen sich beide Male Prophet und Tückebold
1608 2994 1790 3059 Gegenr
2002 3002 2926 3067 (Böscwicht), und noch tiefer, an der Dreieckspitze, wo
1604 3032 1772 3088 geben
2000 3051 2929 3126 der eigentlich menschliche Bereich für Wort und Tat
1607 3075 1799 3149 Pestalo
2008 3084 2926 3158 beginnt, steht einmal der Dichter, und im Widerbild der
1998 3136 2924 3221 Literat, das andere Mal der Held und im Widerbild
1602 3127 1780 3220 schrift
1998 3166 2929 3260 der Schwindler (Hochstapler). Die Teilung vollzieht
1618 3195 1791 3255 Schilde
1997 3229 2932 3302 sich nun weiter in gegensätzlichen Paaren bis zum Zu¬
1612 3243 1797 3297 (Pestal
786 3235 1151 3337 Wen
591 3249 721 3346 4
1606 3276 1796 3342 buchhaf
1999 3274 2939 3334 sammenstoß der Dreiecksbasen. Dabei beabsichtigte
2012 3325 2932 3391 Schnißzler keine Werte, sondern ausschließlich die Kate¬
1621 3328 1797 3378 suchung
499 3311 1618 3411 Von Schnitzler erschien jetzt ein neues Buch „Der Geist
1614 3370 1801 3434 Pestalr
2009 3368 2948 3426 gorien darzustellen. Er kämpft nicht, sondern er stellt
394 3389 1564 3477 im Wort und der Geist in der Tat“ (S. Fischer, Berlin).
1628 3413 1807 3468 Es wa
2007 3407 2938 3474 felt, und deshalb trifft der Vorwurf, er gebe vielfach
1634 3441 1706 3491 7#
2009 3459 2930 3524 nichts Neues, an dem Zwecke seiner Arbeit vorbei.
2012 3512 2940 3580 Hören wit ihn mit genügender innerer Heiterkeit an,
2011 3546 2939 3615 so werden wir die Worte seiner Vorbemerkung gelten
2002 3578 2932 3648 lassen: „Vielen dürfte dieser Versuch kaum mehr be¬
2002 3632 2923 3718 deuten als eine graphische Spielerei. Auf andere ab
2009 3669 2935 3746 wird er vielleicht anregend, ja in gewissem Sinne be¬
2010 3706 2937 3776 ruhigend wirken durch Aufllärung scheinbarer Wider¬
2016 3767 2936 3835 sprüche, die uns immer wieder bei der Betrachtung und
2018 3796 2933 3871 in der Beurteilung von Individuen zu verwirren
2026 3849 2936 3924 pflegen, als welche diese Artypen in der West der
2031 3893 2679 3985 Erscheinungen aufzutreten genötigt sind.
2575 3915 2902 4001 Osker Loerke.
