3344 4192
2530 142 3005 232 box 35/4
1598 160 1683 227 G
158 165 2521 260 . Der Geist in Vort und der Istinderlat
814 1158 1488 1257 Dr. Max Goldschmidt
819 1234 1476 1325 Büro für Zeitungsausschnitte
628 1295 930 1372 BERLIN N 4
1174 1307 1636 1381 Telefon: Norden 3051
483 1466 1465 1575 Neue Badische Landeszeilung, Mannheim
2002 1647 2210 1727 M
784 1577 1201 1716 29. Jan. 1924
1713 1704 2854 1794 journalistische Geistesverfassung und journalistische Bega¬
1724 1760 2862 1835 bung usw. sind keineswegs dasselbe, und gerade so wie
1721 1800 2860 1869 Geistesverfassungen und Berufsarten müssen auch Geistes¬
916 1780 1333 1898 Begabung.
1718 1838 2865 1904 verfassungen und Begabungen, auch wo gleiche Bezeichnung
1068 1885 1194 1952 Von
1728 1885 2793 1970 für beide angewendet wird, streng unterschieden werden.
1803 1904 2863 1993 Die spezisischen Begabungen sind wohl durchaus angey
865 1934 1412 2030 Arthur Schnitle.
1721 1974 2849 2034 boren, müssen aber keineswegs in jedem Falle zur Ent
893 2002 1705 2062 Machfolgenden Aufsatz entnehmen wir
1726 2002 2854 2078 wicklung, ja, müssen nicht einmal zur Erscheinung kommen
815 2041 1711 2104 einer in diesen Tagen bei S. Fischer erschie¬
1726 2043 2872 2112 Aeußere Einflüsse, persönliche Schicksale können ihre Ver¬
825 2091 1703 2152 neuen kleinen Schrift von Arthur Schnitzler:
1730 2078 2871 2150 kümmerung oder auch ihre Vervollkommnung zur Folge
830 2120 1714 2185 „Der Geist im Wort und der Geist
1728 2146 1886 2210 haben.
1594 2156 1718 2212 ver¬
819 2157 1573 2222 in der Tat“, in welcher der Dick
1824 2163 2863 2232 Gewisse Affinitäten zwischen bestimmten Geistesverfas¬
1602 2187 1720 2248 ind
2483 2211 2530 2246 cht
821 2200 1577 2252 sucht in der Repräsentation der Gei
1727 2205 2871 2280 sungen und bestimmten Begabungen leuchten ohne weiteres
824 2236 1720 2309 Tatmenschen die Urtypen menschlichen stes
2155 2257 2201 2291 ie
1722 2245 2863 2315 ein, wie z. B. die zwischen einer spezifisch dichterischen Be¬
818 2291 1088 2353 zu schildern.
1725 2289 2868 2352 gabung und der dichterischen Geistesverfussung. Doch auch
1733 2318 2859 2395 hier handelt es sich immer nur um Affinität, nicht um
658 2314 1720 2393 Wir können allgemeine und spezisische Be¬
1727 2351 2873 2439 notwendige Beziehung oder gar um Identität. Es kann
564 2376 1061 2453 gabungen unterscheiden.
1724 2389 2871 2471 gelegentlich ein sehr hohes Maß dichterischer Begabung vor¬
658 2390 1715 2469 Die allgemeinen Begabungen könnte man auch
1735 2433 2869 2508 liegen, ohne daß das betreffende Individuum als Repräsen¬
567 2450 1711 2517 als allgemeine Anlagen intellektueller Natur bezeichnen, wie
1727 2473 2863 2539 tant des Typus Dichter zu bezeichnen wäre, wie wir anderer¬
586 2493 1718 2561 z. B. Fleiß, Phantasie, Scharfsinn — im Gegensatz zu den
1727 2500 2874 2584 seits wieder echten Repräsentanten des Typus Dichter von
564 2528 1716 2596 Anlagen ethischer Natur, den eigentlichen Charakteranlagen,
1738 2560 2531 2629 geringer dichterischer Begabung begegnen.
575 2564 1561 2643 wie z. B. Güte, Gerechtigkeil, Grausamkeit usw.
1830 2579 2872 2656 So gibt es dichterisch höchst begabte Schriftsteller, die
661 2594 1726 2671 Bei manchen allgemeinen Anlagen wird es sich schwer
1741 2647 2876 2707 der Geistesverfassung nach nicht als Dichter, sondern als:
567 2647 1729 2709 entscheiden lassen, ob sie eher den Anlagen intellektueller
1738 2675 2858 2744 Historiker (Kontinnalisten) zu bezeichnen wären; es gibt auch
679 2699 1715 2756 den Anlagen ethischer Natur zuzuzählen sind (z. B.
1744 2707 2868 2784 dichterische Begabungen (besonders solche mit vorwiegend
579 2745 827 2806 Schlauheit).
1740 2750 2869 2822 psychologischer Einstellung), die der Geistesverfassung nach
667 2774 1729 2845 Die allgemeinen Begabungen sind in Hinsicht auf die
1737 2801 2874 2864 dem Typ Naturforscher angehören, und es gibt Dichter zu¬
574 2821 1720 2889 Gesamtpersönlichkeit oft bedeutungsvoller als die spezifi¬
1747 2824 2876 2898 weilen hohen Ranges, die dem Typus Prophet zuzuzähten
571 2852 1720 2905 schen Begabungen, und je nach ihrem Grade auch mehr
1747 2892 1860 2956 sind.
575 2885 1725 2961 oder minder bestimmend für die Entwicklungsmöglichkeiten
1828 2899 2873 2976 Im negativen Gebiet sind die Affinitäten zwischen
582 2934 1737 3000 einer spezifischen Begabung. So wird z. B. die Phan¬
1736 2945 2880 3022 bestimmten Geistesverfassungen und den entsprechenden Be¬
588 2966 1723 3043 tasie fördernd auf die dichterische, der Scharffirn auf die
1742 2976 2878 3064 gabungen deutlicher und stärker ausgeprägt als im positiven!
578 3016 1314 3089 philosophische Begabung wirken usw.
1751 3029 2878 3098 Gebiet. Es gibt z. B. Repräsentanten des Typus Staats¬
668 3043 1733 3114 Eine allgemeine Begabung darf nicht verwechselt wer¬
1750 3063 2889 3134 mann mit mäßiger staatsmännischer, — Repräsentanten des
581 3092 1728 3151 den mit einer vielseitigen Begabung, worunter wir bekannt¬
1742 3112 2883 3169 Typus Politiker mit hoher politischer Begabung. Und so
582 3129 1734 3192 lich das Vorkommen mehrerer verschiedenartiger spezisischer
1742 3138 2881 3210 kann es geschehen, daß der hochbegabte Politiker für einen
578 3166 1734 3263 Begabungen in einem und demselben Individuum verstehen.
1751 3170 2887 3256 großen Staatsmann, der mäßig begabte Staatsmann für
686 3197 1724 3275 Bestimmte allgemeine Begabungen zeigen geradeso wie
1747 3228 2518 3289 einen schwachen Politiker gehalten wird.
592 3237 1743 3320 bestimmte spezifische Begabungen Affinitäten zu bestimmten
1841 3250 2886 3327 Die individuelle geistige Leistung wird im allgemeinen
1223 3272 1743 3346 B. die sogenannte diplo¬
590 3304 1209 3365 Geistesverfassungen. So wird z.
1745 3293 2921 3385 um so erheblicher sein, eine je ausgeprägtere Affinität zwi¬
594 3326 1740 3403 matische Begabung sich besonders häufig beim Staats¬
1756 3335 2893 3414 schen der angeborenen Geistesverfassung und der spezifischen
590 3378 1174 3448 mann und Politiker finden.
1752 3379 2893 3450 Begabung besteht und je höher diese spezifische Begabung
685 3386 1741 3464 Als Beispiele für spezifische Begabungen seien für
1951 3441 2044 3488 ist.
1757 3441 1965 3506 entwickelt
583 3438 1735 3509 hundert andere hier vorläufig nur die dichterische, schrift¬
1843 3435 2893 3522 Es braucht nicht erst darauf hingewiesen zu werden, daß
583 3481 1738 3548 stellerische, rhetorische, staatsmännische, politische angeführt
1753 3497 2897 3561 eine ganze Reihe von Begabungen, z. B. die musikalische,
593 3503 1739 3580 Man merkt hier nicht zum erstenmal, daß für manch
1757 3537 2889 3601 innerhalb dieser Ausführungen keinen Platz finden, die sich
596 3561 1740 3617 Arten von spezifischer Begabung gleiche Bezeichnungen ge¬
1752 3567 2893 3639 nur mit dem Geist im Wort und mit dem Geist in der Tat
595 3597 1746 3672 braucht werden, wie sie für Typen von Geistesverfassungen
1754 3604 2897 3681 befassen. Selbstverständlich aber gibt es auch unter den
597 3636 1750 3703 angewendet wurden. Und gerade der Umstand, daß wir für
1676 3667 1720 3700 #
1761 3640 2899 3722 Musikern Geistesmenschen. d. h. Repräsentanten irgendeiner“
599 3678 1751 3735 eine bestimmte spezifische Begabung und für eine bestimmta
1761 3688 2896 3754 Geistesverfassung, wie wir andererseits oft genug, auch unter
593 3716 1749 3773 Geistesverfassung häufig das gleiche Wort haben, gibt zu
1756 3710 2923 3786 den Angehörigen der sogenannten geistigen Berufe Menschen;
601 3749 1759 3804 Irrtümern und Fehldiagnosen oft verhängnisvollen Anlaß.
608 3746 2779 3866 Aber dichterische Geistesverfassung und dichterische Begabung, finden, die nicht den Geistesmenschen zuzuzählen sind.
