3392 4352
272 227 2448 327 Der Geist in Nortund der Geist in derrat
1284 1477 1943 1590 Dr. Max Goldschmidt
1030 1409 1182 1606 00
1294 1552 1947 1669 Büro für Zeitungsausschnitte
1650 1604 2126 1705 Teleion Norden 3051
1119 1652 1429 1733 BERLIN N4
1451 1730 1783 1821 Ausschnitt aus
1173 1783 2087 1914 Hamburgischer Correspondent
1364 2074 2030 2183 Vom Büchertisch.
1235 2147 2181 2237 Der Geist im Wort und der Geis in der Tat.
1055 2207 2337 2304 Von Arthur Schnitzler. Berlin. S. Fischer Verlag A.=G.
1156 2258 2333 2324 In diesem kleinen Werr Versucht Arthur Schnitzler, das
1078 2296 2346 2361 Gebiet des menschlichen Geists, insbesondere die Beziehung
1080 2349 2340 2407 zwischen dessen Urtypen, schematisch in zwei Diagrammen dar¬
1072 2376 2326 2448 Lzustellen. Er weist mit Nachdruck auf die Irrtümer hin. die
1071 2398 2355 2479 in der Beurteilung von Geistesmenschen dadurch geschehen,
1086 2460 2335 2521 daß Geistesverfassungen nicht nur von gleich oder ähn¬
1077 2493 2332 2554 lich benannten Begabungen, sondern auch von gleich oder
1072 2528 2340 2603 ähnlich benannten Berufsarten nicht sorgfältig genug
1080 2588 2332 2634 unterschieden zu werden pflegen. Als das Wesentliche für die
1078 2611 2333 2667 Beurteilung und Erlenntnis des Geistesmenschen gilt ihm nicht
1072 2656 2327 2714 der Beruf, nicht die Begabung und nicht die Seelenzustände,
1075 2682 2329 2747 sondern in jedem Fall die angeborene, einheitliche, unver¬
1083 2718 2338 2787 änderliche Geistesverfassung, als deren Repräsentant der
1078 2763 2341 2840 Typus in der Welt der Erscheinungen auftritt, wenn auch ge¬
1070 2808 2338 2869 rade die Geistesverfassung als das tiefste Element der Persön¬
1068 2829 2342 2917 lichkeit sich selbst dem Blick des Menschenkenners für kürzere
1076 2872 2355 2944 oder längere Dauer zu verbergen vermag. Viele Leser werden
1082 2921 2299 2996 dem Verfasser für das klar geschriebene, in vieler Hinsicht auf¬
1069 2963 1726 3049 schlußreiche Werk dankbar sein
2545 208 3015 311 box 35/4
