3392 4320
978 221 1093 288 Wo
288 208 2473 324 Der Geist in „Ariund der Geistin derlat
1142 1571 1808 1689 Dr. Max Goldschmict
1153 1649 1795 1761 Süro für Zeitungsausschnitte
1519 1680 1975 1789 Teleion: Norden 305!
969 1743 1279 1836 RERLIN N4
1306 1811 1669 1917 Ausschnitt aus:
1221 1861 1786 1993 Berliner Tageblatt
1308 1977 1755 2138 27. März 1927
945 2101 2110 2196 artnur Schnitzler. Der Geist im Wort und der
888 2154 1238 2222 Geist#e
1306 2157 1643 2214 Fischer, Berlin.
944 2175 2114 2250 Diese „vorläufigen Bemerkungen zu zwei Diagrammen“ erscheinen,
895 2225 2112 2275 flüchtig betrachtet, tatsächlich kaum viel mehr als eine geistreiche
900 2272 2125 2310 Spielerei zu sein — diesen Einwand sieht der Dichter auch voraus. Mit
894 2308 2124 2357 Antithesen lässt sich’s leicht scharfsinnig sein. Sicht man aber genauer
897 2343 2117 2410 hin, so offenbart sich dieser graphische Entwurf als eine tiefgründige,
898 2383 2115 2432 metaphysisch unterbaute Weltschau, die an letzte Dinge rührt und Wirr¬
890 2415 2112 2477 nisse der Wertung von Erscheinungen klären hilft, die besonders un¬
906 2462 2120 2519 serer Zeit viel zu schaffen machen. Diese erkenntniskritische Studie
899 2501 2110 2563 ist auf dem knappen Raum von sechzig Seiten nicht weniger als eine
895 2541 2117 2592 gedankenreiche Untersuchung, welche Begabungen, Geistesverfassungen,
898 2584 2120 2627 Seelenzustände Gottes und welche des Teufels sind. Keine theologische
898 2620 2123 2672 Schrift — sonst würde Schnitzler in seiner Einleitung keinen Art-, son¬
899 2658 2119 2708 dern einen Wertunterschied machen, keine rationalistische eines Auf¬
892 2694 2119 2748 klärers —, sonst würde er sich mit der blossen Einleitung der Urtypen
902 2727 2124 2780 begnügen, die die Menschheit repräsentieren, sie ist ein Werk, auf dem
903 2775 2112 2824 Boden schnitzlerischen Dichtertums und schnitzlerischer Altersweisheit
897 2808 2117 2871 gewachsen: sie geht den Beziehungen nach, die zwischen dem positiv,
912 2852 2113 2906 ins Göttliche, und dem negativ, ins Teufliche gerichteten Gebiet des
905 2876 2119 2946 menschlichen Geistes bestehen. Es sind keine unverrückbaren Pole,
911 2912 2125 2977 die so fixiert werden, es sind Funktionen, die sich aufeinander zu¬
900 2955 2122 3029 bewegen; denn die wenigen Menschen sind die Inkarnation eines der
908 3006 2111 3055 gegensätzlichen Typen. Der Literat, der in einem Werke ein Dichter sein
842 3042 2143 3114 " kann, der Politiker, der mit einer Tat als Staatsmann handelt, die 1
892 3143 2096 3205 Feuilletonisten von Beruf und Begabung, die ihrem Scelenzustande
898 3191 2094 3256 nach keineswegs Feuilletonisten sind, seien als glückliche Beispiele für
903 3229 2101 3294 die wunder- und rätselvollen Mischungen der Menschenkinder aus dem
1825 3271 2098 3338 L. W.-a. „
890 3286 1586 3347 wohlgegliederten Buche herausgegriffen.
2562 186 3021 283 box 35/4
