3392 4348
2507 299 2986 408 box 35/4
237 304 2421 415 Der Geist in Nort und der Geist in der Tat
2072 1095 2904 1208 „Neach Wienel Joufzals“
1935 1174 2926 1280 Viele 100.000 Leser!
740 1206 1643 1308 Kleinen Anzeiger“!
427 1217 630 1323 na 1
1103 1262 2942 1355 linz (Korrespondenzen, Vermischte Anzeigen. Schönheitspllcge etc. 2 Sallbunl
480 1299 1076 1369 bis zu 10 Worten 1 Scial
620 1369 2973 1461 „Oesterreichische Komödie“, ist ein großes Wort, gelassen die Sonne trauen, obwohl ihr Geheimnis jeden Augenblick auf
498 1440 2975 1501 ausgesprochen von Herrn Lernet=Holenia, der damit selber ein fliegen kann, aber es geschieht nach dem Willen des Autors. Das
1718 1467 2959 1552 Malheur trifft pünktlich ein, und was nicht publik werden soll,
515 1470 1738 1555 bißchen Komödie zu spielen gedenkt, aber gar nicht merkt, daß er
502 1512 2971 1607 schließlich selber ihr Opfer wird. Er hat entschieden mehr Ohr erweitert sich zum Skandal. Mit schlichtem Abschied entlassen,
132 1542 482 1659 freichische
508 1552 2967 1654 für die Dinge als Blick. Weil er zu viel hört, sieht er zu wenig. so ziehen Baron, Baronin und Baronesse wieder von dannen,
519 1607 2978 1697 Er formt sich hauptsächlich aus Stimmen eine Welt und gibt dann nicht ohne daß auch der Vertreter der bürgerlichen Halbherrscheist
1700 1656 2976 1741 seinerseits zu verstehen gibt, daß er, um das gesellschaftlsche
519 1678 1337 1764 die Schallnachahmung für Erkenntnis aus.
1718 1715 2976 1798 Dekorum zu wahren, die ihm liebgewordene Baronesse als Praut
147 1701 317 1808 abt.
608 1722 1736 1806 Wenigstens stellt es sich so dar in diesem Stück, das sich
486 1772 1956 1869 sehr umständlich bemüht, vorerst eine Orientierung zu suchen. Man betrachtet.
1843 1793 2970 1887 Es ist ein unappetitlicher Handel, von dem man das
493 1830 1768 1902 hat das in früheren, besseren Zeiten Milieuschilderung genannt.
203 1870 2979 1952 Im Spezialfall Alles beginnt hier mit Milieu, geht im Milieu auf und endet im Oesterreichische sofort abzuziehen bereit ist, auch wenn es sich
158 1927 2987 1998 es sich ganz gut Milien. Ganz folgerichtig braucht Herr Lernet=Holenia den langen wirklich begeben hat, begeben konnte, begeben kann. Das ist
152 1948 2977 2058 und Schntzler zur Umweg, um gerade das finnfällig zu machen, was eigentlich in den Boulevardtrick, auch wenn er sich mit Zeiterscheinung krapiert.
136 2017 2972 2129 erpersönlichts, eignet drei Akten passiert. Das ist eine ganz odiose Geschichte. Inmitten dieser Die gute liebe Gegenwartszeit und ihre Folgen werden überhaupt
165 2088 2987 2157 Daraufhit ist be- hochfeudalen Gesellschaft, die nur noch ein Schattenleben des gern nach allen Richtungen abstrapoziert, doch seelische Geneinheit
168 2105 2984 2195 zum künflerischen einstigen Glanzes führt, ist auch ein Baron Albertini, Besitzer ist nicht nur an Luft und Grenzen gebunden. Herr Lernet=Holenia,
145 2151 2970 2248 wohl zu versorgen. einer schönen Tochter, die er unter der Hand von Zeit zu Zeit mag selbstsicher auf das Wort „Komödie“ Nachdruck legen, um der
131 2229 2981 2298 der Lernet=Holenia, an den Meistbietenden vergibt. Erstens, weil er selber davon Nutzen Sache jene andere Pointe zu geben, die ihm vorschwelte: eine
138 2227 2984 2351 par läßt er von der hat, um nicht ganz zugrunde zu gehen, und zweitens, weil er der finkende Klasse, die ihr Herrenrecht weiter wahren umd nicht
130 2314 2980 2411 Füher überhaupt kein Tochter unscheinend eine Mitgift sichern will. Dieser herrlich ver= merken lassen will, daß sie nur noch am Schein hängt. Aber
135 2382 2284 2442 und erst seitdem alles kommene Vater, dem obendrein eine in solchen Affären schon sehr glauben muß man es nicht.
1817 2376 2970 2456 Herr Lernet=Holenia hat über Nacht Berühmtheit gewonnen.
233 2409 1748 2493 aber das meint routinierte Verwandte assistiert, ist nichtsdestoweniger um die
151 2496 2973 2531 Beweis zu führen, Behauptung seiner gesellschaftlichen Stellung sehr bewüht. Erst hat er mittelalterliche Verse, dann eine Haupt= und Staats¬
136 2500 2972 2584 eichischen Menschen. Er hat sich für seinen höchst komplizierten Seelenzustand eine aktion, den neuen „Demetrius“ gedichtet, formschön, mit virtuoser
176 2550 2973 2629 so wählt er gleich eigene Theorie zurechtgelegt. An ihn selbst darf der Schmutz nicht Wortpracht und Temperament geladen, schwungvoll begleilet von
149 2591 2974 2690 haristokratie benannt, heran und er hält auf Dekorum auch bei der Verkuppelung der Hermann Bahrs heißesten Segenswünschen. Dann hat er einen
169 2649 2973 2721 in der sich sound= Tochter. Er schickt sie daher nicht einfach zu den zahlungsfähigen Schwank geschrieben, „Ollapotrida“ betitelt, was so viel ist, wie
153 2687 2967 2781 ähnlich wie in der bürgerlichen Halbherrschaften, sondern will, daß diese auch die ein spanisches Gericht, in dem alles durcheinandergeworfen ist.
168 2722 2973 2823 und in der man Schranken erkennen lernen, die „so Eine“ von so Einer“ trennt. (In der berlinischen Küche nennt man das: gedrängte Wochen¬
138 2791 2970 2869 „attendrieren" wo Kurzum: das Zusammentreffen des Käufers mit seiner Tochter muß übersicht.) Dieser Schwank, von Lustigkeit und fabelhafter Theater¬
168 2835 2965 2925 tückisch und dämo- innerhalb der Gesellschaft sich vollziehen, weil es für die An= technik überschäumend, hat den Kleist=Preis erhalten. Jetzt ist e
198 2869 2977 2963 letzte weiß man gelegenheit sofort eine andere Distanz schafft. Der Herr Baron, ein Saisonschlager auf einer der Berliner Reinhardt=Bühnen. Dann
153 2929 2982 3017 aus den Lustspielen der sich das alleinige Aufführungsrecht seiner Tochter vorbehalten zog sich Lernet=Holenia auch vom Goethe=Bund in Bremen
143 3017 2969 3066 diese Dinge versteht. hat, wählt also das Schloß eines Grafen dazu, um sie mit einem einen Preis für zwei historische Einakter zu und nur
143 3039 2976 3116 ne Welt, der andere hochbürgerlichen Herrn zusammenzubringen. Es ist zwar sehr naiv, die „Oesterreichische Komödie“, die jetzt in Wien zu Darstellungs¬
144 3057 2988 3186 bei für überlegen. daß der Alte und die als Gardedame fungierende Baronin sich in ehren kam, hat bloß die Spannung vor dem Neuen
