3248 4384
182 241 377 332 25
401 248 526 320 Die
579 243 1116 319 Hirtenfloet
1297 248 1678 347 box 4/2
376 269 1162 347 Anen in enenenensenenenenenen e  1
420 1465 1529 1544 Wenden! Rückseite beachten! Wenden!
1157 1529 1494 1631 Telephon 12.801.
1259 1615 1372 1694 44
566 1677 1302 1773 „UDSERTER
407 1760 1515 1829 I. österr. behördl. konz. Unternehmen für Zeitunga-Ausschnitte
590 1814 1338 1899 Wien, I., Concordiaplatz 4.
816 1871 1118 1942 Vertretungen
408 1903 1511 1990 in Berlin, Basel, Budapest, Chicago, Cleveland, Christiania¬
412 1966 1512 2011 Genf, Kopenhagen, London, Madrid, Mailand, Minneapolis.
421 1997 1507 2070 New-York, Paris, Rom, San Francisco, Stockholm, St. Peters¬
820 2040 1110 2100 burg, Toronto.
726 2090 1202 2143 (Quellenangabe olige Gewähr.)
883 2113 1353 2202 Der Morgen Wien
409 2140 870 2231 Ausschnitt aus:
814 2207 1018 2289 E 4912
418 2243 582 2302 vom:
518 2415 1361 2511 Literarische Rundschau.
725 2491 1143 2576 Die Hirtenslöte.
461 2539 1513 2623 Im Deutsch=österreichischen Verlage, einem
356 2611 1511 2665 jungen Unternehmen, das schon namhäfte Proben eines erlesenen
363 2666 1509 2726 Geschmackes gegeben, ist jetzt ein Buch erschienen, das wir als
366 2708 1522 2788 vornehmste Publikation des Jahres ansprechen können; haben doch
362 2763 1510 2824 drei der bedeutendsten österreichischen Künstler zusammengewirkt,
360 2812 1518 2858 um eine Arbeit zu leisten, die wir dem Auslande stolz vorzeigen
360 2853 1522 2938 dürfen. Wir meinen Arthur Schnitzlers „Hirtenflöte“, deren
362 2902 1515 2954 aus neun „Radierungen bestehenden Büchschmuck Ferdinand
364 2959 1515 3015 Schmutzer, deren Einband Josef Hoffmann geschaffen
368 2997 1502 3063 hat. Die „Hirtenflöte“ möchten wir Schnitzlers reifstes Werk nennen.
1245 3060 1538 3114 J
1987 703 2040 799 1
2883 649 3207 732 ytarsasag
2081 649 2640 744 Budapesti Szivattyu¬
2378 686 2985 750 gyärtmänyainak föelarusito telepe.
2021 778 3196 838 men zumeist aus der Zeit, als besagte Lieblingstochter noch
2022 819 3191 874 Mädchen war urd in Paris Musik studierte. Björnson hat wohl
2014 869 3191 925 kaum an eine mögliche Veröffentlichung gedacht, und das kann
2018 913 3195 975 uns nur freuen, dem das gibt den Briefen den ursprünglichen
2019 957 3192 1009 zwanglosen, intimen Din, der ihren Hauptreiz ausmacht. Hier
2019 1008 3191 1053 kokettiert nicht ein Dichter mit seinem Publikum, auf dem Um¬
2024 1045 3196 1101 wege über einen Briefempfinger, hier zeigt sich ein Mensch im
2018 1073 3194 1139 natürlichen Umgang mit seinen Liebsten, Nächsten. Und rührend
2018 1125 3189 1183 ist es auch zu beobachten, wie die Vaterliebe in diesen Briefen
2022 1181 3182 1231 alle anderen Gefühle dominiert. Unzählig sind sie, die Bitten,
2016 1233 3194 1272 Beschwörungen, ja Befehle, gut zu essen, zu schlafen, nicht zu
2570 1260 3186 1318 — letzteres aber immer durch den
2021 1264 2570 1323 viel in Gesellschaft zu gehen,
2018 1293 3193 1355 Rat eingeschränkt, doch so viel mitzumechen, als zur Erhaltung
2023 1357 3190 1410 der guten Laune notwendig, — fleißig und zweckmäßig zu
2028 1381 3200 1451 studieren und besonders — sich nicht zu verlieben. Man fühlt
2011 1428 3196 1489 ganz klar und deutlich, wie unendlich lieb und teuer das ferne
2024 1487 3192 1538 Kind dem besorgten Vater ist, wenn er auch nitunter streng und
2025 1523 3190 1593 sponisch tut, kleine Schreibfehler im Französischen rügt oder sich
2026 1568 3189 1631 übergroße Wehleidigkeit und sentimentale Heinwehgefühle ver¬
2030 1620 3193 1666 bittet. Hinter der scheinbaren Strenge verbirgt sich die große
2023 1649 3194 1700 Weichheit, jenes zärtliche Gefühl, das sich einmal in dem Seufzer:
2026 1703 3180 1767 „Und die Briefe steeben aus Sehnsucht nach den Menschen",
2026 1731 3191 1800 Luft macht. Und wie stolz er auf seinen „Singvogel“ ist, wie
2022 1789 3024 1834 ihm die Entfaltung seiner Persönlichkeit, die Entwicklun
2029 1830 2993 1875 Stimme, die deren höchster Ausdruck sein soll, unendl
2026 1874 2990 1921 und namenlos bedeutsam erscheint. Aus ganzem Herze
2042 1921 3004 1975 sich für sie nach der „Gabe, hinzureißen“, „in einen
2028 1959 3024 2026 taumel zu versetzen“. Aber nicht nur zu ihrem und zu
2039 2002 3182 2063 Glücke, nein, zur Wonne und seelischen Läuterung aller Nor¬
2031 2046 3134 2103 weger. Denn Björnson ist nicht nur hingebender Vater, er
2040 2095 2993 2155 auch leidenschaftlicher Patriot. Einer von jenen, die
2036 2134 2993 2199 umso glühender lieben, je mehr sie unter den hrimische
2030 2177 2992 2239 nissen leiden. Wie ein dunkler Schatten zieht durch d
2030 2225 3017 2283 Briefe das Weh des Patrioten, das Leid des nort
2026 2267 3024 2318 Dichters, dem man den Dichtersold entzieht, weil er zur
2028 2314 3010 2380 gehört, nicht einer Meinung mit der Majorität ist.
2027 2355 3009 2415 glücklicher Optimismus überstrahlt alles siegreich, denn
2028 2406 3019 2457 ist kein Mutloser, kein Resicnierter, er gibt die Hoffnu
2030 2438 3029 2495 mals auf, denn: „Die Norweger sackt keiner ein“. Und
2027 2470 3060 2552 ja auch in manchem recht behalten, das meiste kam spät
2020 2528 3189 2584 wie er es gewollt, und es tut wohl daran zu denken beim
2023 2572 3191 2631 Lesen dieser Briefe, die uns so sehr für ihren Schreiber ein¬
2022 2623 3187 2673 nehmen. Für den Mann mit dem großen milden Herzen und
2021 2660 3194 2712 dem tüchtigen praktischen Sinn, der Weib, Kinder, Freunde
2024 2709 3187 2760 und Gesinnungsgenossen, belebte und unbelebte Natur mit so
2023 2749 2994 2806 warmer Liebe, so gütigem Verständnis zu umfassen wußt
2027 2788 2944 2846 Mann der naiven, begeisterten Superlative, für
2026 2841 2911 2896 Schwärmer, der noch in sinkenden Jahren von se
2021 2885 2873 2934 stolzem Glücke schreibt: „Mutter erregt großes
2030 2936 2851 2989 Gesellschaften, sohübsch=ist sie“, und von seinen
2023 2973 2854 3017 denken, es foll auch einmal für Euch ein gut
2000 3013 2864 3091 D# Anhänglichkeit all dieser warmen Mensche
2103 3060 2856 3124 „Die Hirtenflöte.“ Von Arthu#
2018 3098 2899 3161 neun Originalradierungen von Professor F.
2023 3143 2962 3210 Bucheinband gezeichnet von Professor I. Hoffm
2027 3186 2958 3244 geführt in der Wiener Werkstätte. —
2031 3232 2973 3290 Künstler: Schnitzler, Schmutzer und Ho
2029 3286 2976 3340 haben sich in der Schaffung dieses Buchjuwels vere
2023 3333 2974 3381 als erstes einer geplanten Serie hervorragender
2030 3365 3019 3427 Deutsch=Oesterreichischen Verlage erschienen ist. Schnitzle
2031 3411 3149 3460 bolische Prosadichtung, in der sich eine selten tiefe Einsicht in
3137 3465 3181 3517 n
2015 3456 3081 3545 die Wirklichkeiten des Lebens enthüllt, die mit zarten Ha
2480 3500 3241 3614 due 9
3189 1047 3242 1108 4
3213 2584 3286 2658 6
