3344 4320
168 241 246 336 1
1998 160 2494 239 —
236 236 1969 331 Pamphlets offprints box 36/1
743 985 2285 1054 In -Doktor Pascale schildert Zola das geheimnisvolle Treiben eines Arztes,
636 1056 2279 1115 der die Mitte zwischen den Alchymisten des Mittelalters und den Serologen der
628 1098 2275 1145 Neuzeit hält. Hier in -Doktor Pascalz, wie in vielen Werken der Neu-Franzosen, ist —
627 1160 2291 1211 wie im Lande Pasteurs natürlich — der Einfluß der Bakteriologie unverkennbar. In
639 1192 2284 1244 der Folge ist die Literatur mit sämtlichen entdeckten und unentdeckten Bazillen
636 1242 2290 1293 infiziert worden. In einem Romane von Laforest macht ein Arzt Impfversuche mit
634 1288 2287 1335 einem gefährlichen Virus an seinem Bruder, in einem anderen Romane der Mann
630 1352 2294 1399 an der eigenen Gattin. Die Schriftsteller ahnen nicht, welches Gift sie mit diesen
637 1385 2282 1443 modernen Romanartikeln ins Publikum tragen. Leider hat derselbe in neuester Zeit
635 1428 2284 1495 auch bei den deutschen Romanschriftstellern Absatz gefunden. Wirkliche Helden,
637 1474 1830 1540 wie Hermann Müller, haben aber keinen Sänger gefunden.
746 1522 2286 1577 Im übrigen sind die Deutschen mit ihrer bekannten Gründlichkeit tiefer in
643 1579 2288 1626 das Reich des Arztes eingedrungen. So verherrlicht Wilbrandt in einem Romane
633 1631 2282 1682 das segensreiche Wirken eines bekannten deutschen Orthopäden, und während sich
633 1665 2293 1727 Perfall auch in die Hexenküche der Serologen locken läßt, schildert Stratz in der
632 1718 2296 1784 Ewigen Burgs einen Landarzt, der seinem Vorbilde Meister Koch folgend, als
629 1776 2287 1835 tüchtiger Praktiker auf dem Lande wirkend, im neuesten Strombette der Wissen¬
644 1813 2287 1882 schaft weiterforscht. Auch Voß preist das Wirken des Landarztes, eines nie genug
632 1864 2296 1919 gewürdigten Wohltäters der Menschheit. Die Deutschen sind nun auch verschiedenen
645 1914 2123 1974 ärztlichen Konflikten und der ganzen Stellung des Arztes näher getreten.
764 1952 2287 2015 Wie oft liegt bei dem Arzte die Entscheidung über Leben und Tod! Das
636 2010 2292 2066 ist die größte Macht seiner Stellung, seine größte und oft seine traurigste. Diese
642 2057 2298 2117 traurige Macht, die durch den Zwiespalt zwischen Mensch und Arzt oft zu einem
636 2097 2292 2153 wahrhaft tragischen Konflikte wird, hat schon viele Dichter gefunden. In ihrem
638 2143 2296 2204 Roman Menschlichkeite behandelt Marriot die Frage, ob der menschliche Arzt
633 2203 2294 2255 unheilbaren Kranken zu einem schnelleren und leichteren Tode verhelfen darf,
644 2252 2280 2303 oder ob er mit seiner ganzen Kunst die letzte qualvolle Etappe der Auflösung ver¬
643 2296 2298 2358 längern muß. Marriot läßt ihren Helden an seiner Menschlichkeit zugrunde gehen.
641 2352 2293 2412 Theodor Storm hat in seiner Novelie-Das Bekenntnise diese Frage noch leben¬
642 2388 2293 2454 diger gestaltet. Da ist es nicht nur der Arzt und Mensch, da ist es zugleich auch
642 2437 2300 2501 der Gatte, der die schrecklichste Prüfung eines Arztes mitmacht, hilflos vor dem
636 2485 2298 2529 entsetzlichen Leiden eines geliebten Wesens zu stehen. Glücklicher Laie, der an
643 2536 1548 2603 dem Bette der Geliebten noch hoffen kann!
757 2591 1239 2673 Wie singt da Goethe:
1055 2642 1802 2727 Wofür ich Allah höchlichst danke,
1045 2707 1811 2769 Daß er Leiden und Wissen getrennt.
1041 2756 1728 2811 Verzweifeln müßte jeder Kranke,
1046 2802 1946 2880 Das Ubel kennend, wie der Arzt cs kennt.:
745 2844 2290 2921 Und so leidet der Arzt Storms unsäglich von dem Momente seiner Diagnose an.
647 2917 2298 2972 Er sicht den qualvollen Verlauf, das entsetzliche Ende seiner Gattin voraus, und als
649 2970 2300 3028 ihn die unermeßlich Leidende um den erlösenden Tod bittet, da kann der Mensch nicht
650 3010 2299 3064 widerstehen, der Arzt wird zum Mörder. Ja, Mörder! Das erkennt er aber erst, als er
636 3056 2295 3124 zu spät von einem Heilmittel erfährt, welches die rastlos fortschreitende Wissenschaft
636 3123 2283 3172 entdeckte. Ach, wie mancher Arzt mag in ähnlichen Lagen mit Billroth schmerz¬
638 3161 2298 3229 voll gewünscht haben: -Wär’ ich doch um ein Jahrhundert später als Arzt
646 3206 912 3272 geboren!e
761 3237 2299 3312 Fürwahr, der Arzt hat in seinem Berufe einen steten inneren Kampf zu führen.
638 3296 2294 3357 Da braucht es nicht erst der äußeren Angriffe, die auch ein Großer, Tolstoi, gegen
646 3349 987 3415 uns schleudert.
773 3365 2302 3449 Wenn er gegen mangelhaft entwickelte Zweige der Medizin sein gewaltiges
648 3437 2295 3503 Wort ertönen läßt, können wir am besten durch Arbeit auf diesem Gebiete ant¬
654 3492 2312 3547 worten; Angriffe gegen die höchst entwickelten, wie beispielsweise die Geburtshilfe,
647 3542 2302 3594 müssen wir entschieden zurückweisen. Wenn dem Dichter der =Kreutzersonater die
643 3589 2307 3671 Arzte ganz einfach nicht in sein System passen, sagen wir uns zum Troste: Die
