3344 4320
1941 171 2398 239 ——
1489 246 1938 337 box 36/1
257 258 1336 357 Panphlets, offprints
994 1510 2533 1581 Meine Herren! Ein Studentenkongreß ohne Fechtkünste, ein Medizinerkongreß
893 1587 2522 1637 ohne Propaganda für ein neues Heilmittel: die ältesten Laien schütteln ungläubig ihre
880 1632 2529 1682 Häupter. Und dennoch handelt es sich bloß um ein Heilmittel auf diesem Kongresse,
882 1667 2531 1731 um ein Heilmittel für den schwer gelähmten ärztlichen Stand. Endlich befolgen künftige
878 1727 2534 1786 Arzte ernsthaft das ihnen so oft im Spotte zugerufere Medice, Medice curate ipsume.
883 1767 2530 1831 Endlich richten sie ihren Blick auf die Genesug ihres Standes, suchen nach
878 1810 2532 1882 Heilmitteln für ihre Berufskrankheit. Berufskrankheit? Die Krankheit ist eben
884 1861 2521 1917 nicht nur unser Beruf, sondern der Beruf auch unsere Krankheit. Doch
891 1911 2530 1974 weiß man da draußen von unserem Leiden, weiß man überhaupt die Stellung des
893 1951 2533 2012 Arztes zu würdigen? Wer kann uns dies besser lehren als das Bild des Arztes
886 2003 2526 2063 im Spiegel der Literatur? Ach, wohl ist der Arzt eine dankbare Romanfigur, er ist
882 2059 2537 2117 ein interessanter Dramenheld geworden, aber die wirklichen Leiden der Arzte haben
894 2111 2520 2167 wenige Barden gefunden. Und wie oft scheint die Stellung des Arztes im Hohl¬
892 2154 1715 2217 spiegel der modernen Literatur verzerrt!
1010 2187 2522 2258 Die traurigste Rolle, die ein Arzt in der Literatur wie überhaupt spielen kann,
892 2242 2525 2315 ist dann, wenn er komisch wirkt. Die Arzte können heutzutage von ihrem Berufe
892 2313 2529 2359 nicht mehr leben, dafür leben Witzblätter und Lustspiele auf Kosten der Arzte.
894 2357 2521 2400 Daß es Karikaturen von Arzten gibt, wollen wir nicht leugnen, aber der Arzte¬
896 2397 2533 2449 stand darf nicht selber zur Karikatur gemacht werden. Die Herren Witzbolde lassen
887 2450 2526 2499 es aber nicht nur an Achtung vor dem Arztestande, sondern auch an Pietät gegen
885 2484 2531 2533 einen großen Dichter fehlen. Es ist dies Molière, in dessen Werken nun schon
888 2534 2531 2593 alle üblichen Witze über den Arztestand ein kanonisches Alter erreicht haben.
892 2578 2532 2648 Was hat nun die Medizin seit Molière Großes entdeckt und Neues errungen! Da
896 2632 2248 2708 dürfen wir doch wenigstens auch einmal um neuere Witze bitten.
1015 2666 2538 2736 Unter den Franzosen, die nicht nur unser Vorbild im Lustspiele, sondern
886 2753 2538 2777 auch im Romane gewesen sind, hat Balzac drei Typen von Arzten aufgestellt.
895 2790 2534 2832 Nr. r. Der Medicus urbanus: Weltmensch, Skeptiker und Diplomat. Nr. 2. Der Doc¬
904 2817 2543 2887 tissimus, weiß alles, lebt nur für die Wissenschaft. Nr. 3. Der Rusticus, zugleich
892 2863 2540 2924 ärztlicher Praktiker, Mensch und Philosoph, die sympathischeste Gestalt von den
899 2905 2532 2964 dreien. Die Arzte der meisten anderen Franzosen sind bloße Abziehbilder dieser
900 2966 2545 3033 Typen und die meisten Romanärzte könnten ebensogut Rechtskonsulenten, Sekretäre
906 3017 1468 3076 und andere Vertraute sein.
1009 3038 2534 3113 Zu den wenigen Ausnahmen gehört natürlich Zola. Während der 2Zusammen¬
902 3103 2536 3160 bruchs interessante Kapitel aus der Kriegschirurgie enthält, schildert er in -Lourdese
896 3167 2548 3217 die schwierige Stellung des Arztes zur Geistlichkeit und zum Wunderglauben. Sein
897 3198 2541 3263 RomanFruchtbarkeits wird von unseren Gegnern gegen die Arzte, die diplomierten
896 3249 2535 3301 Messerheiden, ausgespielt. Gegen eine übermäßige Operationswut haben sich aber
902 3293 2536 3365 die meisten Arzte selbst gewendet, und es gilt da eben der Satz Kußmauls: -Die
892 3341 2550 3395 Heilkunde teilt mit anderen edlen Künsten das Los, daß jedem Fortschritte eine
904 3402 2549 3457 Ubertreibung folgt.: So hat Zola selbst seinem messertüchtigen Chirurgen einen
910 3436 2556 3505 anderen tüchtigen Arzt entgegengestellt. Dankbar müssen wir aber Zola für das
906 3482 2550 3547 Licht sein, das er in eines der dunkelsten Kapitel der leidenden Menschheit, in
901 3546 2561 3605 den Wirkungskreis der Hebammen trägt, ein Kapitel, das eine offene Wunde des
903 3588 1496 3672 ärztlichen Standes aufdeckt.
2682 4037 2755 4132 800
