3344 4320
1871 164 2294 250 —
797 247 860 320 0
1448 240 1901 336 box 36/1
209 258 1284 357 Panphlets brints
830 881 2480 987 Geschichte der Medizin zeigt ja, wie verderblich die Versuche voriger Jahrhunderte
823 965 2473 1024 waren, die Medizin in ein System zu zwängen. Wir Mediziner teilen eben vor
832 998 2476 1074 Tolstoi das Schicksal unserer Erbfeinde, der Bazillen. Er will uns beide nicht
827 1040 2479 1120 anerkennen. Wenn er sich in einem Lustspiele über die verfolgungswahnsinnige
821 1091 2478 1154 Bazillenfurcht lustig gemacht, so hat er gewiß Recht, Auswüchse zu tadeln. Wenn
821 1145 2477 1223 er aber gegen Isolierung von Scharlach- und Diphtheriekranken, gegen die Behand¬
827 1192 2465 1270 lung anderer mit ansteckenden Krankheiten Behafteter plaidiert, hört jede Diskus¬
826 1252 2480 1292 sion auf. Und wenn er uns unsere stolzeste Errungenschaft, den Einfluß auf das
815 1295 2474 1357 Familienleben, entreißen will, können wir dies nur einem ehrlichen Feinde nachsehen,
814 1344 2468 1415 der uns sonst auf dem großen Schlachtfelde der Volksaufklärung und speziell im
821 1382 2466 1438 Kampfe gegen den Dämon Alkohol ein so willkommener Bundesgenosse ist. Während
821 1432 2469 1511 er aber seine Ansichten mit Bibelsprüchen zu belegen liebt, scheint er uns gegen¬
819 1479 2466 1550 über den Spruch vergessen zu haben: -Ehre den Arzt mit gebührender Verehrung,
812 1529 1483 1591 damit du ihn habest zur Not.
933 1573 2462 1653 Auch in den Dramen wie in den Romanen ist die Behandlung des Arztes
817 1626 2470 1679 eine sehr schablonenhafte. Der Arzt hat da die Rolle des vertrauten Dieners aus
816 1667 2472 1759 Shakespeare übernommen, er ist der Allerweltsonkel und hat immer merkwürdig
818 1722 2461 1774 viel Zeit zu verlieren. Eine merkwürdige, komische Figur scheint den Lustspiel¬
828 1775 2477 1821 schriftstellern auch der junge patientenarme Arzt zu sein; diese wohl eher zum
820 1822 2471 1895 Tragischen neigende Figur wird in neuester Zeit von der Medizinerin abgelöst,
826 1857 2098 1931 die auch im deutschen Lustspiele nicht auf Rosen gebettet ist.
939 1917 2462 1983 Welche Wandlung aber die Stellung des Arztes in neuester Zeit in den
815 1967 2474 2029 Augen der Autoren gemacht hat, erhellt aus zwei deutschen Lustspielen, dem alten
826 2013 2471 2074 =Doktor Klauss und der „Jugend von heute.: Der Doktor Klaus ist der Typus
818 2065 2474 2141 des alten Hausarztes, ein Biedermann mit der gehörigen Portion Grobheit, dafür
818 2108 1671 2158 aber mit dem Herzen am rechten Fleck.
928 2135 2467 2216 Hermann, der Arzt und Held der =Jugend von heutes, ist schon infiziert,
816 2200 2454 2274 er hat natürlich seinen Bazillus gefunden, es ist das der so beliebte Scharlach¬
813 2239 2462 2312 bazillus. Doch, obwohl er als kompletter Idealist gedacht wird, denkt er nicht
815 2286 2468 2362 daran, in seiner der Menschheit so wichtigen Arbeit fortzufahren, sondern zerbricht
815 2356 2466 2397 sich während des ganzen Stückes den Kopf über alle möglichen anderen Dinge.
809 2392 2461 2464 Anscheinend war die moderne Stellung des Arztes dem Autor nicht lustig genug
816 2439 2467 2518 für vier Akte; übrigens ein merkwürdiger Arzt, ein sonderbarer Schwärmer, der erst
815 2478 2454 2560 durch einen Angriff in der Zeitung aus seiner Untätigkeit emporgescheucht werden
805 2545 2452 2585 muß. Für Laien mag solch Spielerei mit großen Gedanken interessant sein; für
812 2581 2457 2645 Arzte bleibt wohl der interessanteste Moment des Stückes die einzige wirkliche
813 2622 1837 2694 Tat des Helden: das Unterbinden einer Subclavia.
918 2677 2457 2730 Eine traurige Rolle spielt der Arzt in Gerhard Hauptmanns Drama Vor
811 2736 2450 2792 Sonnenaufgange. Gelegentlich der hiesigen Aufführung dieses Stückes durch einen
813 2795 2450 2851 akademischen Verein lasen wir, daß bei einer Berliner Aufführung ein Arzt wütend
810 2833 2457 2878 seine Zange als Demonstrationsobjekt geschwungen habe, und wenn wir heute,
806 2861 2459 2931 in der Schule des Naturalismus etwas kühler geworden, selbst einen Akt auf eine
809 2915 2455 2991 Totgeburt zu warten gelernt haben, so werden wir uns nie mit einem Arzte befreunden
811 2967 2463 3004 können, der, der verkörperte Skeptizismus, seine Praxis bloß als eine Melkkuh
814 3002 2463 3079 betrachtend, eine kalte Rechenmaschine ist. Ein solcher Arzt kann freilich nicht den
802 3073 2459 3127 Konflikt lösen, der wie ein neues Drama aus dem letzten Akte hervorleuchtet, den
814 3101 2453 3161 Konflikt zwischen dem Arzte und dem Menschen: dem Arzte, der den unbeugsamen
811 3167 2458 3219 Gesetzen der Vererbung folgend die Ehe verbieten, dem Menschen, der dem
810 3210 2453 3265 Freunde Hoffnung geben muß. Ein solcher Arzt soll nur seinem Plane folgen
807 3250 2444 3331 und möglichst viel Geld zusammenkratzen, um dann aus dem Arztestande baldigst
815 3298 1180 3358 zu verschwinden.
919 3353 2450 3420 Zwei der hervorragendsten Dramatiker können die Arzte Österreichs stolz
812 3402 2453 3452 zu den Ihrigen rechnen, es sind dies Schnitzler und Schönherr. Natürlich haben
812 3455 2453 3507 auch sie Arzte, aber wirkliche Arzte auf die Bühne gestellt. In seinem -Ver¬
808 3497 2455 3562 mächtnise stellt Schnitzler zwei Arzte einander gegenüber. Einen einfachen, tüchtigen
