3436 4448
1986 119 2286 199 —
1494 181 1938 292 box 36//7
140 205 1329 316 1. PannhletsOffbrints
1124 797 1668 901 LA NOUVELLE REVUE
694 822 818 901 344
687 869 2100 964 cosmopolite. Le reste de son chapitre sur Tamour allemand
698 952 2098 1018 contient, à vrai dire, des indications un peu plus précises, mais
701 1026 2101 1088 elles ne sonl point de Stendhal. Elles sont empruntées à un livre
692 1072 2103 1144 paru en 1809, intituié Voyageren Aufriche, et dont Tauteur n’est
688 1139 2090 1197 autre que Cadel-Gassicourt, le célebre apothicaire de Napoléon Ic.
693 1186 2097 1242 L’opinion de Cadel-Gassicourt sur Tamourtelque le pratiquentles
690 1268 2085 1328 Autrichiennes lient en pen de mots: & Rien n’est plus complai¬
699 1318 2098 1370 sant, écrit-il, plus doux qu'une Autrichienne, chez elle T’amour
691 1366 2100 1437 est un culte. ) Et il ajoute avec une pointe de cynisme: ellya
699 1427 2096 1501 des femmes légères et capricieuses partout, mais, en général, les
697 1481 2101 1553 Viennoises sont lidéles et nesont nullement coquelles; quand je
689 1554 2104 1612 dis qu'elles sont fideles, c’est à Tamant de leur choix, car les
690 1621 2096 1699 maris sont à Vienne comme partout. ) Reste-t-il assez Parisien,
701 1656 2094 1729 ce Cadet, mème en parlank de l’Autriche ei des Autrichiennes!
693 1723 2108 1808 Ses observations sont dailleurs d’un homme avisé et instruil. Lt
704 1799 2115 1862 nous allons voir tantôt Touvre de M. Sehnitzler confirmer son
695 1837 995 1917 témoignage.
744 1909 2106 1964 Stendhal, qu’on ne saurait trop eiler en pareille matière, dis¬
700 1953 2102 2025 tingue, comme on se rappelle, dans son livre De l’Amour, qualre
709 2015 2109 2085 types d’amour essentiels: Pamour passion, Tamour goül, Tamour
703 2077 2102 2160 physique et l’amour de vanité. Lamour passion serait spécili¬
706 2150 2117 2213 quement italien comme Lamour de vanité serait essenliellement
696 2199 2104 2270 français. Dans quelle catégorie ranger Tamour viennois, mé¬
698 2254 2095 2335 connu par ledit Stendhal, trop briévement défini par Cadet¬
710 2312 2118 2386 Gassicourt et glorilié dans les piéces et nouvelles de l’auteur qui
704 2364 2107 2430 fait l’objet de cette étude? Le problème peut sembler Trivole,
711 2430 2102 2492 mais il s’impose. Parler de M. Schnitzler, c’est parler d'amour,
709 2504 2119 2581 c’est parler de lamour à Vienne, Donc, et, tout comple fail, je
701 2563 2123 2623 tiens T'amour viennois, sous la forme ou il remplit les écrits de
715 2609 2110 2663 M. Schnitzler, pour un sentiment disparate. Chez les femmes de
713 2670 2108 2728 M. Schnitzler, T’amour revét la forme de Tamour passion, alors
716 2727 2117 2806 qu'il lient surtout, chez Thomme, de Tamour gout, mélangé d’une
703 2808 2114 2867 pointe d’amour physique. Très évidemment, la situalion des
706 2830 2105 2923 hommes par égard à Tamour n’est pas, dans T’euvre de
714 2908 2114 2969 M. Schnitzler, identique à celle des femmes. Les hommes, chez
706 2968 2115 3037 M. Schnitzler, vivent de l'amour, les lemmes aussi; mais, parlois
703 3019 2111 3080 encore, elles en meurent. L’amour est généralement chez la
717 3082 2112 3151 femme plus sincère, plus désintéressé que chez Thomme. La
715 3137 2112 3227 femme se donne plus enticrement ei se reprend moins vite. La
715 3198 2124 3258 Viennoise de M. Schnitzler est bien telle, en somme, que l’avait
699 3247 2128 3338 déerite le pharmacien attitré de I’Empereur français: lendre,
707 3328 2119 3418 lidele, capable, quand elle aime, de lous les sacrilices, elle fen¬
3016 805 3312 904 UN PARISTE
2612 888 3307 978 drait des points aux Pénélope
2664 955 3328 1043 Passion et fidélité, ce sont
2617 1010 3327 1096 dominants chez la plupart de
2620 1078 3319 1154 dessinées par M. Arthur Schn
2622 1126 3323 1200 doux. Passons-en quelques-un
2618 1195 3320 1267 lan, Théroine du récit (grande
2631 1257 3315 1322 tulé: Madame Bertha Garlan.
2624 1311 3329 1391 qu'elle n'aimait pas, mère de
2635 1364 3330 1446 Tannées de mariage, Bertha Ga
2634 1430 3332 1490 penséc à & l'amant de son choix
2633 1476 3321 1567 bach, un ami d’enfance qui a fa
2626 1545 3317 1620 rière et qu'elle a, depuis lors,
2632 1594 3320 1675 précoce venvage par le souven
2623 1655 3324 1726 Emile Lindbach, Bertha qui h
2634 1719 3330 1787 écrire et lui demande un render
2627 1775 3330 1859 ché et tres aimé des femmes, n
2627 1837 3331 1913 de Bertha et l’invite à le venir vo
2629 1888 3330 1968 émue, délicieusement jolieetfrai
2636 1951 3342 2032 Tel un beau fruit mür, elle tombe
2631 2006 3333 2088 son idée, un début, mais c’est lä
2632 2067 3333 2158 et une fin. Aux billets ardents
2625 2129 3326 2217 rendez-vous, il réßond par des
2626 2182 3335 2265 résiste. Tant et si bien que lana
2642 2258 3338 2313 Tout d’abord, elle s’indigne, elle
2628 2313 3337 2382 peu à peu à une tristesse humi
2641 2356 3339 2447 d’Arthur Schnitzler ne s’emport
2640 2421 3342 2503 mes. Après tout, songe Bertha,
2642 2474 3337 2562 ment dont elle souffre? & N’était¬
2644 2530 3346 2621 maitresse, et pour cela seuleme
2640 2602 3335 2680 sans nulle garantie pour T’aveni
2650 2651 3348 2737 trou de province, le cceur brig
2645 2713 3339 2795 que d’autres s’offriront désorin
2646 2772 3341 2837 restera lidele au souvenir de cet
2645 2826 3348 2916 &Et, si elle veut étre loyale vis
2649 2889 3347 2969 venir encore que, de toute sa v
2642 2947 3356 3032 tent pas moins ce qu'elle a éproc
2684 3012 3348 3073 Plus touchantes encore, la lid
2634 3065 3345 3146 Théroine du récit intitulé Jo
2648 3123 3343 3205 apetite amie ), comme dit pudi
2639 3187 3350 3261 phtisique condamné à une mo
2646 3248 3348 3328 longtemps d’optimistes illusion
2630 3311 3353 3396 moins secret que les autres Ia
