3436 4448
2106 161 2231 222 —
1479 232 1924 320 box 36/7
126 246 1311 360 1. PanphietsOffbrints
2495 825 2601 913 349
1617 820 2214 937 UN PARISIEN DE VIENNIE
1209 919 2606 994 Mimi et Mimi Pinson, Muselle et Lisetle ne se piquaient point
343 955 521 1031 etmuet,
278 933 332 1033 10
1218 980 2615 1066 de ves sehliments eleves, ni surtont de cclte fidelite, qui animent
344 1032 520 1093 On, Sans
1216 1043 2608 1105 sinon ioute la galanlerie viennoise, du moins les héroines de
354 1082 507 1149 cMaric
1219 1103 2618 1174 M. Schnitzler. II Faurait Pailleurs, tout un paralléle — littéraire
1210 1159 2615 1247 et galant — à tracer entre la griselle parisienne et la & donce
423 1201 519 1273 18 la
1223 1213 2614 1296 fille o viennoise, d’apres les cuvres de leurs poctes atlitrés. Ce
1214 1271 2625 1377 parallele, il me plairait fort de le tenter un jour, mais un aufre
1215 1331 2640 1432 jour.. Cest asscz scjourné, pour l’inslant, dans la Trivole sociélé
1225 1418 2625 1475 des demoiselles de M. Schnitzler, I convient maintenant de con¬
1220 1453 2629 1526 sidèrer ie beau tafent de Tauteur viennois sous son autre face,
1229 1532 1555 1604 moins riante.
1272 1741 2627 1838 IIya, dans Touvre de Nicolas Poussin, un tableau admirable
1226 1801 2633 1901 entre lous, tant par les qualités de métier qu’il atteste que par
1225 1867 2621 1946 Tidée philosophique qui s’en dégage. Cetableau: les Bergers d’Ar¬
1228 1920 2631 2000 cadie, représente la scène suivante: une troupe de bergers et de
1233 1985 2630 2058 bergères parcourt gaiement un site agreste, d’une majestésereine
1234 2052 2639 2122 eldoucc. Soudain, devant les pas des promeneurs, au milieu d’un
1228 2121 2635 2187 bouquet darbres, un tombeau se dresse. Sur la pierre moussue,
1228 2162 2638 2238 ces mots se lisent à moitié eflacés: Ef in Arcadig ego (Et moi
1232 2215 2632 2305 aussi, je vivais en Arcadie). In’en faut pas davantage pour faire
1234 2274 2645 2358 expirer sourires et chansons. A celte voix d’outre-tombe, les
1237 2329 2643 2418 bergers devenus pensifs et mélancoliques, prétent l’oreille et font
1242 2384 2641 2464 sür eux-memes un triste retour: dans leurs veines à passé le
1234 2463 1815 2554 frisson glacé de la mort.
1283 2503 2636 2601 II Faquelque chose de la tristesse sublime des Bergers d’Ar¬
1251 2585 2639 2649 endie, dans les contes familiers de M. Schnitzler. Ses récits sont
1247 2632 2644 2724 pleins a la fois d’une joie de vivreexubérante et de Thorreurqu'ins¬
1249 2709 2649 2773 pire à Themme jenne, qui aime et qui est aimé, Tidée de la lin
1239 2747 2647 2844 inexorable. Le pensée de la mort ne quitte point les amants de
1247 2818 2651 2890 M. Schnitzler. Elle les poursuit jusque dans leurs plus intimes
1243 2879 2649 2947 étreintes et sa présenge invisible, mais partout soupçonnée, préte
1259 2928 2646 3010 à leurs transports une äcre saveur. M. Schnitzlern'a écrif aucune
1256 2989 2637 3050 histoire d’amour on ces c rappels de la morty ne se rencontrent.
1300 3053 2650 3115 C’est dans son petit roman intitulé Mourir et dont nous avons
1259 3125 2650 3168 déjà parlé que l'amour frénétique de la vie et l’obsession de la
1262 3159 2657 3254 mort vont le plus étroilement, le plus signilicativement de
1260 3245 2659 3315 pair. Félix, le pauvre phtisique condamné, jouit des plaisirs
1257 3301 2654 3368 de T'amour et des beautés de la nature avec une intensité mor¬
1252 3356 2657 3425 bide. Jamais le ciel ne lui a paru si bleu ni sa maitresse
