3436 4448
2072 154 2343 231 —
1485 234 1937 318 box 3677
154 230 1338 355 1. PanphletsOfforints
1330 914 1884 1007 LA NOUVELLE REVUE
912 944 1021 1015 340
902 983 2317 1081 S’il ne se risque point anx audacienx coups d’aile, avec quelle
905 1068 1435 1144 maitrise il papillonne!
941 1110 2320 1177 M. Arthur Schnitzler est né dans la jolie capitale, au bord du bieu
907 1185 2315 1258 Danube, le 15 mai 1862. Mafait des études médzales completes,
906 1223 2320 1297 mais obeissant à une vocalion impérieuse, il s’essayait dés 1886
916 1289 2321 1377 dans la littérature. Un recueil de dialogues intitulé Analol (1) et
913 1371 2325 1440 publié en 1892, lui valut son premier grand succes. Depuis lors,
904 1420 2321 1487 M. Schnitzler n'a cessé de produire et presque lonjours avec bon¬
913 1469 2320 1543 heur. On lui doit un grand nombre de pieces de théatre, des dia¬
903 1544 2331 1601 logues participant à la lois de la piéce de théätre et du récit en
898 1609 2329 1667 prose, deux grandes nouvelles qui sont de petits romans, cnlin
903 1649 2324 1730 plusieurs recueils denonvelles proprement dites ou contes. Cest
914 1710 2319 1775 évidemment au théatre que M. Arthur Schnitzler doit sa grande
910 1763 2331 1835 notoriété. Célebre comme auteur dramalique en Autriche et en
917 1844 2320 1905 Allemagne, il n’est pas inconnu chez nous en celle qualité. Le
915 1901 2327 1959 Théätre Antoine a donné son Perroquet vert et les Bouffes son
922 1949 2329 2006 Souper d’Adien. M. Faguet ayant pris connaissance, en outre,
925 2001 2321 2088 d’une traduction manuserite d’Amourette (Liebelei) (2) publia
924 2064 2334 2132 au sortir de cette lecture un leuilleton enthousiaste. Aussi bien
915 2117 2334 2198 les drames de M. Schnitzler sont-ils plein de qualités. M. Fagueta
911 2188 2332 2252 justement déclaré que Liebelei (le chef-d’cuvre scénique de
917 2250 2331 2312 M. Schnitzler), était une chose remarquablement vigoureuse et
915 2310 2332 2367 directe. Son dialogue aussi est d’une qualité rare et ces deux
926 2370 2332 2426 ouvrages dialogués: Anatol et Reigen, contiennent des scènes
921 2406 2329 2499 exquises, mais je ne puis m’empecher de mettre les nouvelles du
920 2495 2334 2552 meme auteur fort au-dessus du reste de ses écrits. Cette nature
933 2552 2334 2618 discrête et fine, éprise de nuances et demi-leintes, se livre dans
921 2597 2335 2657 la nouvelle avec plus de bonheur encore que dans le drame.
924 2674 2339 2729 M. Schnitzler excelle dans l'analyse délicate des états däme
932 2706 2335 2792 passionnels, i#les décrit avec une précision on l’on devine de la
938 2780 2339 2851 sympathie et de T’expérienee. Sceptique par instinct, il a un gont
927 2840 2344 2911 marqué pour Tironie et pour Thumour, mais son sceplicisme va
940 2895 2343 2964 de pair avec un naturel trop tendre et trop aimant pour jamais
935 2951 2343 3023 se complaire ni s'atlarder au sarcasme. M. Schnitzler apporte
935 3030 2338 3090 dans T’examen des choses de Tamour le sérieux qui convient. IIa
932 3074 2335 3149 peu d’idées, mais sa sensibilité, mais sa sentimentalité est ex¬
947 3143 2333 3204 treme. Tous ces dons la sont l’apanage du romancier ou du nou¬
935 3198 2337 3261 vellier: ils ne sont point le propre de lhomme de théätre.
943 3263 2341 3333 M. Schnitzler, pocte raffiné et délicat, a réussi sur la scène parce
987 3347 2331 3439 (1) La plupart des cruvres de M. Schnitzler ont eteedlitees par la librairie S. Fischer
966 3403 1129 3452 Berlin.
978 3444 1624 3506 (2) Traduction due à M. Jean Thorel.
1702 3911 2072 4047 RRRE
2565 4110 2799 4182 A
3071 922 3328 998 UN PARIS
2691 993 3333 1083 qu'il est tres intelligent et#
2699 1052 3336 1146 Viennois de race, T’art théät
2688 1121 3324 1205 point ceqully a chez lui d
2688 1184 3328 1251 pieces, mèmes les plus appla
2695 1236 3339 1317 est un peu arlificiellement ih
2687 1306 3332 1375 la simplicité, la gräce mémes
2733 1355 3337 1434 Conteur délicieusement n
2695 1405 3329 1485 sacrilié au naturalisme. C’est
2702 1475 3340 1540 à Vienne que la répugnancel
2707 1529 3339 1607 capitale aux productions nat
2702 1582 3349 1670 séculaires de dignité et d’élég
2706 1644 3339 1716 el Jui relusa le lihre établisse
2709 1707 3338 1780 il voir néanmoins l’influeneg
2705 1763 3351 1848 taines brutalités du petit ron
2701 1814 3350 1902 rir. Cest Thistoire d’un pa
2712 1891 3334 1965 d’aimer, qui met trois cents
2713 1948 3349 2018 rements sans nom, dans cec
2717 1999 3354 2081 un monde meilleur. L’éle
2705 2051 3345 2148 mème, est tres accusé dans
2716 2114 3346 2203 L’exaspération sensuelle prof
2723 2176 3329 2264 qu'elle allume au cceur de
2717 2225 3348 2326 eruellement notés. II se peut
2714 2302 3349 2380 peut que Mourir soit un r
2713 2340 3344 2445 comme viennois. Mais il se
2723 2406 3352 2490 simplement le résultat des oh
2724 2471 3339 2555 teur, lout frais émoulu de
2722 2526 3329 2609 on il écrivait ce livre, un
2719 2581 3335 2672 nière hypothése est mème la
2764 2643 3338 2731 On a souvent comparé M.
2733 2705 3349 2791 sanl. & Un Maupassant vienne
2726 2760 3354 2851 ceque cela veut dire? Maup
2734 2822 3350 2904 leur étre intime autant qulil
2725 2881 3358 2954 Schnitzler est sentimental; M
2731 2937 3360 3025 est doux. Par la mise en scen
2730 2998 3344 3082 forme, l'auteur français et
2740 3037 3359 3140 moins que par le fond. Com
2731 3118 3356 3196 passant peint plutôt qulil nel
2739 3179 3351 3261 que fait M. Schnitzler. Le r
2740 3227 3359 3319 chez Maupassant que chez
2747 3281 3367 3374 Danube. Conformément au
2753 3359 3365 3437 laissait l’äme de ses personn
2757 3404 3364 3509 ei dans des dialogues merve
2892 4091 3214 4174 ggesinsencan
