3436 4448
2055 126 2272 191 —.—
1536 202 1988 294 box 36/7
194 210 1399 322 1. PamphletsOffbrints
1434 903 1992 1004 LA NOUVELLE REVUE
1001 926 1128 991 342
1012 979 2406 1063 guère dans ses historiettes. M. Schnitzler en use tout autrement.
1010 1076 2422 1125 Ses nouvelles sont à pen près vides de dialogues et l’actionen est
1017 1126 2420 1190 fort mince. C’est le plus souvent d’une manière indirecie, par des
1006 1172 2409 1239 conversations, par des propos de tierces personnes, que les cir¬
1010 1229 2425 1317 constances du récit nous sont exposées. La dernière Chanson,
1017 1303 2413 1375 par exemple, un chef-d’ouvre, est construite sur ce plan-la. Les
1023 1347 2430 1432 sentiments dont le cceur de l’héroine déborde, sentiments d’une
1011 1409 2421 1475 violence extréme puisqu'ils la poussent au suicide, sont montrés
1021 1482 2412 1537 uniquement dans les conversations des personnages secondaires.
1011 1537 2414 1598 Il en résulte peut-être un affaiblissement de cet intérêt drama¬
1018 1586 2416 1664 tique qui s'attache à la représentation directe des événements,
1010 1664 2422 1718 mais à ce recul dans l’espace et dans letemps, les faits rapportés,
1007 1704 2436 1762 les ligures évoquées doivent une sorte de gräce lointaine, d’émo¬
1015 1768 2378 1832 tion apaisée et discréte qui ont aussi leur charme et leur prix.
1064 1830 2423 1896 Mais, si je ne comprends guère que les Allemands d’Allemagne
1024 1880 2429 1962 s’obstinent à dénoncer une parenté étroite entre Maupassant et
1021 1943 2424 2018 M. Schnitzler, je conviens, d’autre part, que les récits de l’auteur
1030 1999 2432 2068 viennois ont un certain air ode chez nous 9 trés apparent. Ces
1029 2061 2420 2133 contes aimables et vifs, tout pleins de clarté, de fine malice, de
1024 2121 2423 2189 mélancolie élégante, d’une ironietempérée de sentiment ou d’une
1024 2195 2425 2249 sentimentalité tempérée d’ironie, relévent de la tradition fran¬
1037 2234 2425 2310 çaise et latine bien plus que de la tradition allemande. L’Alle¬
1025 2295 2435 2346 mand nese meut point à l'aise dans un cadre on T’espace lui est
1025 2377 2437 2427 si mesuré. II dit médiocrement lorsque les convenances d’un
1021 2419 2427 2486 genre littéraire l’empéchent de tout dire, de tout dire abondam¬
1031 2473 2440 2543 ment. Le Décaméron de Boccace, les Contes de La Fontaine sont
1024 2535 2445 2612 des chefs-d’ouvre latins. Les contes de M. Schnitzler, si marqués
1036 2604 2437 2671 qu'ils soient à Tempreinte germanique, sont de la mèine famille.
1028 2655 2433 2711 Entre les nouvelliers c allemands d’Allemagne ), surtout de
1036 2714 2442 2769 l’Allemagne du Nord, tels que M. Raabe, et les nouvelliers
1024 2791 2436 2853 français du genre Maupassant, I’Autrichien Arthur Schnitzler
1032 2841 2400 2894 constitue un chainon intermédiaire, moins rapproché, certes, —
1028 2887 2463 2973 malgré l’identité de lidiôme — du type Callemand d’Allemagne)
1043 2954 1518 3033 que du type français.
1693 3032 1788 3126 * .
1077 3107 2445 3200 Observons d’un peu plus prés M. Schnitzler. Dans quelle
1042 3180 2437 3246 sphére se meut-il? Quels sentiments met-ilen cuvre? M. Anatole
1032 3267 2447 3317 France a dit un jour de M. Pierre Loti: cIl connait les diverses
1036 3315 2447 3378 figures que Tunivers nous montre et il sait que ces ligures, en
1028 3359 2453 3444 apparence innombrables, se réduisent réellement à deux: la
1026 3417 2444 3506 ligure de Tamour et celle de la mort. 9 La méme observation
2889 3842 3034 4009 10
2993 4083 3223 4143 Ssic
