3436 4320
1524 219 1974 316 box 36/4
189 209 1359 322 1. Panphlets, offprints
745 831 870 891 166
1125 844 1966 891 Neuwiener Schicksals= und Stimmungsdichtung
750 955 2316 1034 den einen als etwas sehr Heiliges, den anderen als etwas sehr Unheiliges
745 1007 1078 1080 erscheinen muß.
839 1078 2315 1139 Daß Hofmannsthal von solcher Bühne herab auch als Dramatiker un¬
743 1145 2313 1198 mittelbare Wirkung ausüben kann, hat er zum mindesten durch eines seiner der
748 1193 2321 1275 Antike entnommenen Stücke bewiesen, durch seine „Elektra“. So eng sich die
737 1246 2314 1337 Handlung zumeist der Sophokleischen anschließt, so ganz gehört dies Stück dem
740 1320 2324 1388 modernen Dichter. Der Schicksalsgedanke tritt diesmal zurück, obwohl auch
748 1375 2319 1451 hier von des „dunkeln Schicksals finsterm Baum“ die Rede ist, an den der
748 1425 2309 1507 Pfeil der Götter das Geschöpf nagele. Was herrscht, ist das von Sophokles
745 1492 2310 1573 nur leise und teilweise angedeutete, von Hofmannsthal breit und mit schauerlicher
734 1558 2314 1625 Bildkraft ausgeführte Kranksein der Gestalten. Krank ist Klytemnestra, die in
744 1617 2312 1669 einem halb unbewußten Augenblick zur Gattenmörderin wurde und nach dem
735 1665 2306 1729 Geschehnis (das ihr kaum Tat war) immer tiefer in Krankheit sank; krank, ja
745 1726 2303 1793 eine Wahnsinnige, ist Elektra, die das Wissen um das Entsetzliche, ein ent¬
747 1798 2309 1863 würdigtes Leben und die Maßlosigkeit jahrelangen Rachedurstes zerrütet haben;
730 1839 2308 1917 und etwas krankhaft Überreiztes liegt auch schon in der blühenden Chrysothemis,
737 1897 2307 1979 deren Begehren nach Mann und Kind zu lange der Befriedigung harrt. Man
728 1970 2309 2037 kann das Stück eine Krankheitsgeschichte nennen und kann wohl die Frage auf¬
739 2015 2300 2102 werfen, ob es Sache des Dichters sei, Krankheit um ihrer selbst willen darzu¬
736 2063 2306 2149 stellen; aber die gewaltige Kraft, mit der Hofmannsthal auf diesem Wege,
741 2143 2029 2206 vielleicht einem Irrwege, hinschreitet, ist unmöglich zu verkennen.
826 2199 2292 2270 Richtet man den Blick auf das Krankhafte in Hofmannsthals „Elektra“,
731 2234 2304 2308 so hat man die Bindung zwischen den Schicksalsdichtungen und den anderen
721 2314 2309 2381 geistigen Erscheinungen der Zeit: es tritt das naturwissenschaftliche Element als
722 2379 2311 2446 Kittung zutage. Naturwissenschaft dürfte es gewesen sein, die im Ausgang der
722 2433 2295 2499 siebziger Jahre die „Neuen“ zur exakteren Lebensdarstellung trieb. Natur¬
722 2488 2294 2552 wissenschaft führte aus der Betrachtung des äußeren Lebens ins Psychologische,
734 2547 2298 2610 wo man denn auf jene grundlosen Tiefen stieß, vor denen Odipus schaudert.
721 2610 2297 2674 Und von da aus ging es eben in die Zweifel an der Einheit des Ichs und
722 2654 2309 2741 weiter in die neue Fatalistik — eine Entwicklung, die Hermann Bahr, der
733 2727 2309 2782 „gute Kamerad“ der Schaffenden und besonders der Impressionisten, frühzeitig
729 2778 2310 2861 zu einem großen Teil vorausgesagt hat. In dieser Entwicklungslinie, aber an
728 2846 2308 2903 einem verzweifelt späten Punkte, setzt Hofmannsthals Schaffen ein. Dem
734 2906 2313 2980 siebzehnjährigen Dichter des dramatischen Einakters „Gestern“ fehlt bereits jeder
725 2949 1424 3037 Glaube an die Einheit des Ichs:
1123 3010 1882 3091 Wer lehrte uns, den Namen „Seele“ geben
1117 3082 1849 3143 Dem Beieinandersein von tausend Leben?
723 3132 2284 3206 Und dieser Glaube an die Einheit des Ichs ist ihm nicht nur durch Anempfindung,
721 3196 2289 3252 durch die Lektüre der ausländischen Dekadenten abhanden gekommen, sondern
726 3260 2302 3312 auch dadurch, daß ihm fehlt, worin sich das Ich am stärksten und vielleicht
706 3309 2304 3391 einzig fühlt und beweist: das Handelnkönnen und selbst der Wille zum Handeln.
718 3371 1312 3452 Der Held des Stückes sagt:
