3436 4352
2218 197 2285 254 —
1243 249 1371 318 ts
1538 247 1999 351 box 36/4
188 238 1243 364 1. Panphlets, offprir
1338 303 1395 347 —
1318 840 2157 917 Neuwiener Schicksals= und Stimmungsdichtung
940 859 1068 948 162
942 977 2513 1035 nämlich sind zwar überzeugt, daß sie einer Schicksalsfügung unterstehen, aber
937 1045 2524 1093 eine Sicherheit haben sie doch: ihrer selbst glauben sie sicher zu sein, sie glauben
947 1093 2528 1151 bestimmt nichts tun zu können, was ihrem eigenen inneren Wesen widerspräche.
941 1161 2128 1213 Am stärksten drückt das Charolais mit diesen Worten aus:
1242 1225 2019 1297 Langsamem Siechtum, Armut, Sorge, Tod —
1242 1283 2078 1346 Kann Eintritt in mein Leben ich nicht wehren,
1231 1336 2050 1394 Ich weiß — Gebieter sind sie, und sie lenken!
1236 1384 2053 1460 Doch nie darf Reue auf der Stirn mir steh'n,
1232 1435 1932 1494 Nie Ekel sich auf meine Lippen legen —
1301 1471 2199 1541 Ich mein', vor mir, vor meinem Tun und Denken.
1225 1528 1976 1590 Herr ist das Schicksal über allen Dingen —
1291 1575 2244 1654 Doch hier bin ich's! Dazu kann's mich nicht zwingen.
1036 1655 2465 1740 Und so wie Charolais, denken der Präsident und Désirée, und nun —
935 1725 2516 1791 dies ist die bruchlos folgerichtige Entwicklung eines Schicksalsfanatikers — zeigt
930 1792 2503 1850 ihnen das Schicksal, daß es buchstäblich über allen Dingen Herr ist und aus¬
939 1847 2520 1923 nahmslos über allen, daß es auch die Persönlichkeit dem eigenen Selbst zu
930 1906 2507 1958 entfremden vermag. Désirée begeht im Taumel einer verführenden Stunde
933 1975 2507 2036 schändlichen Ehebruch, der Präsident muß sie selber des Todes schuldig erklären,
929 2036 2518 2095 und Charolais tut als leidenschaftlicher Rächer seiner Ehre, was ihm nun doch
932 2095 2522 2141 Reue auf die Stirn und Ekel auf die Lippen legen wird. Und Désirée sagt,
933 2137 2518 2198 sie wisse nicht, was sie zu ihrer Tat veranlaßt habe, und Charolais lehnt die
930 2192 1830 2280 Verantwortung am Tode seiner Gattin ab:
1210 2266 2127 2339 Ich trieb sie ja wohl in den Tod! Ich „trieb“ sie!
1204 2313 2216 2393 „Trieb“ ist das Wort — nicht wahr? Ich trieb sie nicht!
1213 2370 2241 2453 (ernst und stark) „Es“ trieb uns — treibt uns! Es! .. ...
1022 2441 2503 2524 Dies also ist der letzte Sinn des Stückes, der vielleicht manchem anders
932 2516 2502 2580 gerichteten als ein Unsinn erscheinen mag, zumal ja Désirées Verhalten auch
918 2578 2495 2634 in den physiologischen Einzelheiten fast unerklärlich bleibt, aber doch, wie gesagt,
932 2633 2511 2699 ein mit bruchloser Folgerichtigkeit herausgearbeiteter Sinn: daß Schicksal noch
924 2691 2509 2743 mehr sei als vererbte Anlage und äußerer Zufall, dem ein noch so belastetes
929 2759 2497 2818 und gebundenes Ich doch immerhin irgend etwas entgegenzusetzen hat, daß es
922 2807 2513 2865 vielmehr die allmächtige, in der Außenwelt wie in der menschlichen Seele
922 2858 2507 2913 unumschränkt herrschende Sinnlosigkeit sei, der gegenüber der Mensch nicht als
924 2923 1829 3000 Persönlichkeit, sondern als Spielball bestehe.
1016 2977 2506 3043 Dieses Furchtbare, das Beer=Hofmann im „Charolais“ wenigstens als ein
922 3048 2497 3103 Tragisches hinstellt, suchte er in einer früheren Dichtung, der lyrisch ver¬
932 3103 2497 3163 schwimmenden Erzählung „Der Tod Georgs“ gar als etwas beinahe Erfreu¬
917 3162 2504 3227 liches zu bezeichnen. Dort ist dem Einzelnen die Verantwortung für sein Tun
922 3248 2510 3288 und Lassen abgenommen, alles, was ihm geschieht, ist Schicksalsspiel, und alles,
915 3275 2502 3341 was ihm geschieht, hat Bedeutung, weil es zugleich Schicksal für andere bildet,
918 3334 2507 3389 weil er gar kein einzelner, sondern nur ein Mosaikstein im Weltgefüge ist.
918 3400 2523 3482 Und dieses verantwortungslose und verschwimmende Leben birgt dreifachen
