3436 4352
2021 188 2122 244 —.—
1537 233 1993 332 box 36/4
183 242 1383 342 1. Pamphlets, offorints
966 626 1141 739 —
527 733 688 838 1
1206 939 2060 1028 Neuwiener Schicksals= und Stimmungsdichtung
835 1078 2404 1151 Genuß, denn zu dem tatsächlichen Dasein des Tages tritt, vielleicht als aus¬
845 1154 2408 1215 gleichende Gerechtigkeit, das möglicherweise nicht minder tatsächliche Leben des
833 1218 2402 1269 Traumes, und weiter das Ahnungsleben, das Ahnen nämlich von dem geheimnis¬
837 1267 2407 1322 vollen Zusammenhang des schwankenden, des imaginären Ichs mit dem ganzen
834 1333 2417 1377 Gefüge des bunten, unendlichen Lebens. Hier ist die Bindung gegeben zwischen
823 1398 2412 1461 Beer=Hofmanns Schicksalsfanatismus dem einzelnen gegenüber, dessen Indivi¬
836 1454 2408 1519 dualität er ja verneint, und jener Philosophie des Impressionismus, die Hermann
833 1502 2410 1561 Bahr verkündet und die sich als ein Einbruch des Alls in die Schranken der
830 1560 1295 1637 Persönlichkeit darstellt.
922 1617 2405 1700 Wer Blumen betrachtet, schenkt den ersten Blick gewöhnlich der grellsten
832 1683 2405 1743 Blüte (die bisweilen die größte Schönheit und das meiste Gift in sich vereinigt);
831 1739 2406 1789 danach verweilt er bei den minder auffälligen, dann erst gleitet das Auge stengel¬
826 1819 2403 1870 abwärts, und zuletzt wird ein wissenschaftliches Interesse am Wurzelwerk und
823 1850 2400 1918 Boden rege werden. Zu den minder auffälligen Blüten der gleichen Art gehören
824 1917 2409 1978 einige Dichtungen Hugo v. Hofmannsthals, nicht deshalb, weil er dem Schicksal
828 1974 2398 2036 eine geringere Macht, dem Ich eine größere Sicherheit zuschreibt als Beer¬
832 2030 2399 2091 Hofmann, sondern weil er zum mindesten den psychologischen Unmöglichkeiten
829 2096 2408 2152 aus dem Wege geht und die einzelnen Charaktere bruchlos darstellt. Aber
824 2157 2417 2199 die Grundanschauungen beider Dichter gleichen sich völlig, und man darf wohl
827 2208 2402 2268 in Hofmannsthal, trotzdem der 1874 Geborene fast acht Jahre jünger ist als
823 2273 2400 2331 Beer=Hofmann, den Meister des „Charolais“=Dichters, ja den eigentlichen
828 2322 2398 2402 Begründer dieses ganzen österreichischen Literaturgebietes sehen. Frühzeitig
816 2386 2401 2465 von der impressionistischen Kunst der französischen und belgischen, italienischen
817 2448 2403 2512 und englischen Moderne genährt, hat er dem so überkommenen europäischen
825 2505 2398 2558 Gesamtgut doch ein eigenes — vielleicht weiches Gefühls=, sicherlich schwelge¬
820 2570 1703 2637 risches Sprachgepräge zu geben vermocht").
929 2617 2402 2718 Ihn lockt es zu der Verhängnisdichtung der Antike; er verdeutscht den
817 2667 1791 2769 Sophokleischen „Odipus“, denn Jokastes Worte:
1498 2755 1987 2822 Was braucht der Mensch
1216 2799 2001 2876 Zu fürchten? Treibt ihn nicht das Ungefähr
1212 2871 2017 2922 Dahin und dort? Weiß er von einem Ding
1215 2908 1990 2969 Das Wesen, windet ihm nicht jeder Luftzug
1209 2962 1825 3028 Sein Selbst aus seiner Hand? —
824 3012 2391 3081 enthalten ja im Kern alles, was Hofmannsthal selber bewegt. Aber schließlich
815 3083 2392 3146 bietet ihm die Antike doch nur knappe Andeutungen und maßvolle Hinweise,
817 3150 2393 3213 und so bemächtigt er sich ihrer Stoffe und schaltet mit ihnen in zügelloser
823 3198 2392 3250 Freiheit. Die Tragödie „Odipus und die Sphinz“ ist ganz Hofmannsthals
816 3260 2393 3309 eigenes Werk. Ein mächtiger erster Akt zeigt den plötzlich um die Sicherheit
824 3317 2405 3379 seines Ichempfindens gebrachten, plötzlich von den Ahnungen ererbter Bestimmung
930 3417 2383 3474 *) Ein Teil der Werke Hofmannsthals ist bei S. Fischer in Berlin erschienen, ein anderer
816 3469 2387 3516 im Inselverlag zu Leipzig, wo soeben ein Sammelband „Gedichte und kleine Dramen“ heraus¬
827 3519 2207 3603 gekommen ist, der zur Einführung in die Kunst Hofmannsthals sehr geeignet ist.
