3392 4320
2113 160 2361 233 ——
1486 231 1952 324 box 36/8
150 233 1338 336 1. Panphlets offorints
523 1063 698 1124 Arthur
761 1084 2297 1153 „Anatol“, eine Sammlung von sieben reizvollen Gesprächen zwischen zwei, drei
513 1113 696 1184 Schnitzler
723 1120 2289 1202 Personen, war Schnitzlers erstes Buch. Ein Wiener Buch mit dem Gegenstand
536 1173 686 1236 Anatol
721 1181 2288 1238 jener nur hier so rein möglichen „Art zärtlicher Liebe ohne das Bedürfnis der
715 1233 2286 1291 Treue“. In den einzelnen Gesprächen wechseln die Frauen, die beiden Männer
719 1273 2290 1330 bleiben die gleichen. Der eine erlebt, der andere beredet, bespöttelt das Erlebnis.
705 1321 2291 1395 Der Beredende heißt Max, er ist unempfindsam und darf deshalb etwa an einem
719 1379 2291 1437 „Abschiedssouper“ durch den „hauch kalter, gesunder heiterkeit“, der von ihm
712 1442 2290 1470 ausgeht, „die Sentimentalität des Abschieds erstarren machen", Der Erlebende aber
713 1474 2282 1527 ist Anatol, der elegante, verwöhnte, bummelnde Dichter. Er lebt leichtsinnig und
708 1527 2299 1606 er denkt schwermütig. Er ist verzärtelt und schwach und gefällt sich ein wenig
710 1578 2289 1619 damit. Er hat gar nicht das Bedürfnis, stark zu sein, selbst wenn er die Fähig¬
712 1627 2286 1692 keit dazu hätte. „Ich fühle,“ meint er, „wie viel mir verloren ginge, wenn ich
711 1675 2290 1721 mich eines schönen Tages ,stark' fände... Es gibt so viele Krankheiten und nur
718 1717 2271 1782 eine Gesundheit —!... Man muß immer genau so gesund wie die anderen —
708 1755 2291 1832 man kann aber ganz ganz anders krank sein wie jeder andere." Er ist ein
712 1813 2277 1881 Stimmungsmensch. Stimmung ist ihm das „Lebenselixier“. Halbdunkel, eine grün¬
712 1874 2283 1924 rote Ampel, Klavierspiel, eine Farbe verändert ihm die Welt. Er genießt, aber
700 1918 2291 1991 als Träumer und Grillenfänger. Er behauptet die Weiber zu kennen, und er
707 1971 2290 2024 vergöttert sie doch. Er quält sich Tage und Nächte hin mit der Frage, ob ihm
711 2003 2284 2066 eine treu sei, aber, als seine Cora in hypnotischem Schlafe die Wahrheit sprechen
711 2068 2287 2137 könnte, da stellt er „die Frage an das Schicksal“ nicht, weil ihm doch schließlich
699 2110 2288 2162 die „Illusion“ lieber ist als die Wahrheit. Er hat den Kopf immer voll Lieb¬
713 2165 2288 2211 schaften, alter und neuer, er kommt sogar an seinem eigenen Polterabend nicht
709 2206 2286 2270 allein nach hause. Er liebt vornehme und weniger vornehme Damen; einmal
711 2249 2284 2319 ist's eine Sängerin, dann eine Zirkusdame, dann eine verheiratete Frau, die ihn
698 2316 2285 2365 einfach als Liebhaber nahm, weil ihr Mann häßlich, dumm und langweilig war.
708 2354 2285 2415 Und dann ist's wieder „etwas Neues: ¾ Takt ... sie erinnert mich so an einen
703 2409 2290 2454 getragenen Wiener Walzer — sentimentale heiterkeit ... lächelnde, schalkhafte
704 2460 2287 2523 Wehmut". Oder es ist ganz allgemein „das süße Mädl“. Und er rühmt das süße
694 2503 2289 2558 Mädel gegenüber einer „bösen Mondaine“... „Sie ist nicht faszinierend schön
765 2549 2275 2612 sie ist nicht besonders elegant — und sie ist durchaus nicht geistreich... Aber
705 2603 2285 2671 sie hat die weiche Anmut eines Frühlingsabends . . . und den Geist eines Mädchens,
700 2656 2281 2716 das zu lieben weiß.“ Sie wohnt draußen in der Vorstadt. Man muß sich denken
706 2708 2273 2762 „ein kleines dämmriges Zimmer — so klein — mit gemalten Wänden — und noch
699 2749 2276 2798 nahezu etwas zu licht — ein paar alte, schlechte Kupferstiche mit verblaßten Auf¬
705 2793 2282 2850 schriften hängen da und dort. — Eine hängelampe mit einem Schirm. — Vom
701 2852 2282 2897 Fenster aus, wenn es Abend wird, die Aussicht auf die im Dunkel versinkenden
693 2899 2280 2954 Dächer und Rauchfänge!... Und wenn der Frühling kommt, wird der Garten
699 2956 2279 3018 gegenüber blühen und duften. Und sie sagt nichts Besonderes, was sie sagt, das
699 2986 2269 3059 klingt so einfältig, wenn man nicht den Ton der Stimme dazu hört... z. B.
708 3043 2287 3111 „Ich bin so froh, daß ich dich wieder hab'!“ Und wenn man das liest, so blättert
701 3097 2275 3162 man wohl zurück, und der Blick geht noch einmal über den Schlußvers jener
709 3154 2105 3221 „Einleitung“, die Loris (Hugo von Hofmannsthal) dem „Anatol“ mitgab:
882 3249 1381 3322 „Also spielen wir Theater.
1577 3244 2110 3326 böser Dinge hübsche Formel,
872 3311 1398 3366 Spielen unsre eignen Stücke.
1586 3313 2114 3364 glatte Worte, bunte Bilder,
865 3341 1510 3426 Frühgereift und zart und traurig,
1576 3357 2138 3432 halbes, heimliches Empfinden,
867 3394 1364 3454 die Komödie unsrer Seele,
1583 3398 2023 3469 Agonieen, Episoden...“
872 3441 1521 3510 unsres Fühlens heut' und Gestern,
1413 3519 1544 3602 500
