3392 4320
2083 185 2340 257 —.
1523 257 1974 356 box 36//8
172 252 1373 358 1. Panphlets offorints
331 1054 536 1139 denn dies
1003 1069 2579 1157 wirbelt der Dichter durcheinander: denn so ist's im Leben. Dreimal gibt er ein
335 1122 540 1180 nd. Zwar
1002 1117 2569 1206 Erwachen aus dem Trugspiele sicheren Besitzes: des Besitzes der Frau im „Para¬
377 1172 536 1229 , wird
1003 1187 2567 1258 celsus“ und in der „Gefährtin“, des Besitzes der Macht im „Grünen Kakadu“.
362 1217 533 1280 er nicht
1009 1221 2580 1302 „Wir spielen immer; wer es weiß, ist klug“, so lautet das Leitwort der Samm¬
364 1270 525 1329 Er wird
1004 1266 2582 1339 lung. So spielt Paracelsus mit dem eitlen Waffenschmied, der ihn nur für einen
362 1317 526 1382 dlungen
1001 1325 2585 1405 Gaukler hält, als er ihm im hypnotischen Schlafe zeigt, was das Weib des
379 1369 524 1424 ur mit
1005 1356 1851 1449 Waffenschmiedes, Justina, begehen könnte.
393 1410 524 1478 d das
1352 1432 2181 1504 Es war ein Spiel! Was sollt es anders sein?
383 1465 525 1531 Ibsen,
1361 1485 2195 1568 Was ist nicht Spiel, das wir auf Erden treiben,
1355 1539 2164 1592 und schien es noch so groß und tief zu sein!
432 1541 525 1637 ester
1355 1573 2152 1643 Mit wilden Söldnerscharen spielt der Eine,
1343 1630 2164 1691 ein Andrer spielt mit tollen Abergläubischen.
445 1666 505 1724 ns¬
1345 1679 2150 1733 Dielleicht mit Sonnen, Sternen irgendwer, —
1346 1706 2101 1766 mit Menschenseelen spiele ich. Ein Sinn
1349 1740 2146 1809 wird nur von dem gefunden, der ihn sucht.
1342 1800 2157 1866 Es fließen ineinander Traum und Wachen,
1340 1834 2173 1903 Wahrheit und Lüge. Sicherheit ist nirgends.
1348 1886 2185 1955 Wir wissen nichts von andern, nichts von uns.
1346 1930 2118 2002 Wir spielen immer; wer es weiß, ist klug.
981 1992 2561 2085 So spielen in der „Gefährtin“ mit dem Professor Robert Pilgram sein Weib
979 2054 2572 2118 und sein Assistent: es gibt keine Gefährtin. So spielt das Volk mit den Adligen
990 2094 2562 2179 in der Groteske „Der grüne Kakadu“. Es ist in Paris am Abend des 14. Juli
988 2153 2558 2234 1789. In der Kneipe Prospères, einer Spelunke, spielen zur Erheiterung adliger
975 2199 2559 2284 Gäste die Schauspieler Prospères Verbrecherszenen. Wie verfolgt stürzt einer
983 2245 2565 2333 herein, berichtet von Taschendiebereien — ein anderer erzählt, wie er ein haus
970 2302 2558 2368 angezündet —, wie er einen umgebracht, ein dritter. Der Wirt begrüßt die hoch¬
974 2336 2553 2430 adligen Gäste als Schurken und Schweine, die hoffentlich nächstens das Volk
972 2402 2552 2452 umbringen würde. Und das alles am Tage des Bastillensturmes, wo das wahr
980 2448 2550 2526 wird, was der Wirt und Theaterdirektor, man weiß nicht, ob im Spiel oder
967 2495 2557 2577 von herzen wünscht. Am meisten verwischen sich die Grenzen zwischen Spiel
977 2541 2553 2608 und Wirklichkeit, als henri, der genialste Schauspieler der Truppe, den schau¬
966 2588 2548 2675 dernden Gästen erzählt, er habe eben den Liebhaber seiner ihm gestern an¬
976 2639 2554 2705 getrauten Frau in der Garderobe erstochen, erstochen den herzog von Cadignan.
966 2689 2554 2777 Und henri spricht so natürlich, daß der Wirt, der von den Beziehungen der
964 2731 2549 2818 beiden weiß, selbst glaubt, es ist wahr. Und grausig geisterhaft: es wird wahr.
962 2783 2550 2872 Wie der herzog eintritt, sticht henri ihn nieder. Bastillenstürmer dringen ein.
968 2843 2548 2922 An der Leiche des herzogs lassen sie die Freiheit leben. Die adligen Gäste, auch
963 2903 2542 2961 eine Marquise, die wollüstig schauernd, neugierig alles eingesogen, fliehen. Die
969 2938 2541 3010 Groteske ist Schnitzlers theaterwirksamstes, freilich auch etwas erklügeltes Stück.
1001 2982 2530 3052 Drei Jahre später nehmen die vier Einakter „Lebendige Stunden“ (1902)
957 3030 2536 3116 einen ähnlichen Dorwurf wieder auf, nur eingeschränkt auf eine bestimmte
960 3086 2543 3144 Menschenart. Wie stehen, das ist der Gegenstand, im flüchtigen Spiel des Lebens
957 3133 2545 3211 die Künstler zum Erlebnis? Lebendigen Stunden, die sonst nicht länger lebten, als
959 3177 2534 3271 der letzte, der sich ihrer erinnert, geben sie „Dauer über ihre Zeit hinaus“ sagt
956 3215 2538 3294 der erste Einakter — mögen sie auch der menschlichen Träger solcher Stunden
954 3282 2542 3331 vergessen. Mögen auch die herzensbeziehungen zwischen zwei Menschen, ihre
959 3315 2537 3410 eigenen wie die fremden, für sie nur Wert haben, wenn sie Augenblicke zeitigen,
954 3374 2532 3443 da sie das Werk erleuchten, sagt der zweite. Und der vierte, das Lustspiel „Lite¬
951 3412 2532 3495 ratur“ wendet das Thema satirisch, wenn er den Künstler und die Künstlerin
1674 3521 1817 3594 503
1880 3981 1936 4058 110
1733 3975 1830 4080 1000
2555 2981 2662 3045 Lebend
2563 3038 2676 3084 Stunde
2601 1089 2778 1148 Arthur
2582 1128 2790 1206 Schnitzler
