3344 4384
1493 307 1945 401 box 36/1
1245 325 1325 424 S
155 315 1251 436 1. Panphlets, Offprint
2359 1089 2506 1162 185
1532 1101 1993 1187 Arthur Schnitzler. —
147 1176 354 1278 Berlin.
1031 1166 2492 1278 letztes blasses Glück. In der Darstellung dieses Verhältnisses entdecken wir die
1033 1261 2486 1345 liebenswürdigsten Züge des Dichters. Mit wunderbarer Innigkeit weiß er
158 1245 786 1354 jrund zu den ernsteren, zu den
1033 1299 2493 1387 uns diese schlichten Mädchen des Volkes, Modistinnen oder Verkäuferinnen,
150 1298 789 1416 se Wiener Gesellschaft, mondaine
1029 1351 2492 1435 zu schildern. Anatol liebt sie mit der ganzen Zärtlichkeit seiner sehnsüchtigen
140 1351 786 1464 ser mit ihren „Liebeleien“, Schau¬
1035 1414 2486 1497 Seele, und sie lieben ihn mit ihrer ganzen Natürlichkeit. Er schwärmt von
156 1412 790 1523 stadt, aber auch Eirensdamen,
1031 1486 2499 1533 ihrem kleinen Zimmer draußen auf der Vorstadt mit den gemalten Wänden,
164 1461 802 1576 „leichtsinnigemelancholische Welt“
1035 1519 2496 1597 mit den paar alten schlechten, verblaßten Kupferstichen, mit den Blumen¬
1025 1566 2506 1676 töpfen am Fenster und mit der Aussicht auf die im Dunkel versinkenden
148 1552 813 1685 er Seenenreihe „Anatol“. Das
1035 1630 2516 1688 Däher und Rauchfänge. Doch hören wir Anatol selber! So schildert er
157 1615 812 1727 as Schnitzler geschaffen hat. In
1046 1687 1869 1764 sein Glück einer verheiratheten Freundin:
152 1677 827 1779 Meisterschaft in der Beherrschung
1524 1733 2164 1816 sie wartet wohl schon auf Sie?
157 1729 835 1843 herhaupt. Wir dürfen diesse sieben
1144 1757 1408 1825 Gabriele:
161 1784 838 1897 ffassen. Dieser Künstler hat eine
1137 1803 1516 1881 Anatol: Gewiß!
1140 1842 2504 1919 Gabriele: Sie wartet!? — Sagen Sie ... wie empfängt sie Sie denn?
157 1831 839 1947 stionen, die in ihrem kleinen, zier¬
1133 1904 1993 1980 Anatol: Ach — wie man eben empfängt.
159 1888 840 2006 was der Dichter schildern wollte,
157 1938 842 2052 nie Schnitzler schon früh vollendete
1144 1964 2520 2030 Gabriele: Sie hört Ihre Schritte auf der Treppe .. . nicht wahr?
148 1994 858 2125 finiaturwerte schafen. Nachträglich
1142 2025 1749 2094 Anatol: Ja ... zuweilen.
152 2054 852 2175 hr Perlen auf eine Schnur gezogen.
1158 2079 1895 2158 Gabriele: Und steht bei der Thür?
154 2107 846 2213 s Buches ist der bekannte „leicht
1149 2135 1468 2211 Anatol: Ja!
155 2156 859 2281 fahren nicht, wie er sonst heißt und
1172 2188 2532 2258 Gabriele: Und fällt Ihnen um den Hals — und küßt Sie — und
170 2212 873 2324 Er ist für uns nur der Liebhaber.
1068 2244 1806 2311 sagt . . . Was sagt sie denn? ...
159 2267 868 2372 den meisten dieser Senen vorkomm,
1157 2281 2221 2366 Anatol: Was man eben in solchen Fällen sagt ...
168 2328 877 2434 typische Figur Schnitzlers, die auch
1164 2349 1876 2433 Gabriele: Nun — zum Beispiel?
180 2371 872 2486 Mar ist der verständige, matvolle,
1167 2403 1854 2481 Anatol: Ich weiß kein Beispiel!
155 2427 885 2547 sche Pulades, Anatol der weichherzige,
1158 2458 1865 2528 Gabriele: Was sagte sie gestern?
155 2485 886 2596 Drest. Jener repräsentirt das Leben,
1168 2522 2528 2601 Anatol: Ach — nichts Besonderes . .. das klingt so einfältig, wenn
164 2527 895 2641 moderne müde Sele, ein Leben in
1069 2564 1945 2655 man nicht den Ton der Stimme dazu hört!
148 2584 902 2718 sch und Melancholie, in aufrichtigen,
1174 2611 2539 2719 Gabriele: Ich will ihn mir schon dazu denken. Nun — was
153 2647 902 2758 m Selbstbetrug und Posen. Lede sind
1075 2686 1289 2767 sagte sie?
154 2700 910 2812 der heutigen Cultur, Repräfentanten der
1166 2696 2375 2810 Anatol: „. .. Ich bin so froh, daß ich Dich wieder hab'!“
159 2741 917 2878 pitelsmus, und schärfer bezeichnet, des
1171 2795 1998 2874 Gabriele: „Ich bin so froh“ — wie?!
274 2808 905 2908 —hen Seenen sind sieben Liebes¬
1165 2843 1945 2920 Anatol: „Daß ich Dich wieder hab'!“
166 2848 921 2976 gsan, seine Ilusionen zerpflüicken. er
1163 2902 2241 2985 Gabriele: Das ist eigentlich hübsch — sehr hübsch! —
152 2913 930 3024 emnpfindungen. In Allem sieht er die
1168 2955 2073 3042 Anatol: Ja . . . es ist herzlich und wahr!
164 2959 931 3082 Gesicht schen, aber er fürchtet sich ver
1182 3007 2537 3084 Gabriele: Und sie ist ... immer allein? — Ihr könnt Euch so
150 3017 926 3151 ringlich fragen, od sie ihm wirtlich lied¬,
1081 3080 1444 3163 ungestört sehen!?
157 3066 944 3199 in sie liebe; er versucht dies einmal, sogar
1172 3101 2496 3198 Anatol: Nun ja — sie lebt so für sich — sie steht ganz allein —
162 3130 935 3240 der entscheidenden Frage weicht er imme
1080 3192 2250 3256 keinen Vater, keine Mutter . . . nicht einmal eine Tante!
158 3174 943 3301 die Frage an das Schickfal). Wer
1184 3245 2088 3309 Gabriele: Und Sie .... sind Ihr Alles?
165 3229 956 3354 Mischung aus den verschiedenarligsten
1180 3288 2286 3368 Anatol: ... Möglich Heute (Schweigen).
169 3292 964 3401 blafirt, eynisch, gemein, dann zeigt er
1177 3323 2546 3414 Dieses „süße Mädl“, eine Lieblingsgestalt des Dichters, kehrt ebenso
203 3334 968 3450 Er knüpft Liebesverhältnisse mit ver
177 3398 224 3456 *
1096 3397 2547 3478 wie die beiden männlichen Charaktere, der Liebhaber und der Freund, und
152 3386 975 3524 Fene „Weihnachtseinkäufe“) und mi
1096 3441 2551 3536 die verheirathete Frau in den Werken Schnitzlers immer wieder. Am
157 3442 975 3574 hieren hat Anaiol auf der Vorstadt endell.
161 3496 983 3631 sahdln“. In dieser Liebe findet er noch ein
