3344 4384
2018 240 2250 314 —
1458 307 1889 403 box 36/1
223 314 613 411 Pamphle
562 315 1284 412 s Offprints
2294 1158 2407 1224 181
1398 1154 1896 1235 — Arthur Schnitzler.
951 1254 2413 1323 Pflicht und Verdienst der Kunst erkennen und als eitel verachten, was nicht
116 1271 691 1387 Alufnahme der Stücke. „Das
951 1300 2420 1374 seltene Nuance, malendes Adjectiv, gesuchte Metapher ist.“ Vollwerthig ist
123 1336 691 1433 kssingtheater angenommen, ist
956 1384 2419 1437 jedes Wort dieser Kritik — bis auf den letzten Satz. Bahr kannte damals
136 1385 691 1480 Wien, wo es am Deutschen
946 1416 2384 1482 nur „Anatol“ und „Märchen“ und einige Jugendwerke („Alkandis Lied“
156 1445 681 1543 Sonst ist es nirgends auf¬
958 1479 2402 1537 und „Reichthum"). Seitdem wir die „Liebelei“ und die einzigsüße, wunder¬
117 1496 692 1593 dte eine erste Aufführung am
953 1520 2410 1580 volle Mädchengestalt Christine, eine dichterische Schöpfung ersten Ranges,
119 1545 700 1653 hrend in Wien die Beliebtheit
960 1582 2408 1645 kennen, seitdem wir den überaus fein und tief empfindenden Psychologen aus
128 1593 706 1694 in Berlin und Breslau von
952 1627 2411 1676 der Meisternovelle „Sterben“ kennen, erscheint uns das, was Bahr im letzten
124 1658 711 1755 ist übrigens, übersetzt, viel an
962 1680 2412 1748 Satze sagt, als ein nicht mehr gerechtes Urtheil. Ueberschwänglicher, aber um¬
126 1707 714 1817 ürdings spielte Adele Sandrock
952 1735 2400 1802 fassender beurtheilt der Berliner Kritiker der „Neuen Deutschen Rundschau“.
123 1766 720 1863 ter Goethe=Theater die Christine
950 1789 2420 1865 Alfred Kerr den Dichter. Er sagt: „Alles fluthet durcheinander: Innigkeit
130 1818 724 1919 d“ hatte eine erste Aufführung
954 1845 2413 1894 und Eleganz, Weichheit und Ironie, Weltstädtisches und Abseitiges, Lyrik und
125 1872 731 1966 suber 1896. Der Erfolg, der
963 1915 2417 1965 Feuilletonismus, Lebensraffinement und volksmäßige Schlichtheit, Oesterreicher¬
124 1931 735 2019 reslau war er verhältnißmäßig
960 1951 2410 2011 thum und Halbfranzösisches, Schmerz und Spiel, Lächeln und Sterben.
124 1977 737 2080 Februar 1898 am Carltheater
951 2013 2408 2077 Ein junger Meister, ein glücklicher Götterfreund, ordnet mit weicher, leiser,
126 2034 743 2132 hrstellungen verschwand es hier,
960 2075 2414 2123 spielend vollbringender Hand die Bestandtheile. Das ist die unvergleichliche
128 2083 752 2187 er gegen die angebliche Tendenz
963 2121 2422 2182 Welt Arthur Schnitzlers.“ Von den Worten des ersten Satzes dieser Kritik
116 2129 749 2241 atol“ sind einige Scenen mit
962 2179 2420 2232 möchte ich namentlich die beiden ersten unterstreichen, dann vor Allem:
121 2189 748 2308 ngs auch in Berlin am Goshe¬
955 2219 2414 2286 Feuilletonismus. Es ist wahr, die Grazie, mit welcher dieser Dichter er¬
125 2236 754 2352 in im „Abschiedssouper“) auf¬
962 2285 2419 2342 zählt, plaudert und schildert, ist das Eigenartige, das Charakteristische, das
962 2325 2418 2402 Ursprünglichste an seinem Wesen. Aber diese leichte, das heißt feine und
121 2353 760 2462 breiactiges Schauspiel „Das Ver¬
963 2388 2424 2447 echte Kunst wirft oft einen dunklen Schatten. Der haftet ihr ebenso natürlich
124 2414 760 2527 fführung. Augenbliclich arbeitet
959 2445 2416 2505 an. Schwer ist es für einen Dichter mit so eigenartiger, aber einseitiger
124 2466 766 2576 n Werke, über das er aber vor¬
964 2486 2420 2552 Begabung, sich von feuilletonistischen Oberflächlichkeiten und Banalitäten frei
969 2552 2412 2610 zu halten. Schnitzler liebt dann und wann die geistreiche Phrase und die con¬
122 2556 788 2687 shabt haben, kommen leicht in die
964 2597 2420 2658 ventionelle Pose. Schon die Stoffe, die er wählt, sind gefährlich nach dieser
129 2625 786 2734 ndlich ist nicht Alles, was Schmibler
959 2648 2420 2712 Richtung hin. Schnitzler vermeidet nicht die Abgründe. Er überkleidet sie
960 2700 2424 2774 oft mit Rosen, ebenso oft aber auch steigt er behende in die tiefsten Tiefen
117 2690 787 2787 bunkte seines Schaffens möchte ich
121 2736 780 2844 sebelei“ und die Novelle „Sterben“
961 2774 2420 2820 der Seele hinab (vgl. „Sterben"). Aber es sind gerade die Seichtheiten,
123 2793 789 2891 ler bisher noch immer von Hermann
966 2815 2422 2874 die todten Stellen, über die er mit einer conventionellen Redensart, mit
119 2854 801 2963 dor Allem auf die Einseitigkeit des
963 2861 2425 2923 einer effectvollen Geste hinwegsetzt. Das stimmt den Leser kühl. Sehr oft
127 2905 796 3003 urtheil Bahrs=): „Schnitzler hat
968 2927 2418 2982 verdirbt Schnitzler durch eine derartige feuilletonistische Wendung die feinste
960 2986 2433 3048 Stimmung. Namentlich im „Anatol“ und in den kleineren Novellen finden
147 2957 803 3062 denn mit der zärtlichsten Sorge,
976 3029 1448 3097 sich solche Nichtigkeiten.
136 3011 811 3113 Geize schleifen, bis das Geringe
1070 3078 2425 3142 Schnitzlers enges Stoffgebiet ist die Welt des Wiener Lebemannes und
134 3061 816 3162 ad Würde verdient. Was er bringt,
968 3135 2418 3200 der Wiener Grisette. Diese beiden Typen zeigen in Wien ganz eigenartige
144 3128 829 3219 gelten. Die großen Züge der Zell,
977 3184 2419 3255 Physiognomicen oder vielmehr ein vielfältiges und verschiedenartiges Wesen.
137 3168 821 3279 der Menschen, die ungestüme Pracht
125 3227 840 3333 ist ihm versagt. Er weiß immer
962 3251 2414 3306 Schnitzler hat sie alle für die Kunst entdeckt, er schildert sie alle meisterhaft.
970 3306 2415 3360 Die Größe dieses Dichters spricht aus der vollendeten Menschendarstellung.
133 3277 828 3375 nur ein einziges Gefühl zu ge¬
962 3345 2428 3406 Bahr hat sehr richtig beobachtet. Nur mit wenigen befaßt sich Schnitzler,
130 3332 846 3444 r Vollkommenheit, Vollendung.
966 3411 2434 3470 aber was er anfaßt, das gewinnt Leben, das lebt und bleibt lebendig, steht
129 3392 849 3495 hen des „Parnasses“, jener Franzossnl,
961 3459 2429 3506 immer wieder neu vor uns, so oft uns auch der Dichter dasselbe, ein wenig
128 3447 859 3572 sicht bekümmert, nur in der Fassung
974 3518 2435 3577 anders gefaßt und gewendet, zeigt. Und so zieht diese leichtlebige Welt an
2986 3595 3067 3684 25
