3344 4384
1457 243 1915 329 box 36/1
233 244 1289 350 Pamphlets, Offprints
1534 1004 1951 1088 Arthur Schnitzler.
2331 1014 2454 1095 189
129 1038 392 1116 in Berlin.
1000 1094 2460 1178 Das ist die schlichte Entwickelung. Aber welche Seelenkämpfe erleben wir!
113 1109 824 1219 wie in dem „Marchen“ gelungen,
997 1169 2455 1235 Allerdings hat sich bei dieser psychischen Diagnose Schnitzler, der Dichter,
120 1161 828 1261 er inneren Festigkeit und Harmonie
994 1215 2466 1264 bei Schnitzler, dem Arzte, Raths erholt; dennoch handelt es sich nicht allein
113 1226 819 1314 harakter, kurz einen außerordentlichen
989 1271 2458 1315 um die Schilderung eines interessanten „Falles“, sondern, ähnlich wie in
111 1284 827 1370 u schildern. Der Dialog zwischen
996 1309 2456 1380 der Novelle des genialen Polen Dabrowski: „Der Tod“, um eine Seelen¬
121 1328 840 1427 ir das Duell sagt uns nichts Neues;
989 1367 2451 1450 analyse, um eine Zerfaserung des inneren Menschen. Nur daß sich hier
142 1379 834 1475 t wird, entspricht dem Wesen der
998 1427 2450 1485 alles Empfinden um ein geliebtes Wesen concentrirt, während dort in der
140 1440 834 1536 selbst hier von einer Tendenz des
998 1485 2452 1543 Erzählung des Polen sich die flüchtigen, gejagten Gedanken über alle Erkennt¬
129 1493 841 1587 rvoll ist die Liebesscene zwischen dem
997 1543 2461 1610 nisse verbreiten und Alles niederreißen, was göttlich und was menschlich ist.
124 1539 842 1646 gelungen, — bei der Herbheit dieser
991 1589 2460 1650 Es fehlen in der Novelle Schnitzlers nicht die großen erschütternden
122 1598 844 1697 sie Scene. Der Dichter hat dieses
998 1644 2452 1709 Momente. Zu dämonischen Wahnsinnsvorstellungen werden oft die Gedanken
131 1650 848 1749 durch die Einfachheit und Natürlich¬
993 1698 2454 1758 des Kranken. Liebe und Haß kämpfen fortwährend in ihm. Nachts erwacht
137 1708 857 1795 e Hilfe der Geschehnisse nahm er in
988 1756 2453 1806 er oft, und einmal, als er die Geliebte in ihrer ganzen Jugendschönheit
123 1755 857 1855 führte die Liebenden, die sich bisher
984 1808 2449 1867 neben sich liegen sieht, greift seine Hand nach ihrer Kehle, und er möchte sie
123 1831 535 1912 findlich zu einander.
996 1863 2452 1917 morden... Gerade derartige Scenen gelingen dem Dichter, wie auch sein
126 1857 859 1962 sen Dramen mehrere Novellen ge¬
998 1919 2454 1968 zweites Novellenbuch beweist, vortrefflich. Aber ein unübertrefflicher Meister
135 1927 863 2013 ist von den bisher erschienenen die
1002 1966 2458 2034 ist Schnitzler in der Schilderung innigster und aufopfernder Frauenliebe. Diese
127 1972 860 2066 der Seelenschilderungskunst, ein stilisti¬
1001 2019 2461 2070 Marie ähnelt in vieler Beziehung der Christine. Unbeschreibliche Anmuth und
128 2035 862 2122 uch in allen seinen Novellen wirkt
1004 2073 2450 2145 Liebenswürdigkeit ziert diese naiv=klugen, sentimental=frischen Geschöpfe. Wenn
131 2076 864 2184 durch die Schlichtheit seiner Art, zu
1005 2129 2448 2184 der Dichter sie schildert und als Hintergrund Wien, die Gassen, den Ring, den
125 2142 869 2234 hseln. Es sind seelische Erlebnisse, die
1005 2184 2450 2232 Frühling und Sommer, dann geht ihm das Herz auf, dann giebt er sein Eigenstes,
135 2187 877 2282 Alle seine Novellen sind melancholische
1003 2238 2443 2295 sein Bestes. So sind denn auch die Liebesscenen am Anfang dieser Novelle duftige,
150 2233 872 2331 natürlich im Leben, es giebt keine
1000 2291 2451 2352 zarte Gedichte in Prosa voll Stimmung und Zärtlichkeit. Und wie fein ist dieser
140 2297 885 2391 es giebt nur einen Lebensdrang und
1006 2345 2459 2406 Mädchencharakter entwickelt, wie ist mit feinster Kunst die reinste Natur hier
131 2356 887 2441 täglich, was sollen wir darum deuten
996 2396 2449 2453 geschildert worden! Diese herzliche Liebe zu dem Sterbenden und diese
124 2406 878 2510 ßen — es giebt keinen Ehebruch, es
1005 2453 2454 2506 träumerische, dann mächtig wachsende Sehnsucht in das Leben! Wie ein voller
129 2465 891 2550 koblem giebt es: das Sterben! Das
998 2504 2452 2553 mächtiger Accord klingt das Leben in die Gruft des Sterbenden hinein. Wir
134 2510 881 2617 izige Problem! Das ist die unbegreif¬
997 2560 2453 2622 stehen voll Erschütterung endlich vor dem Todtenbette und lauschen doch, heimlich
154 2576 887 2655 ron Menschen trennt, Liebe von
995 2613 2442 2661 entzückt, den Harmonieen des Lebens. So ist es im Leben, und so sind that¬
121 2619 892 2727 sch, wie derjenige, den der Tod erfaßt
998 2666 2447 2755 sächlich unsere Empfindungen. Und die optimistische Weltanschauung, die hier
146 2674 905 2779 mehr aus unserer Empfindungswelt
1003 2717 1945 2785 verkündet wird, ist das Große an diesem Buche.
147 2740 905 2822 unserer Liebe wird Mitleid, und das
1083 2770 2446 2835 Alles, was uns Schnitzler bisher gab, das giebt er uns noch einmal
131 2780 901 2885 umer stärker erwacht in uns wieder der
991 2825 2445 2883 gleichsam in einem neuen und wiederum so wundervoll einfachen Gefäße in
127 2841 901 2934 sebendigen mitzuempfinden. Und das
999 2879 2454 2954 seinem zweiten Novellenbuche: „Die Frau des Weisen“. Lächelnd treten
125 2891 906 2991 er wachsenden Menschenfeindseligkeit, an
995 2932 2439 3005 sie uns wieder entgegen: der leichtlebig=melancholische Liebhaber, das süße
126 2947 905 3045 sebste mitnehmen, er möchte es tödten ...
1005 2986 2454 3037 Mädl und die liebenswürdige und keiner Sünde sich bewußte ehebrecherische
141 3000 915 3087 und des Lebenden am Krankenbette giebt
1007 3034 2450 3099 Frau. Fast jede Novelle ist ein Capitel vom Tode. Und fast jede Novelle
120 3057 914 3153 Sterben“. Felir segt der Geliebten, daß
997 3093 2449 3175 schließt mit einem heiteren Accorde aus dem ewigen Liede des Lebens.
126 3099 918 3215 ndsucht. Da schwört sie ihm, mit ihm
994 3151 2443 3200 Schade, daß die schwächste dieser Novellen am Anfang steht und der
123 3165 920 3258 und, verzichtet auf dieses Opfer; aber je
993 3206 2440 3266 Sammlung den Namen giebt. Die Novelle „Die Frau des Weisen“.
166 3214 928 3317 desto öfter erinnert er sie an ihren
988 3254 2135 3308 beginnt mit einer wundervollen lyrischen Stimmung ...
2151 3257 2452 3328 „Alles ist still
140 3262 931 3358 desto nachdenklicher wird Marie, und sie
998 3308 2441 3379 und unbewegt. Nur die weißen Wolken treiben langsam; aber der Wind
136 3333 927 3422 runst wieder in's frische, volle, blühende
1002 3363 2455 3440 streicht so hoch über Wellen und Wipfel hin, daß das Meer und die Bäume
157 3385 879 3495 flieht sie aus dem Sterbezimmer . .
