3344 4384
1466 292 1925 385 box 36/1
256 297 1319 404 Panphlets, Offbrints
1429 1077 1929 1172 — Arthur Schnitzler.
162 1111 384 1197 Berlin. —
977 1162 2448 1267 Fritz für eine Andere gefallen sei, da durchrasen alle Schmerzen der
146 1194 802 1289 Schlichtheit, daß sie die Geltung
988 1238 2445 1310 Eifersucht, der Enttäuschung, der Verzweiflung ihre geängstigte und
146 1240 798 1344 zu einem wohlvertrauten, halb¬
986 1301 2450 1366 gepeinigte Seele. Sie fragt in wirren Sätzen dies und jenes, sie schreit
153 1295 803 1385 s unsere Träume in Volksgestalten
984 1353 2444 1416 ihre Qual heraus; Wahnsinn und Klarheit und der Drang, nun auch
138 1345 804 1465 los hingegebene Gestalt, die innig
983 1409 2442 1473 das Bitterste durchzukosten, streiten um ihre Seele. In höchster Ver¬
154 1402 818 1499 in der leisesten Regung Mädchen
989 1456 2445 1514 zweiflung stürzt sie hinaus. Meines Erachtens ist diese Schlußscene
164 1461 812 1545 die herbere Schönheit früher und
983 1504 2441 1580 nur ein wenig zu lang, zu abgerundet. Ich schließe mich aber nicht
169 1512 809 1623 soll man neben ihr heut nennen?
985 1567 2438 1636 jenen Kritikern an, die da meinen, Christine erwäge zuletzt das Unrecht,
155 1568 818 1674 ngen moderner Dichter sind, gegen
977 1614 2442 1679 das ihr der Geliebte gethan habe, allzuviel sie reflectire. Schnitzler
157 1616 834 1715 mitelbar.“ Diese Gestalt fanden
974 1676 2442 1737 kennt die Natur des Mädchens und des Weibes besser als seine Kritiker.
150 1702 347 1778 hgedeutet.
988 1728 2437 1784 Hier hat nicht nur eine Gefühlsexplosion, sondern auch eine Wesensver¬
201 1716 831 1814 Fritz Lobheimer hat ein Liebes¬
989 1793 2446 1847 änderung stattgefunden. In einem Moment ist in diesem Mädchen das
183 1774 837 1880 Während dessen lernt er Christine
978 1826 2444 1889 Weib erwacht, dessen Würde verletzt ist. In solchen Momenten höchster
157 1837 844 1933 ar kennen. Immer mehr bezaubert
981 1886 2449 1957 Anspannung aller Empfindungen bekämpfen sich Wahnsinn und der Drang,
143 1891 849 1996 mis. Aus einer „Liebelei“ wird eine
982 1942 2458 1990 Alles, auch das Letzte zu erfahren, in unserer Seele. Das Stück ist in jeder
148 1938 850 2047 sh, daß ihm nun das wahre Glück
988 1980 1721 2057 Beziehung ein vollendetes Kunstwerk.
148 1996 847 2107 5 Verhängniß herein. Der betrogene
1086 2047 2438 2115 Das Drama „Freiwild“ ist wie „Das Märchen“ ein Thesenstück.
146 2050 856 2158 rn. Fritz wird im Duell erschossen.
984 2085 2446 2158 Es behandelt den „Ehrbegriff“ und die „Duellfrage“. Ein österreichischer
148 2101 850 2211 ste für eine Andere in den Tod ge¬
992 2158 2436 2229 Offizier wird von einem Civilisten geohrfeigt, weil er eine Schauspielerin,
151 2163 868 2255 ohne daß sie davon erfuhr, stürzt sie
992 2211 2450 2271 die dieser liebt, beleidigt hat. Natürlich fordert der Oberlieutenant den
154 2208 872 2306 neu: aber die Behandlung des alten
997 2254 2445 2311 Maler. Dieser verweigert das Duell, er erklärt, daß er einen Buben ge¬
150 2269 867 2362 Sie zeigt den Dichter als modernen
989 2317 2440 2376 züchtigt habe. Der Offizier muß, falls er keine Genugthuung erhält, den
142 2318 873 2433 keidet und der gerade in seiner vor¬
994 2365 2445 2446 Dienst quittiren. In seiner Verzweiflung schießt er den Gegner auf offener
156 2361 870 2474 igemein lebenswahr wirkt. Wir er¬
998 2425 2440 2494 Straße nieder. Abgesehen davon, daß durch das Ueberwiegen des Ideellen
165 2427 877 2526 stattfinden wird, und dann, daß es
988 2472 2433 2549 dieses Schauspiel an künstlerischem Werthe niedriger steht als die „Liebelei“,
148 2479 893 2585 frecherische Gattin nicht selbst in irgend
990 2532 2436 2603 zeigt sich Schnitzler auch in diesem Stücke als hochbegabter Künstler, als voll¬
156 2534 886 2627 indig hinter der Bühne bleibt, ist ein
1000 2593 2442 2657 endeter Dramatiker. Wir merken fast gar Nichts von einer Construction.
147 2578 900 2690 an Scene zieht stimmungstief, in sich
999 2628 2441 2699 Prächtige lebendige Menschen sind es, die wir vor uns sehen. In den
147 2640 897 2748 den wir nicht eine todte Stelle. Der
1004 2693 2451 2747 ersten Scenen wird uns das lustige Leben, das Treiben einer kleinen
150 2693 895 2790 stem Tempo, in seiner steten Spannung.
994 2746 2451 2818 Theatergesellschaft und der Verkehr derselben mit Offizieren und Dandys
168 2749 898 2847 dier will er keine Ideen, Wahrheiten
997 2803 2450 2874 geschildert. Das sind alles Figuren, wie sie das Leben eckig und glatt ge¬
162 2805 910 2901 r vernehmen wir nicht pathetische oder
992 2848 2454 2925 schnitzt hat. Noch hören wir das lustige Geplauder zwischen den Buschkaden,
150 2852 917 2951 leben, hier sprechen lebendige Menschen
993 2906 2442 2989 an der Theaterthür, — da plötzlich gerathen die beiden Männer aneinander,
155 2904 907 3016 der Christine gezeichnet, eine prachtvolle
1001 2959 2445 3026 die grelle Lohe des Hasses und der Leidenschaft flammt auf, und nun con¬
155 2959 912 3066 lsiker, ein lebenserfahrener, sein Kind
1000 3016 2454 3078 centrirt sich die Handlung: Aus dem Getändel, aus dem lustigen Treiben
160 3016 917 3113 l sind die letzten Scenen. Der alte
1001 3063 2445 3142 wächst eine Tragödie empor, ein Schicksal, das nicht mehr zu bannen ist.
153 3066 918 3172 s Duells erfahren, und nun will er die
988 3121 2439 3171 Wie ein Dämon verfolgt die angethane Schmach den Offizier. Athemlos
144 3119 931 3240 Peise mittheilen. Er beginnt damit, in
993 3176 2445 3232 folgen wir den Ereignissen, bis die Katastrophe eintritt. Seltsam, daß dieser
148 3174 933 3288 flungen Herrn“ als ein vorübergehendes
985 3232 2449 3303 feste Charakter, Rönning, der Gegner des Offiziers, keinen Ausweg fand.
158 3224 937 3332 er Offenbarung der liebenden Mädchen¬
986 3281 2450 3351 Er hatte beschlossen, mit der Geliebten den Ort zu verlassen, da hört er, daß
150 3276 941 3387 hie etwas Dunkles, das man ihr verbirgt.
991 3326 2388 3410 der Gegner ihm auflauere. Sein Trotz erwacht, er will nicht feige sein -
209 3332 936 3449 Theodor ist schwarz gekleidet. Und
988 3391 2457 3453 dieser Eutschluß entspricht einigermaßen diesem starken Charakter — er
147 3375 948 3528 ser Kunst hat der Dichter den Ausbruch
994 3439 1872 3512 bleibt und läuft dem Feinde vor die Pistole.
185 3440 948 3556 Als Christine dann noch erfährt, daß
2162 3487 2259 3560 137
