3392 4320
1207 168 1659 283 box 41/1
207 175 1048 314 1. Miscellaneens
2549 1189 3380 1274 Kar Zen der Alreiterschaft. Uebereinstimmen
400 1244 2439 1317 Beg: lege Kanmehr die erste Mittheilung von Senatoren=Posten, von denen 147 aus der Wahl
2517 1236 3377 1334 gei im Anschlusse an die von uns näher be
397 1300 1461 1367 maßgebender Stelle vor. Bei dem vorgestern Abends
1446 1302 3370 1383 Kreisraths- und Stadtrathsmitglieder hervorgehen, hrift Ed. Bernsteins hervorgehoben, daß sich
385 1337 3387 1428 in London veranstalteten Jahres=Festessen der könig= während die Universitäten, Gewerbekammern und Socialdemokratie eine sichtliche Wandlung von den ##
1430 1457 2479 1522 Unbequemlichkeit meines Mannes, wo es sich für mich um
2468 1460 3384 1530 jungen Leute keine Ungeduld geltend, ihren Brautst
1439 1505 2010 1562 Gesundheit und Glück handelt.“
2479 1490 2688 1568 zukürzen.“
548 1473 1308 1580 Kleines Feuilleton.
1471 1521 2487 1603 Seite 60: „Seit der gehabten Begegnung wurde er
2512 1531 3384 1621 Seite 38: „Sei dem nun wie ihm wolle, so ##
1440 1566 1900 1643 immer ein wenig erregt.“
2471 1567 2842 1642 fest, daß" u. s. w.
1482 1593 2483 1685 Ebenso Seite 282: „Nach der gehabten körperlichen
2508 1612 3375 1694 Seite 64: „In der Clara gegesüber liegenden Lo
1437 1646 1874 1716 und geistigen Emotion.“
2471 1642 3151 1723 Graf Triberg und Graf Spannbach.“
436 1647 1452 1721 (Ein Führer durch Dessauers „Götzendienst“.)
1477 1685 2485 1748 Seite 146: „Er hatte das ewig verliebte „Vorstadtmädel“
2510 1687 3371 1767 Seite 207: „Prantner war wie vor den Kopf gesch
386 1687 1454 1774 Dessauers Wiener Gesellschaftsbild „Götzendienst“ hat in
1435 1710 2492 1797 In die Literatur eingeführt, die er bloß aus dem Grunde
2508 1740 3376 1797 Seite 322: „Was die Logen betrifft, so waren sie
393 1747 1446 1803 einigen Wiener Blättern so laute Anbeter gefunden, daß
1446 1769 2480 1845 serherrlichte weil sie sich irgend einem Stadtgigerl in die
2476 1769 3377 1854 sächlich von den sattsam bekannten Theaterdamen beset
390 1790 1442 1841 eine Kritik des Buches post festum käme. Dem Feste,
1436 1802 1688 1879 Arme warf.“
2482 1823 3283 1883 Diese Wendung lehrt unzählige Male wieder.
395 1819 1437 1886 welches sich die Journale durch Vergötterung des Herrn
1472 1848 2485 1922 Seite 207: „Ein heftiger Verdruß gegen die Garda,
2516 1857 3351 1918 Seite 329: „Eine Zeitlang tappte Prantner i
396 1863 1449 1926 Dessauer bereitet haben, soll eine ernüchternde Kritik nicht
1444 1895 2219 1959 die an allem Schuld war, stieg in ihm auf.“
2461 1880 3381 1979 auf die Persönlichkeit, mit der er sprach, vollstän
388 1905 1437 1966 nachhinken. Ein Wegweiser für die ahnungslosen Leser der
1468 1921 2483 1999 Seite 279: „Die gefallene Näherin verkehrt im Hause
2462 1925 2799 2007 Dunkeln herum.“
397 1948 1439 2003 rasch hergestellten zweiten Auflage dürfte jedoch willkommen
1434 1974 2490 2037 der Eltern ihres Geliebten, in welchem sie im
2510 1980 3356 2036 Seite 340: „Auf ihrem weiteren Rundgange ka
390 1989 1435 2053 sein. Wörtliche Citate mögen uns führen. Dessauers eigene
1432 2019 2473 2075 Bewußtsein ihrer superioren Stellung sehr sicher auftritt,
2471 2015 3361 2074 Herren zufällig auch bei dem erwähnten Restaurant
399 2013 1434 2078 Sprache sagt mehr als die gründlichste Besprechung. Die
1442 2063 2465 2119 höchst familiär mit dessen Vater, Mutter und Schwester.“
2461 2057 3377 2124 und trotz seiner soeben gemachten Versicherung
388 2068 1449 2130 Gebiete, welche wir durchmessen, theilen wir zur leichteren
2472 2106 3376 2160 Falk einen Ausruf des Staunens nicht unterdrücken,
396 2105 826 2179 Uebersicht sorgsam ab:
1786 2112 2136 2195 B. Wippchen.
2472 2145 3380 2211 die mächtige Menschenansammlung rings um
2476 2172 2725 2241 selbe sah.“
724 2162 1128 2247 A. Grammatik.
1464 2165 2479 2239 Seite 66: „Frau von Lindenschmidt war in jeder Linie
2465 2216 3385 2295 D. Weltweisheit und feine Beobachtu
1434 2216 2469 2294 ihres Körpers, in jedem Zuge ihres Gesichtes eine so voll¬
428 2222 1432 2296 Seite 5: „Weil zur Wedergabe dieser Rollen, wo der
1445 2268 2012 2332 endete Weltdame, daß“ u. s. w.
2497 2284 3365 2341 Seite 10: „Viele mit dem Theater in enger Be¬
393 2274 1449 2340 Zuschauer bloß ergriffen oder erschüttert werden soll“ u. s. k.
1467 2287 2468 2365 Seite 67: „Und es war doch eine bekannte Thatsache, daß
433 2322 1445 2374 Seite 19: „Ein Jah nach ihrer Verlobung errang
2471 2315 3369 2390 stehende Personen verbringen ihr Leben ausschließl
1439 2328 2466 2404 für diesen Herrn das weibliche Geschlecht eben so wenig
2474 2352 2767 2423 Theatertratsch.“
381 2360 1434 2428 sie den Erfolg in der Thegerschule, und heute hatte sie ....
1443 2371 2477 2456 existirte wie alles Andere, was die Erde trug — mit alleiniger
2502 2380 3319 2457 Seite 12: „Bei vielen Damen, namentlich i
391 2406 1433 2465 eine vielversprechende Stelling gefun. den“. ... C tempora,
1440 2428 1896 2491 Ausnahme des Spiritus.“
2460 2421 3369 2511 Ballett, die nur sehr kleine Gagen bezogen, stand di
391 2445 658 2503 o Dessauer!
1465 2449 2470 2541 Seite 77: „Am weihevollsten benahm sich Frau
2464 2465 2838 2547 haberfrage obenan.“
432 2469 1451 2539 Seite 38: „Den Dirctor interessirten bei der ganzen
1428 2501 1606 2569 Winter.“
395 2512 1448 2582 Theaterführung überhaipt nur seine Lieblinge deren
2502 2504 3373 2578 Nach des Verfassers Meinung ein Wiener Gesellschaf
1465 2542 2473 2601 Seite 196: „Hatte Clara thatsächlich von Kindheit auf
2472 2556 3347 2608 Herr Roland sagt beim Empfange seinen Gästen: „A
394 2571 1436 2632 Wünsche auf Beschäftigng er, ohne viel zu überlegen,
1434 2584 2475 2643 das Leben nie anders gesehen als von einem grauen Schleier
2475 2587 3357 2654 ich habe heute einen Schluß in Spiritus gemacht,
392 2606 585 2668 erfüllte.“
1430 2599 1604 2683 bebeck.
2474 2630 3375 2693 mir lieber als die ganze Barbi.“ Frau Roland schreit
437 2622 1438 2700 Seite 41: „Sie las das Stück und fühlte sich davon
1469 2646 2466 2733 Seite 207: „In jedem Falle war das Ganze ein Pech,
2479 2685 3384 2756 ihren Gatten vor allen Gästen an: „Man sollte d
394 2671 761 2753 lebhaft interessirt.“
1423 2704 2150 2775 das alle erlaubten Grenzen überschritt.“
2471 2708 2784 2784 Spiritus setzen.“
434 2699 1427 2769 Seite 45: „Die (eladenen bestanden zum über¬
1472 2723 2473 2801 Seite 215: „Wie Clara jetzt beim Fenster hinausstarrte,
2509 2745 3373 2812 Der Verfasser läßt eine Dame der Wiener Ges
383 2760 1440 2812 wiegendsten Theilt aus Künstlern und Künstlerinnen
1432 2791 2474 2861 war sie auch geneigt, die häßliche Aussicht für den bleiernen
2478 2786 3367 2847 sagen: „Denken Sie, wir haben keine Cerelesitze mn
386 2803 1435 2867 der verschiedenen Theate, welchen sich mehrere Lebemänner
1427 2827 2398 2894 Druck, der auf ihr lag, mit verantwortlich zu machen.“
2470 2841 3371 2893 kommen, nur Parterresitze in der zwölften Reihe ware
385 2836 649 2909 zugesellten.“
2467 2878 3382 2942 zu haben — ich habe die ganze Nacht hin
439 2859 1440 2940 Seite 51: „Dazu kme noch, daß ihr Mann eine ganz
1617 2890 2292 2960 C. Stilistische Feinheiten.
2465 2908 2711 2994 geweint.“
395 2917 1444 2992 inaterielle Natur sei, der kein Verständniß für ihr Wesen
1468 2946 2476 3017 Seite 19: „Diese Frau starb bald nach der Verlobung
2516 2941 3383 3018 Herr Wachsmuth, ein Herr der Wiener Gesellschaft,
386 2963 1135 3030 besitze und es an Feinefühl fehlen lasse.“
1440 2986 2474 3059 ihres Sohnes, wodurch dieser, der nun ganz allein
2478 2992 3375 3048 dem Kinde der ersten Sängerin an der Hofoper „Nu
443 2989 1433 3051 Seite 52: „Mein Mann widerstrebte Anfangs, ins
2469 3026 3392 3100 suppe, Reis Prießnitzbinde um den Leib“ ins Hau
385 3040 2471 3092 Cottage zu übersiedeln, veil er dann seiner Geschäfte halber in der Welt stand, sich noch inniger an seine Braut an¬
2467 3071 3171 3148 Das nennt der Verfasser „Götzendienst“.
389 3075 2464 3153 nicht zu Hause speisen ann; aber was bedeutet diese kleine chloß. Aber auch nach ihrem (?) Tode machte sich bei den
558 3142 1043 3360 G
