3344 4320
1764 72 2117 158 F
128 91 405 186 S
1736 151 2897 200 Diese Ansicht hängt eben auch viel mit der falschen
743 143 1296 227 Dr. Witold R. v. Lewieki
164 154 417 226 die seitens
1619 178 2890 241 Stellung zusammen, die man immer wieder in den Begriff Theater
141 196 1609 289 end die Ein= Reichsrathsabgeordneter, Schriftsteller, Vicesecretär des Landes¬
1621 240 2896 305 hineinzudividiren sucht. Das Theater soll Erziehungsanstalt sein,
883 250 1156 311 ausschusses.
208 256 411 318 für die
1635 285 2899 341 selbst Kirche im gewissen Sinn, Correctionshaus, was weiß ich
487 279 1644 365 „Wir haben in Galizien mit der Theatercensur ziemlich
137 301 415 372 Kasseehäuser
1641 330 2891 379 noch Alles, die richtige verkehrte Welt. Das Theater soll unter¬
399 335 1635 408 schlechte Erfahrungen gemacht, namentlich in solchen
143 351 413 420 e seitens des
1629 371 2894 434 halten, nichts weiter, unterhalten in jenem weitesten Sinn, der
396 395 1633 446 Fällen, wo es sich um Theaterstücke handelte, denen eine groß¬
188 394 399 460 1 der be¬
1628 424 2892 480 eben auch die tragische Erschütterung als Unterhaltung gelten
393 442 1636 498 polnische Idee zugrunde lag. Ja, ich habe die gewis
146 446 395 523 hievon ab¬
1629 465 2886 533 läßt. Und dieser Unterhaltung soll man keine unnöthigen
391 486 1631 541 merkwürdige Erfahrung gemacht, daß Stücke von polvischen
1632 518 2893 570 Schranken ziehen. Man soll nicht künstlich angebliche Gefahren
144 534 1640 604 Bürgerschul= Autoren in Krakau und Lemberg unterdrückt
1624 559 2892 622 construiren, die in Wirklichkeit gar nicht existiren. Nehmen wir
172 564 1637 638 Gemeinde= wurden, während sie in Posen anstandslos zur Aufführung
1636 608 2900 670 nuc ein Beispiel: den Großinquisitor in „Don Carlos“. Eine
131 616 1631 693 om 30. No= gelangen durften. Ich erinnere mich da speciell an das Schauspiel
1630 651 2897 727 Zeitlang durfte er nicht auf der Bühne erscheinen, dann fand
140 674 1639 745 Beschluß des „Kraj“, das wegen seiner polnisch patriotischen Tendenz bei uns
1641 715 2816 766 man wieder nichts Anstößiges baran. Ich kann mich nicht
176 725 1630 800 setzungsverboten wurde. Eine Aenderung in den bestehenden
1639 741 2900 824 innern, daß der alte, rothe Herr bei seinem Wiedererscheinen
177 778 1638 836 Volks= Theatercensurverhältnissen scheint mir dringend geboren. Ja, ich
1634 801 2898 850 irgendwie revolutionär oder anstößig gewirkt hätte, Sie wahr¬
137 817 1636 883 Landesschul= halte es für eine Schande, daß in einem constitutionellen
1641 846 2901 901 scheinlich auch nicht, und doch mußte er wieder verschwinden. Schon
164 848 1646 921 und ins= Staate noch mit Verordnungen regiert wird, die aus absoluter
1623 890 2901 957 diese Inconsequenz ist charakteristisch, bald kalt, balb warm, ganz
127 890 1637 980 #r berechtigt Aera, dazu noch aus der Zeit der ärgsten Reaction
1626 941 2904 1000 wie die Mediein, die immer schwört, nur die gerade auf der
153 944 1628 1025 olge des Ab¬ stammen. Gegen die Anwendung solcher Verordnungen müßte sich
1636 991 2900 1066 Tagesordnung stebende Behandlungsweise sei allheilend, wenn sie
125 1008 1638 1080 Pensionirung, auch die Gesellschaft mit aller Macht zur Wehre setzen.
1630 1038 2756 1094 auch noch kurz vorher als absolut tödtlich verschrien war.
141 1061 1626 1129 ach den Be= Mit solchen Verfügungen aus dem Jahre 1854 muß endlich auf¬
1737 1068 2908 1137 Uebrigens geben wir uns keinen Illusionen hin, die Censur
176 1099 761 1184 und Re= geräumt werden.“
1627 1111 2898 1180 wird nicht so bald abgeschafft werden. Ziehe ich das in Betracht,
129 1151 412 1227 Phrstellen nur
1627 1170 2905 1232 dann möchte ich sie wieder wohl in einer Schärfe wirken sehen,
821 1166 1243 1255 Dr. Eduard Sueß,
127 1204 401 1274 usmaße an¬
1629 1211 2904 1286 die wohl auch nur frommer Wunsch bleibt. Ganze Literatur¬
571 1218 1462 1298 Reichsrathsabgeordneter, Universitätsprofessor.
135 1236 416 1318 prüche jener
1641 1271 2898 1330 richtungen müßten gestrichen werden, ganze Autoren und vor
493 1274 1633 1350 „Hervorragende freisinnige Geister halten die Theatercensur
135 1293 419 1370 schlusses zu
1646 1319 2789 1371 Allem jeder Satz, der über vier Druckzeilen lang ist. Ja,
148 1350 1643 1412 lit wurden, für nothwendig. Freilich müßte sie auf moderner Basis reformirt
1638 1362 2909 1419 lachen Sie nicht, für diese Periodisten müßte ein gesetzliches
127 1398 1637 1457 ker Gemeinde werden. Selbst der liberole Berthelot scheute sich nicht,
1636 1408 2541 1478 Maximalmaß eingeführt werden. Was über
2521 1402 2901 1475 so und so viel
138 1446 1641 1512 Hubstitutions= offen und rückhaltslos für eine Theatercensur einzutreten. Nehmen
1635 1455 2899 1517 Centimeter weg ist, schneiden und streichen. Ueberhaupt nur die
160 1487 1645 1553 gestern im Sie einmal Max Halbe's „Jugend". Ich habe das
1634 1507 2909 1566 Perlen lassen, die überflüssige Fassung fort, das wäre so mein
147 1519 1636 1595 schlages be= Stück nicht gelesen, aber meine Söhne, die es gelesen haben,
1634 1546 2915 1606 Ideal, vielleicht auch das des Publicums. Freilich dürften
144 1586 1643 1643 ie Gemeindeisagten mir, es sei eines der widerwärtigsten Stücke,
1736 1578 2920 1654 die Autoren nichts dreinreden, denn die
198 1612 1642 1687 dem ge= das ihnen bisher in der jüngsten deutschen Literatur vorgekommen
1642 1650 2921 1735 schreiben bekanntlich nur Diamanten, auch für zehn
155 1657 1638 1736 provisorisch sei. Andererseits will ich nicht verhehlen, daß das Aufführungs¬
1630 1691 2042 1775 Pfennige die Zeile.“
170 1725 1579 1784 t nach dem verbot von Gerhart Hauptmann's „Die Weber“ eine
137 1777 1654 1850 ilen zu[Dummheit war. Eine Censur also ist nothwendig, aber sie
2015 1778 2513 1864 Dr. Arthur Schnitzler
395 1814 1307 1893 müßte reformirt und gesetzlich geregelt werden.“
209 1823 389 1890 ohne
2122 1845 2423 1913 Schriftsteller.
149 1877 405 1940 gbrechtes
1741 1866 2912 1956 „Wie jeder Autor, bin auch ich selbstredend für die Ab¬
131 1902 431 1998 in Betracht
801 1904 1257 1992 Emesich v. Bukovics
1625 1926 2907 2014 schaffung der Bühnencensur und zwar schon deshalb, wels die
147 1971 424 2041 machen; sie
673 1959 1378 2045 Director des Deutschen Volkstheater.
1640 1992 2804 2059 Censur bei uns in die Hände von Personen
140 2015 417 2091 J. ab dies:
503 2034 2903 2110 „Ich bin in meiner Eigenschaft als Theaterdirector gegen legt, ist, die für die Kunst kein Verständniß besitzen.
136 2073 2903 2127 rmals zu die jetzige Theaterordnung, weil jedes veraltete Gesetz so um¬ Es ist ein offenes Geheimniß: der Censor läßt sich
136 2110 2899 2210 nd Ortsschul, beändert werden sollte, daß es sich den modernen Zeitströmungen bei uns bei der Beurtheilung des ihm vorgelegten Stückee
396 2165 2903 2232 anpaßt. Der Hauptfehler der heutigen Censur ist — die Ab= von allen anderen Rücksichten eher leiten, als von künstlerischen.
152 2199 406 2285 se Nr. 8 Fas¬
384 2216 2906 2298 hängigkeit derselben von clericalen Einflüssen. Hätte Ludwig Er ist a priori gar nicht dazu befähigt, ein Siück künstlerisch
396 2271 1650 2323 [Anzengruver seine Stücke heute geschrieben, ich bin fest
1638 2271 2916 2343 zu deurtheilen. Wer sind unsere Censoren? Da werden aufs
396 2317 2911 2383 überzeugt, sie wären nie zur Aufführung gekommen! Und in Gerathewohl Beamte herausgegriffen, die sonst alle möglichen
399 2369 1359 2446 dieser Hinsicht bedarf es dringend der Remedur.
1623 2374 2915 2436 guten Qualitäten besitzen mögen, nur keine literarischen. Danach
508 2414 2912 2472 In der Statthalterei ist man ehrlich bemüht, die Schärfe wird eben nicht gefragt. In der heutigen Nummer des „Neuen
152 2352 333 2520 ich.
373 2457 2919 2526 und Schroffheit des Gesetzes zu mildern. Das Entgegenkommen Wiener Journal“ erzählt der Polizeipräsident, daß er Ibsen's
380 2522 2911 2567 der Behörden den Bühnenleitungen gegenüber ist wirklich weit= „Gespenster“ seinerzeit in Prag verboten habe. Er verhehlt
375 2558 2907 2623 gehend. Als ich „Madame Sans-Genc“ aufführen uns auch die Gründe nicht, von denen er sich hiebei hatte leiten
138 2584 2911 2666 des Wiener wollte, erfuhr ich plötzlich, daß von hochstehender Seite gegen die lassen. Künstle#sche waren es nicht. Herr v. Stejskal
138 2636 2918 2715 kectoren über Aufführung Protest erhoben worden sei, weil die Träger einiger hielt die „Gespenster ür ein unsittliches Stück; nun, ich bin in
131 2705 2915 2774 chen Lösung altadeliger Namen sich durch die Verunglimpfung derselben im diesem Punkte anderer Meinung, ich halte die „Gespenster“ nicht für
149 2724 2947 2824 rsönlichkeiten Stück beleidigt fühlten. Zufällig war der Statthalter am selben unsittlich, aber man mag darüber nun denken, wie man will, Kunst und
167 2789 2917 2865 gehört zu Abend im Volkstheater, er bat mich in seine Loge und machte Sittlichkeit sind verschiedene Begriffe, man darf sie nicht mitä
125 2846 2906 2898 dene Partei=mir Mittheilung davon, daß „Undhame Sans-Gene“ noch keines= Lnander verwechseln, wie Herr v. Steiskal es in diesem
145 2877 1952 2970 entarier, die wegs „freigegeben“ sei. Auf die Frage, ob der Statthalter das Falle gethan.
391 2930 1662 3013 Stück selbst gelesen habe, antwortete er mir, dies sei nicht der
1750 2941 2907 3007 Freilich, der Staat hat die Neigung und auch die Macht¬
399 2982 1584 3042 Fall, doch wolle er noch in derselben Nacht das Stück lesen.
1630 2973 2915 3042 mittel, Alles zu unterdrücken, was ihm nicht in den Kram paßt,
504 3029 2908 3094 Und thatsächlich wurde ich bereits am nächsten Tag in die und ich muß gestehen, solange der Staat von der Voraussetzung
399 3071 1649 3136 Statthalterei beschieden. Der Statthalter hutte die
1633 3077 2914 3141 ausgeht, daß die Einrichtungen, die er schützen will, durch das
122 3081 338 3181 nelubs.
388 3119 1462 3192 [ganze Nacht hindurch gelesen und :
1639 3116 2907 3192 freie Wort auf der Bühne gefährdet sind, solange werde ich be¬
147 3160 2907 3237 icht allzusthrimir wit, das Stück seii trotz der „Be# iken“ greifen, daß er sich des Rothstifts nicht begeben mag, der ihm Die
166 3213 1471 3268 zu leiden.sohne einen Strich zur Aufführ:
1632 3202 2914 3290 Handhabe bietet, das seiner Meinung nach Gefährliche im Keime
150 3251 1649 3332 n und lassengelassen. Der Statthalter ging dabei von der Ansicht aus,
1635 3265 2913 3334 zu erstiek#. Ob das, was dem Stifte des Censors zum Opfer
157 3305 2910 3361 schmerz= daß Verunglimpfungen der Dynastie Bonaparte für den fällt, wirklick, danach angethan ist, den Staat in seiner Ruhe zu
172 3346 1219 3432 die Preß= österreichischen Hof nicht maßgebend seien.
1637 3364 2898 3418 bedrohen, ist eine andere Frage. Kein Stück der Weltliteratur
130 3392 407 3467 chen Werthe
500 3397 2904 3476 Immer und ewig also ist es nur der Clerus, der der Auf= ist dem Staate gefährlich geworden, auch Beaumarchais „Figaro's
142 3447 2912 3498 Der Schmied führung des Stückes hemmend entgegentritt, denn nach jeder Hochzeit“ möchte ich kaum als Ausnahme gelten lassen. Der
140 3492 397 3553 ehandelt die
388 3515 2910 3563 anderen Hinsicht ist die Censur nachgiebig und nur in dieser Figaro hat die französische Revolution nicht erzeugt, er war blos
155 3541 1285 3617 Im Mittel= einen Richtung läßt sie nicht mit sich spaßen.
1637 3530 2905 3613 der zündende Funke. Und ich bin überzeugt, wenn wieder einmal
148 3580 414 3656 hHaus und
492 3592 1642 3662 Meine Ansicht ist also: Regelung der bestehenben Censur.
1633 3590 2905 3659 zin Wort geschrieben werden sollte, das „trifft und zündet“ der
142 3641 1641 3716 rle unserer Ader Censur muß sein. Ohne sie wäre der Director vogelfrei,
1644 3642 2912 3707 Censor wird es gewiß nicht herausfinden. Das
142 3692 2908 3766 esselben un= er würde nach der Première mit den Behörden in ungezählte ist vor seinem Stifte sicher. Erst wenn es hinausgeflattert sein
177 3722 2906 3819 Kolar, Conflicte kommen, während er heute durch die Censur doch einen wird, wird der Censor sich fragen, wo stand denn das Wort.
151 3784 881 3876 gegeben. gewissen Schutz genießt.“
1626 3787 2311 3853 Ich habe es ja gar nicht gelesen.“
148 3824 415 3889 schamberg
150 3874 410 3935 en daß die
794 3864 1229 3954 Franz 0. Jauner.
149 3902 413 4000 Censur
1845 3886 2709 3986 Tageononigkeiten.
735 3920 1308 4007 Director des Carl=Theaters.
139 3963 402 4033 igaben,
500 3975 1650 4047 „Wer im Theaierleben Erfahrung hat, wird das einer alten,
146 4004 420 4079 sur ver¬
1664 3998 2867 4092 Das Avancement bei der Polfzei.
381 4040 1655 4114 verflossenen Zeit angehörige Theaterstatut überflüssig und un¬
142 4059 402 4131 werden jede
385 4077 745 4167 zureichend finden.
1623 4067 2891 4174 [Ein Massenausfritt der Concipisten in
137 4101 400 4172 taltung
498 4110 1645 4196 Aber dagegen kann der Einzelne nicht ankämpfen. Dazu
2113 4138 2431 4198 Aussicht!
134 4157 411 4213 Eifer fördern
