3344 4320
1194 225 1636 313 box 41/1
187 208 1047 327 1. Miscellansens
773 914 1267 1003 Lessing=Theater.
371 951 1637 1064 „Die Lumpen“, Komödie in drei Akten von Leo Hirschfeld.
431 1014 1631 1083 F. M. Wenn der Berliner Hirschseld, der Georg, sich für freund¬
379 1051 1629 1126 lichen Beifall bedankt, so werden wir durch seine äußere Erscheinung.
387 1105 1632 1159 an Gerhart Hauptmann erinnert; als der Wiener Hirschfeld, der Leo,
391 1136 1634 1214 sich gestern Abend fesch verbeugte — und er konnte es nach jedem Akte
391 1185 1629 1256 thun — glaubte man eine Kopie Arthur Schnitzlers zu sehen. Inner¬
392 1246 1633 1296 lich ist der Berliner Hirschfeld seinem Original nicht so ähnlich wie
384 1284 872 1358 der Wiener dem seinigen.
403 1289 1633 1407 * Es gab besonders nach dem zweiten Akte einen sehr starken Erfolg;
409 1376 1645 1444 der Verfasser und Herr Jarno konnten sich in die Ehren theilen.
415 1422 1647 1480 Beide erzwangen den Beifall durch kleine Uebertreibungen ohne
411 1465 1651 1527 welche das Stück und die Rolle vornehmer, vielleicht auch
421 1503 1650 1567 wirkungsloser gewesen wären. Wir sind das so sehr gewöhnt,
416 1547 1650 1621 daß es kaum noch einer Bemerkung werth wäre, wenn nicht
420 1588 1654 1656 gerade Autörstolz vor Publikumsthronen den Inhalt der neuen
406 1626 1660 1693 Komödie bildete. Leo Hirschfeld wirft die Frage auf: Darf ein
417 1671 1660 1737 Dichter der Bühnenwirkung zu Liebe seine künstlerischen Ueberzen¬
418 1720 1650 1778 gungen opfern? Und er verneint diese Frage sehr tapfer in einem
421 1761 1647 1836 bühnenwirksamen Lustspiele, dessen beste Schlager dem künstlerischen
411 1810 1090 1875 Bau des Ganzen nur angeflickt sind.
474 1842 1657 1908 Zu den Lumpen, den literarischen Zigennern, welche in einem
417 1886 1671 1956 Kaffeehause Wiens ihr Wesen treiben und lustig vom Pumpen
419 1932 1669 2001 leben, gehört auch der begabte junge Herr Heinrich Ritter. Sein
419 1973 1660 2036 Drama soll nur unter der Bedingung aufgejuhrt werden,
414 2017 1673 2083 daß er der Kassirerweisheit der Bühnenkenker den kühnen
414 2055 1672 2105 Schluß opfert, den Grundgedanken, um dessen willen er das
302 2081 412 2159 Für
387 2094 1691 2177 z Werk geschaffen hat. Lange sträubt sich Heinrich gegen diese Zu¬
387 2145 1686 2219 g muthung. Da aber auch seine Geliebte, eine Schauspielerin,
380 2189 1692 2253 g welche die Hauptrolle kreiren will, sich seiner Armuth und seinerg
370 2226 1676 2288 10 Unberühmtheit schämt, da sie ihm einredet, er werde nach einem ersten
400 2279 1659 2346 großen Triumphe ganz und frei an seinen Idealen schaffen können,
305 2313 1669 2397 Abon giebt er endlich nach, und sein Drama wird wirklich fünfzigmal
305 2354 1675 2447 Abon aufgeführt. Als einen gemachten Mann finden wir ihn im letzten
429 2391 1667 2453 Akte wieder. Die Lumpen stellen sich ein und pumpen ihn an:
429 2443 1668 2513 chur einer seiner ehemaligen Genossen bleibt sich selber treu
432 2486 1664 2546 und spricht als das strafende Gewissen kluge Worte gegen die Hausirer
430 2526 1670 2581 der Literatur, stolze Worte, vor deren Ernst die Lumpen doch wohl
431 2567 1677 2628 licht bestehen können. Heinrich verliert den alten Freund nur un¬
436 2616 1683 2676 zern; aber er ist inzt ischen ein praktischer Mensch geworden.
439 2658 1671 2713 bei seinem zweiten Drama denkt er nur noch an die Kulissenwelt
438 2695 1673 2757 ind die Tantiemen. Und um mii der Bohême vollends zu brechen,
442 2722 1678 2794 iebt er seiner Geliebten den Laufpaß und heirathet seine reiche hübsche
443 2775 1681 2839 kusine, deren Werbungen er sich früher brutal entzogen hatte. Eine
444 2811 1690 2876 atirische Komödie also, wenngleich die grobe literarische Satire der
450 2860 1672 2918 itzten Szeue bei der Aufführung fortgeblieben ist, der besseren Bühnen¬
453 2916 740 2972 irkung wegen.
482 2945 1678 3000 Man macht solchen Literaturdramen, deren Held ein berühmter
457 2973 1682 3047 kann sein soll, sonst gern den Vorwurf, daß der berühmte Mann
447 3023 1682 3103 icht genannt sei. „Namen nennen!“ heißt es dann wie
528 3055 1670 3125 Parlamente. Schlimm genug, daß wir uns keinen
459 3097 1681 3180 inzelnen als Modell des Heinrich Ritter vorzustellen brauchen, daß
479 3143 1682 3221 e Charakteristik Hirschfelds auf allzu viele erfolgreiche Theater¬
444 3195 1676 3258 Fchriftsteller der Gegenwart antrifft. auf diejenigen wenigstens, die
430 3248 1689 3311 mit Kunstverbesserungsplänen angefangen haben, um als Bühnen¬
443 3294 1678 3346 handwerker zu enden. Wenn nur die Charakteristik Hirschfelds ebenso
439 3330 1684 3372 sorgsam wäre, wie sie boshaft ist. Da bleibt aber viel zu wünschen
446 3370 1687 3432 übrig; wir erfahren nur selten, was in der Seele der handelnden
448 3414 1684 3459 Personen vorgeht. Die Wirkung ist nicht tief, weil die Psychologie
453 3456 1690 3521 oberflächlich bleibt. So wurde die fröhliche Lanne der Zuhörer fast
449 3498 1685 3561 immer nur durch die gut beobachieten Auftritte der schriftstellernden
437 3541 1530 3579 Zigenner und durch ihre vortrefflichen Bummelwitze geweckt.
487 3575 1683 3635 Das Lessing=Theater hat die Komödie, die den Geschäftsbühnen so
441 3626 1684 3677 bittere Wahrheiten sagt, vorzüglich heransgebracht. Den stärksten
442 3664 1686 3714 Beifall hatte Herr Jarno, der den amüsantesten unter den Lumpen
447 3713 1681 3760 spielte. Entzückend war Fräulein Jäger; sie gab die Schauspielerin
442 3762 1692 3812 und blieb natürlich. Herr Vonn GHeinrich) war mehr Schauspieler.
447 3788 1680 3852 In kleineren Rollen müssen die Herren Nissel, Halm, Pagay und Frau
437 3826 897 3910 Pgay genannt werden.
1725 920 3048 1008 aeasesereseaeseerereneeeeneureeeeeeeneeeerseeasteneseraneeesseesesesssesssssessssessssesstsessgesssessssesesurssessbefgagr sahnstahegte
2269 1010 2618 1081 Telefon 12801.
1974 1109 2887 1198 Unternehmen für Zeitungs-Ausschnitte
1721 1163 1976 1270 05
2879 1193 2994 1284 Nr.
2109 1188 2732 1305 „OBSERVER“
1718 1269 3182 1368 I. österr. behördl. concess. Bureau für Zeitungsberichte und Personalnachrichten
2014 1377 2892 1459 Wien, IX/1 Türkenstrasse 17.
1925 1441 2943 1528 Filiale in Budapest: „Figyelö“, VIII. Josefsring 31a. —
1721 1511 2782 1674 Neuschrit aen er Ccet .
2800 1582 2856 1697 d
2304 1702 2611 1803 W 0000
1733 1708 2199 1807 von 00 90
2902 1689 3072 1846 72
3041 1782 3144 1906 S
2079 1994 3057 2075 Die „Arbeiter-Zeitung“ und die meisten anderen
1992 2061 3051 2118 Judenblätter moquiren sich über die Hallenser Studenten,
2002 2100 3048 2159 die dagegen protestiren, daß Frauenspersonen zu medicini¬
2008 2136 3033 2192 schen Studien und klinischen Versuchen zugelassen werden.
2006 2173 3002 2235 Wie sollte auch dieses Volk das Schamgefühl gebild.
2008 2211 3010 2278 junger Männer begreifen, das nach dem Ausspri
2005 2269 3060 2323 Schopenhauer's aus Individuen besteht, die „sich nich
2012 2303 2539 2373 schämen und nicht grämen“.
2088 2367 3047 2429 Der geistreichelnde Jude Mar Nordau — recte Simon
2233 2429 3047 2476 schrieb in der „Neuen Freien Presse“ vom
2177 2440 2222 2481 —
2023 2467 3036 2520 22. März: „Othello“ ist ein gemeinplötzliches Melodram.“
2087 2496 3050 2551 Dieses Urtheil kann zwar dem William Shakespeare
2019 2541 3045 2587 nicht mehr viel schaden, aber es liefert neuerdings den
2010 2579 3057 2648 Beweis, daß die Juden dem großen Dichter seinen
2024 2622 2616 2699 „Shylock“ nie verzeihen werden.
2090 2683 3052 2760 Der Tuekarzt der Londoner Centrak-Irrenanstalt hat
2013 2744 3059 2795 eine eigene Abtheilung für Künstler und Dichter einge¬
2016 2785 3060 2840 richtet, deren künstlexische und poetische Ueberspanntheiten
2013 2823 3070 2895 sich zu einem methodischen Wahnsinn entwickelt haben. Es¬
2018 2864 3058 2931 scheintalso auch in England Wirbelköpfe #la Bahr und
2024 2911 2400 2969 Schnitzler zu gebest.
2118 3062 2788 3152 Bezugs-Bedingungen.
2834 3117 2937 3180 7.50
1742 3127 2677 3211 Für 50 Zeitungsausschnitte (Artike. odel Nonzen)
2958 3143 3143 3215 inclusive
2814 3163 2949 3234 14.—
1834 3181 1934 3231 100
2973 3201 3119 3238 Porto.
2807 3208 2925 3257 25.—
2967 3225 3125 3267 Zahlbar
1819 3227 1928 3270 200
2811 3240 2927 3303 55.—
2954 3244 3155 3307 in Voraus
1837 3261 1942 3315 500
2794 3288 2922 3348 100.—
1813 3301 1938 3360 1000
1870 3314 3189 3391 Im Gegensatze zu anderen Bureaux für Zeitungsausschnilte ist da¬
2822 3369 3186 3424 auch siehl es den
1761 3381 2764 3441 Abonnement durch keine bestimmte Zeitdauer begrenzt:
1763 3414 3097 3486 Abonnenten frei die aufgegebenen Theinen zu erzänzen oder zu ändern.
