3392 4320
1156 266 1609 361 box 41/1
174 260 1018 372 1. Miscellaneels
735 1068 1135 1139 Telefon 12801.
2183 1078 2527 1163 Telefon 12801.
2867 1156 3073 1246 Ausschm.
494 1157 1456 1250 Internehmen für Zeitungs-Aussehnitte.
1315 1163 2814 1270 Anchem 7 Unternehmen für Zeitungs-Ausschnitte,
200 1174 528 1301 9 105
2743 1212 3063 1341 N. 6
2042 1243 2648 1362 „OBSERVER
608 1280 1538 1392 „ODSEKVEK N. 9
1626 1333 3097 1418 I. österr. behördl. concess. Bureau für Zeitungsberichte und Personalnachrichfen
211 1385 1633 1451 L. Esterr. behördl. cone. Bureau für Zeitungsberichte u. Personalnachi
1930 1410 2801 1508 Wien, IX/1 Türkenstrasse 17.
394 1454 1498 1534 Wien, IX/1, Türkenstrasse 17.
1876 1483 2988 1569 Filiale in Budapest: „Figyeld“. VIII. Josefering 31 a. —
637 1520 1279 1618 Filiale in Budapest: „Plgyelé“
313 1596 1544 1686 Vertretungen in Berlin, Chicago, London, Newyork, Paris, Stockholn
1625 1574 2894 1712 Ausschnitt aus: Ostüauische Rundeebau,
224 1733 772 1830 Ausschnitt aus:
935 1718 1308 1841 epite Rre¬
1639 1754 2121 1877 # 1½ 00
2032 1855 2607 1972 Gtaseleage #
230 1866 675 1987 vom 77
438 2100 1472 2185 Gräsin Tatiana Tolstoi els Reklameschild.
1894 2134 2821 2210 Wie wir vernehmen, besteht bei der General¬
1744 2143 2430 2233 intendanz die Avsicht, für das Ho
404 2151 1468 2248 Die Tochter Tolsioi's, Gräfin Tatiana, weilte einige
2718 2199 2825 2255 ter
1759 2201 2727 2282 die Stelle eines eigenen „Hofburgtheaterdichters“
408 2228 1462 2278 Zeit in Wien, um nunmehr — nach ihrer Abreise —
1755 2242 2836 2334 kreiren, um den berühmten Ruf dieses Theaters als erste
401 2249 1469 2318 von unseren Unartenlosen als Reklame für etliche Theil¬
1757 2272 2814 2362 deutsche Bühne vor allen literarischen Wechselfällen zu
411 2296 1475 2369 haber einer in allen Ständen und Kreisen wuchernden
1754 2315 2826 2401 bewahren. Von Direktor P. Schlenther wurden für
400 2330 1462 2404 Klique benützt zu werden. Die „Neue Freie Presse“
1757 2351 2813 2435 den ehrenvollen Posten in erster Linie vorgeschlagen:
504 2384 1486 2443 net dem Wiener Aufenthalte der „Ljeblingstochter
1756 2390 2513 2463 Arthur Schul#ler, Sigmund S
2609 2420 2804 2473 singer,
1751 2419 1953 2476 Thedhör
529 2434 1474 2482 i's“ meyr als eine Spalte ihres unter Brüdern
1994 2442 2839 2511 rzl und Ebermann. Von anderer
496 2463 1476 2531 geschättten und kostbaren Raumes und rechnet dabei
1749 2465 2816 2540 Seite berichtet man uns, daß auf die Intendanz maß¬
414 2475 474 2532 ho
407 2507 1472 2571 vermuthlich auf die Feinfühligkeit der Dame, welche der
1746 2508 2825 2604 gebender Einfluß genommen wurde, auch tschechische
1741 2546 2405 2614 Lileraturgrößen zu berücksichtigen.
409 2556 1469 2633 Betroffenen kaum gestatten dürfte, der ihr angethanen
411 2601 1488 2652 Ehre zu widersprechen. „Krankheit hat die Tochter
402 2634 1482 2688 Tolstoi's zu uns geführt,“ so läßt sich unter Anderem
408 2678 1468 2759 die in schreienden Farben aufgetragene Reklame ver¬
419 2721 1486 2796 nehmen, „die unglückliche Manipulation, eines
416 2763 1485 2828 Zahnarztes bewirkte Erscheinungen, welche die
416 2799 1475 2865 russischen Mediziner nicht zu bekämpfen vermechten.
414 2852 1460 2904 Diese haben große Vorliebe für die Wiener Klinik —
413 2907 1485 2950 namentlich Nothuggel genießt dit größte Verehrung
419 2940 1475 2997 in Rußland — und so wurde Gräfin Tatiana hieher
448 2976 1475 3046 eschickt, wo Dr. Hajek, ein Schwager des Schrift¬
832 3015 1479 3085 durch eine glückliche Operation
440 3026 785 3103 tellers Schn#i##l
449 3063 1478 3119 se Ursachen ihres Uebels behob. Von ihrem Kranken¬
2023 3081 2711 3178 Bezuge-Bedingungen.
417 3105 1487 3167 hette aus that sie die ersten Blicke in unser literarisches
424 3154 1471 3203 und politisches Leden und berichtete über die Summe
2726 3155 2844 3223 7.50
1660 3155 2603 3242 Für 50 Zeitungsausschnitte (Artikel oder Notizen)
2872 3169 3049 3242 #nchusive
246 3191 1209 3259 rar 5(Ihrer Eindrücke ihrem berühmten Vater
1293 3187 1568 3267 u. s. w. Inel
1744 3209 1851 3268 100
2907 3232 3013 3275 Porto.
2707 3155 2844 3286 12
349 3238 1564 3301 100 Wahrscheinlich dürfte Gräfin Teriana ihren berühmten por
1734 3254 1853 3298 200
2872 3255 3037 3298 Zuhlbar
2712 3283 2762 3327 5
2853 3287 3061 3351 im Voraus
287 3293 1569 3365 „ 200 Vater auch noch über anderweitige Summen berichten; Zahl
1729 3293 1849 3337 500
2687 3311 2839 3376 100.—
1717 3324 1850 3400 1000
334 3317 1531 3389 500 aber auch abgesehen dahon, ist der Tochter Tolstol's auf¬ „ V
1789 3344 3092 3421 Im Gegensatze zu Aeren Bureaux für Zeilungsausschnitte ist da
325 3371 1489 3431 1000 richtige Theilnahme zu gewähren, schon wegen der ersten
2727 3401 3098 3461 auch steht es den
1678 3422 2688 3465 Thonnemnent durch keine bestimrete Zeitdauer berenzt;
417 3410 1538 3461 Blicke, die sie vom Krankenbette aus in „unser“ lite, die
1663 3450 2989 3519 Abounenten fei die aufgepebenen Themen zu ergänzen oller zu ändern.
263 3446 1574 3522 Abon#e rarisches und politisches Leben zu thun genöthigt war. staht
270 3490 1555 3579 Abonne Arme Gräfin! Sie mußte ihre ergewonnege Gesund= irn.
415 3532 1481 3580 heit theuer bezahlen. Dafür konnt die „Einbrücke“ mit¬
420 3573 1491 3633 nehmen — na! der brave, alte D Astvi mag seine Freude
412 3607 1490 3674 d'ran haben Für die mit seinem und seiner Tochter
417 3652 1490 3726 Namen versebie Reklame wird dem Fussischer Reformator
405 3704 1094 3782 doch wohl das Verständniß fehlen.
