3344 4320
145 236 993 346 1. Miscellaneons
782 1896 934 1973 1
156 2046 936 2120 gibt die Losung aus: „Los von Rom!“
145 2100 934 2161 lleicht nicht Zeit, bis wir „Los von Israek!“
139 2218 941 2289 nicht willst, das den Czechen geschieht, das thue
152 2262 337 2323 hmen an!
127 2332 929 2394 er Staatsanwakt kann an einem Tage mehr
144 2375 938 2431 iren, als dem besten Humoristen in einem
138 2477 930 2560 er Pernerstorser den Absolutismus nicht auf¬
143 2537 822 2587 lt ihn der Kronawetter auch nicht auf.
220 2608 929 2681 uns nicht gelingt, die Juden von der
140 2663 941 2727 drängen, bleibt diese doch nur eine Volkisver¬
149 2706 250 2764 stalt.
148 2769 932 2839 Dichter, der von den Applausvuben heraus¬
145 2831 941 2887 erscheint nur vor dem Publikum, um sich von
148 2862 526 2921 mer zu verabschieden.
151 2930 939 3012 eitke Menschen, deren ganzes Verdienst in
147 2989 437 3046 och Platz findet.
132 3049 937 3133 schen Zeitungsschreiber genießen in der Gesell¬
147 3119 934 3166 dieselbe Hochachtung, wie die Halbweltdamen;
146 3157 830 3220 Unterschiede, daß letztere beliebter sind.
1141 231 1580 330 box 41/1
968 1885 1261 1976 Lose
1300 1882 2151 1975 Gebanken. Be¬
974 1964 1746 2066 Kuf (Von J. J. M.)(%
1024 2060 1990 2125 Das „schwächste“ Stück von Anzengruber ist noch immer
2001 2041 3046 2110 einen Minister zur Ordnung zu rufen; ein österreichischer
958 2099 1750 2166 besser, wie das „stärkste“ von Theodor Herzl.
2014 2109 3050 2149 Reichsrathspräsident getraut sich nicht einmal im Traume,
2015 2154 2600 2213 einen Minister schief anzuschauen.
1038 2171 1978 2230 Ein Restroy'scher Witz ist mehr werth, als zehn Ge¬
956 2217 1443 2283 dichte von Julius Bauer.
2078 2200 3038 2261 Mancher ist nur so lange stolz darauf, die Stelle eines
2007 2264 3044 2297 Volksvertreters zu bekleiden, bis er Hofrath wird, da die
1023 2284 1909 2373 Es gibt mehr überschätzte Dichter, als verkannte.
2023 2303 2965 2355 Hofrathsstelle sicherer ist und auch etwas mehr einträgt.
1039 2367 1984 2435 Die modernen Dichter vergessen, daß es neben dem
2092 2366 3041 2425 Einem Freimaurer glaubt man nicht, selbst wenn er
2015 2419 2541 2483 behauptet, daß er keiner ist.
961 2416 1983 2462 Nachtleben auch noch ein sicht ganz unbedeutendes Tag¬
974 2459 1169 2518 leben gibt.
2079 2481 3045 2558 Man kann auf verschiedene Art reich werden; doch mit
1034 2524 1979 2577 Wenn unsere Verfassung nicht dann und wann verletzt
2007 2529 2697 2598 der Ehrlichkeit währt es am längsten.
958 2571 1782 2645 würde, wüßten wir kaum, daß wir eine haben.
2086 2597 3049 2664 Die Steuerresorm wird Oesterreich in ein Paradics
1043 2639 1991 2703 Ich fürchte nicht, daß die Regierung die Verfassung
2007 2655 3036 2724 verwandeln. Wir werden nämlich bald Alle nackt herum¬
2006 2695 2160 2752 laufen.
965 2689 1727 2766 aufhebt, denn der § 14 ist ihr unentbehrlich.
1031 2768 1988 2822 Die Politik unseres Ministeriums hat zwar viele
2090 2760 3042 2834 Das ist der Fluch der bösen That, daß jede detaislirte
2012 2814 2753 2876 Mordbeschreibung neue Missethäter erzeugt.
957 2812 1654 2882 „Grendzüge“, aber keinen Grundzug.
2076 2882 3038 2931 Ein Taufschein ist immer ein werthvolles Document,
1024 2876 1977 2937 Was für ein Unterschied ist zwischen Hermann Bahr
2007 2930 2849 2998 besonders wenn dessen Eigenthümer ein Jude ist.
968 2933 1398 2985 und Arthur Schnitzler?
1046 2960 1975 3027 Arthur Schnitzler ist ein echter Talmudjud und Her¬
2079 3008 3033 3069 Keiner bleibt länger volksfreundlich, als bis er Mi¬
978 2993 1556 3082 mann Bahr blos ein Talmijud.
2013 3041 2240 3103 nister wird.
1039 3080 1986 3134 Im Mittelalter wurden die großen Spitzbuben gerädert,
2073 3109 3045 3189 1o die „großen Interessen“ der Parteien sprechen,
950 3128 1686 3185 heutzutage fahren sie auf Gummirädern.
2009 3159 2730 3229 muß das Interesse des Volkes schweigen.
1029 3188 1982 3256 Ein französischer Kammerpräsident scheut sich nicht,
