3392 4320
1520 267 1770 339 Die Zeit.
2689 263 2895 335 Nr. 118
1995 257 2337 340 2. Jänner 1897.
940 273 1276 345 Wien, Samstag,
434 272 608 342 Seite 8.
1663 381 2953 460 aber schärfer und tiefer hin, so hört man das Pochen einer großen
384 412 1655 473 heit, so unheimlich sie wirkt, kann dennoch in ihrer Bewegungsarmnt
1673 447 2946 485 Gesundheit, ein stürmisches Gähren werdedrängerischer Säfte. Die
382 452 1623 500 gar leicht einer frühen Erstarrung zutreiben, wo schließlich die Tiefe —
1677 486 2951 529 Blasiertheit, das ästhetische Gigerlthum erscheinen dann als bloße
391 490 1657 547 Form wird, weil der Inhalt immer wesenloser ins Aetherische zerstiebt.
1677 533 2948 580 Maske, als eine jener ironischen Verkleidungen, wie der moderne
389 542 1653 589 Mir scheint die ganze Richtung der „Blätter für die Kunst“ an solch
1676 579 2946 627 Mensch sie liebt, um sein Schamgefühl zu verbergen. „Begeisterung
394 587 1649 643 formalistischer Einseitigkeit zu kranken, auch ihr Oberpriester St. George,
1665 620 2952 678 und Declamation sind Mittel, unseren Stoffwechsel zu beschleunigen,
394 622 1664 689 dessen Standbild Hoffmannsthal in schwärmerischer Jüngerschaft vor
1681 665 2955 715 also unser Menschenthum zu steigern. Man verjüngt sich dabei. Es ist
396 676 697 732 uns erhöht hat.
1677 707 2947 749 wie ein Turnen von innen.“ In diesem matt=ironischen Ton verstreut
520 716 1655 772 Es sei indes gestattet, auch ein sociales Moment hier zur
1677 763 2963 794 P. Altenberg seine hygienischen Pillen. Denn die Kunst ist ihm Hygiene, der
397 762 1655 813 Sprache zu bringen, das gerade an diesem Platz und im Gegensatz zu
1677 795 2960 851 wichtigste Zweig der modernen Psycho=Therapie. Rein äußerlich betreibt
398 801 1667 848 Jung=Berlin seine Bedeutung hat. Jene Kunst, wie sie Hoffmanns¬
1678 852 2951 900 er sie natürlich mehr als Gourmandise, als ein Schlürfen und Schlecken
397 837 1657 901 thal und mit ihm die anderen Jung=Wiener vertreten (daneben
1678 886 2954 932 seltener Speisen, und daher verdirbt man sich an seinem Austerngericht,
393 888 1645 941 auch Stesan George und die Seinen), sie erscheint mir nicht bloß
1677 933 2974 987 so lange man noch unerfahren ist, leicht den Magen. Erst wenn man
393 946 1656 982 als das Product einer durchsättigten Cultur, sondern auch eines
1684 988 2960 1044 Sect vom Eigenen hinzuzuthun hat, findet man alles wohlschmeckend
388 983 1662 1035 sorgenlosen, behaglichen, selbst üppigen Lebens. Sie ist gewisser¬
1670 1018 2069 1079 und gut bekömmlich.
396 1017 1658 1076 maßen eine Kunst der Millionärssöhne (wobei ich bitte, dieses Wort
1805 1051 2954 1118 Das ist das Wienerische an Peter Altenberg, dass er sich auf
396 1062 1659 1126 nicht etwa pedantisch zu nehmen). Eine gewisse Blasiertheit, Luxus¬
1684 1092 2953 1142 den Gecken hinausspielt. Was bleibt dem Wiener, zumal dem vorge¬
395 1115 1657 1172 gewöhnung, selbst Temperamentlosigkeit spricht aus ihr. Man hat
1693 1154 2948 1204 schrittensten, anderes übrig, wenn er den ungeheuren Glanz der cul¬
396 1160 1659 1212 alles haben können, was man wollte; man hat seine Kräfte ausgeben
1688 1193 2954 1245 turellen Tradition in Nerven und Gliedern hat, und dabei die Lauheit
398 1202 1666 1255 und schonen können, wie und wo man wollte; was es heißt, dass
1684 1245 2953 1292 und Halbheit der politischen Gegenwart, die Lahmheit der städtischen
394 1250 1657 1299 einem das Wasser zur Kehle schwillt, das weiß man nicht; man glaubt
1687 1280 2955 1333 Entwicklung, die stetig wachsende Unklarheit auf dem Boden der Rassen¬
395 1298 1658 1346 sogar nicht daran, wenn man von anderen derartiges vernimmt; und
1682 1323 2964 1376 vermengung bitter und lebhaft bei sich empfidet? Der Pariser, der
402 1328 1664 1383 doch gibt es das wohl, gibt's gerade in Jung=Berlin, wo mehr als
1684 1368 2962 1424 Londoner fühlt sich ganz anders als treibender Mittelpunkt der Welt.
401 1391 1656 1433 einer von den „Vätern“ unserer neuen Kunst dem grauen Hunger¬
1691 1415 2960 1458 Er fühlt, welch neue Bewegungen immer noch von seiner Heimatstadt
395 1413 1660 1491 gespenst ins Auge geblickt hat. Daher ist die Berliner Kunst soviel
1686 1455 2952 1513 ausgehen, und wie der Glanz errungener (oder auch eingebildeter)
408 1459 1668 1519 unruhiger, soviel stürmischer, düsterer, revolutionärer, auch soviet galgen¬
1679 1512 2963 1561 Machtstellungen nach außen und innen eine rauschvolle Suggestion
409 1505 1659 1561 lustiger und ausschweifender als die Wiener Kunst, die heiter auf
1689 1545 2967 1603 erzeugt. Der Berliner und Petersburger wähnt mit naiver Sicherheit
400 1543 1659 1617 sicheren Bäumen wächst und, indem sie das Zerrbild dieser Welt be¬
1687 1588 2962 1637 die Zukunft bereits in seinem Netze eingefangen zu haben. Der Wiener,
406 1614 1455 1655 trachtet, doch selig dem Schlagen der Nachtigall lauscht.
1690 1631 2969 1672 wie auf etwas anderer Grundlage wohl auch der Römer, findet erst
512 1641 1664 1700 Noch dentlicher selbst als aus Hoffmannsthal spricht das melan¬
1688 1675 2961 1735 in der Ablehnung „heroischer" Wallungen das nöthige Gleich¬
411 1696 1677 1740 cholische, alte, leuchtende Blut sich verwandelnder Geschlechter aus
1688 1736 2962 1779 gewicht für seine Existenz. Wenn aber nun trotzdem ein markanter
400 1733 1674 1781 Leopold Andrian zu uns. Er hat bloß ein dünnnes Büchlein ver¬
1682 1769 2968 1823 heroischer Zug im einzelnen Individuum vorhanden ist, was wird es
410 1771 1668 1823 öffentlicht, den „Garten der Erkenntnis“, aber er brauchte nichts
1687 1817 2962 1861 thun? Es wird ihm eine Narrenkappe aufsetzen und unter der Narren¬
410 1813 1673 1879 weiteres mehr zu schreiben — seine Stellung in der Literaturgeschichte
1697 1852 2964 1911 kappe her weise und zornig und muthvoll reden, und so thut meiner
413 1874 1671 1920 bliebe ihm gesichert. Ich liebe diesen zarten, blassen Prinzen mit den
1699 1904 2238 1968 Ansicht nach Peter Altenberg.
400 1925 1673 1967 zuckenden Lippen und den fragenden, wissenden Augen, sowie ich seltene
1816 1934 2967 1988 Er selbst ist ein starker und eigenthümlicher Repräsentant der
403 1959 1687 2007 Blumen liebe, von denen ich weiß, dass sie Letztlinge sind, und deren
1699 1990 2973 2042 „neuen Rasse“, an deren Heraufkommen er arbeitet, und für die ihm
408 1996 1671 2052 sterbende Farben und süß=kranken Duft ich mit wehmüthiger Andacht
1695 2035 2972 2085 die Kunst ein wertvolles Beförderungsmittel ist. Er betet nicht, wie
416 2030 1682 2100 genieße. So ist es auch mit dieser Kunst. Sie entzückt, aber sie
1706 2076 2972 2130 etwa Hoffmannsthal und Andrian, zur allheiligen Ruhe. Seine Göttin
416 2073 1687 2139 bewegt nicht, sie treibt nicht an, treibt nichts aus uns heraus. Man
1699 2125 2969 2174 ist die Bewegung, das stürmische Leben in seinem Ueberschwang bis
417 2137 1677 2182 kann darüber einschlafen, selig lächelnd. Ein holdes Todesliedchen ist
1708 2171 2977 2229 zur Verzerrung (Pacquerettel). Dabei affectiert er aber in-Auftreten
412 2169 1678 2220 sie, mit Engelharfenbegleitung. Der ganze Katholicismus steht da¬
1701 2201 2980 2260 und Gebaren durchaus den ruhigen, skeptischen, illusionslosen, ironischen
1326 2215 1680 2276 igung und Seelen¬
414 2222 1267 2266 hinter mit all' seinen Künsten der Seelenbesch#
1702 2259 2970 2306 Weltmann. Er will sich nicht lächerlich machen; darum macht er selber
1345 2258 1677 2316 noch matte, aber
415 2273 1265 2327 betäubung. Er ist Aesthetismus geworden, de
1703 2309 2977 2352 sich lächerlich. Und er hängt seine Zärtlichkeit und Liebe an allerhand
413 2321 1679 2367 unendlich verfeinerte Eindrücke in sich aufnimm, vom Wohlleben er¬
1705 2351 2976 2396 seelisch verkrüppelte Halbbruder=Wesen, deren einziger Vorzug es mit¬
418 2346 1687 2405 müdet. Natürlich kennt man auch Sorgen. Aber die Sorgen selbst
1701 2395 2967 2450 unter ist, dass sie an seiner Seite eine passable Ringstraßenfigur
416 2392 1674 2445 sind Luxusgefühle. Sie entstammen nicht irgend welchen „realen“
1700 2432 1980 2508 bilden mögen.
425 2447 1677 2492 Verhältnissen, sondern einer unsichtbaren, allgegenwärtigen Lebensangst.
1818 2479 2975 2528 Wenn man seine Philosophie bezeichnen soll, so kann man sie
419 2481 1687 2530 Die ist wie ein Alpdruck nahe, oft in der fürchterlichen Larve der
1703 2516 2976 2576 wohl einen ästhetischen Materialismus neunen, eben im Sinne jenes
427 2522 1681 2594 gähnend schleichenden Langeweile. Dann fangen die Nerven an sich
1711 2556 2976 2612 oben angeführten Dictums. Er behandelt die Seele durchaus vom
418 2589 1689 2630 zu ängstigen, sie bekommen das böse Gewissen. Arbeit wollen sie haben,
1713 2616 2976 2669 Leibe aus, und so weckt er die Cultur des ästhetischen Sinnes durch
430 2634 1684 2682 sie haschen und suchen, schaffen sich Wahngebilde und Visionen. Und
1697 2653 2970 2706 eine raffiniert=systematische Cultur aller Sinne. „Heller goldgelber
422 2661 1681 2719 aus dieser Unruhe entsteht dann entweder Wahnsinn oder — Kunst.
1698 2692 2979 2740 Thee, Gingerbreads und Marrons glacés“ gewinnen so auf indirectem
420 2716 1646 2773 Jeder Jesuit wird mir's bestätigen. Nur wird er beides vielleicht —
1707 2736 2984 2800 Wege einen rein ästhetischen Wert. Es ist leicht über derlei Narretei
428 2755 750 2824 Religion nennen.
1712 2795 2975 2850 zu lachen. Man spüre aber auch ihren Ernst! Und ich habe mir nun
551 2778 1694 2855 „Der Erwin“ (wie reizend=affectiert dieses „Der“!) ist, hof¬
1703 2841 2983 2898 einmal in den Kopf gesetzt, Herrn Peter Altenberg ernst zu nehmen,
425 2835 1683 2890 fentlich mehr als sein Dichter, solch eine schwanke Gestalt auf schmalem,
1713 2870 2731 2936 gerade weil alle Welt über ihn glaubt lachen zu können.
426 2884 1683 2935 gefährdetem Lebensgrat. Er will — erkennen! Was?! Das Leben!
1825 2907 2972 2963 Auch bereitet er mir in keiner Weise mehr Magenweh. Diese
428 2924 1696 2972 Sich selbst! Aber vom Leben ist er immer „wie durch eine andere
1717 2972 2486 3040 Kinderkrankheit hab' ich — „überwunden“.
430 2980 1695 3026 Luft getrennt". Und sich selbst sucht er stets in anderen, denen er an¬
2626 2998 2949 3067 Franz Servacs.
419 3012 1695 3070 hängt, fast mit der Empfindung eines Weibes („der schöne Sieg oder
427 3071 1695 3118 das noch viel schönere Besiegtsein"!). Weder in sich, noch im Leben
429 3110 1695 3162 vermag er wahrhaft aufzugehen. Ueberall ist der Contact zerrissen und
1915 3079 2779 3159 Die Romantik auf der Bühne.
434 3144 1688 3211 durchlöchert. Das dionysische Gefühl ranschvoller Auflösung ins un¬
2066 3159 2613 3237 Von Roberto Bracco (Neapel).
425 3191 1695 3240 geheure Ganze mangelt ihm vollständig. Er hat niemals den großen
1702 3224 2978 3313 Im allen etwaigen Missverständnissen von vornherein entgegenzu¬
421 3245 1700 3292 Pan gesehen. Er ist ein vom Muttercentrum losgerissener Nerv.
1788 3283 2988 3335 treten, bemerke ich vor allem, dass ich in diesem Aufsatze dem
419 3297 1587 3341 Da muss er denn freilich sterben — „ohne erkannt zu haben“.
550 3334 1701 3387 So hinterläfst dieses seltene Buch künstlerischer Begnadung doch
1714 3321 2996 3373 Worte „Romantik“ die durchaus moderne, bescheidene und gemeine
424 3368 1698 3412 einen beklemmenden General=Eindruck. Ich weiß nicht, ob es anderen
1722 3365 2997 3420 Bedeutung beilege und nicht die erlesene Bedeutung, durch die eine
1717 3411 2986 3468 hervorragende literarische Schule sich von jener der Classiker unter¬
429 3419 1694 3480 so ergeht, aber mich quält die Frage: Was kann daraus noch für
1717 3451 2985 3516 scheiden wollte. Es ist die Bezeichnung eines jener großen Missver¬
430 3456 1698 3506 ein Neues, Zukünftiges entstehen? Mir erschien es noch stets als das
1714 3498 3005 3557 ständnisse, die die italienische Bühne schädigen, und die den breiten,
431 3499 1691 3554 Nothwendigste in der Kunst, dass sie eine starke Zukunftsillusion in
1720 3550 2988 3606 besonnten Weg versperren, der dem Vorwärtsschreiten der Jünger der
434 3543 1693 3608 sich trägt, dass da etwas vorschwebt, zu dem hin man alle Kräfte
1721 3593 2994 3646 dramatischen Kunst günstig ist. Zu dem verderblichen Irrthum tragen
434 3584 1699 3645 spannt, und wenn sie darüber zerbrechen sollten. So schuf und wirkte
1717 3632 2995 3683 in erheblicher Weise meine Collegen von der Kritik bei, die unter dem
433 3634 1691 3697 Michel Angelo. Er hat nie gekonnt, was er wollte. Aber gerade
1714 3690 2986 3731 Deckmantel der journalistischen Dreistigkeit und Zwanglosigkeit die Un¬
432 3688 1698 3735 dadurch ist er uns verehrungswürdig. Auch wir schauen noch hin
1718 3715 2994 3788 wissenheit und den Mangel an gutem Geschmack und richtigem Ver¬
426 3737 1691 3782 nach seinem Ziele, und so fühlen wir uns ihm im Streben ver¬
1733 3756 2988 3833 ständuis zu verbergen trachten, die für die Urtheilsfähigkeit so sehr
423 3764 1699 3822 bunden. Das heißt: Wirkung in die Jahrhunderte hinaus — und die
1717 3799 2983 3871 nothwendig sind. Und das Missverständnis entspringt einer merk¬
435 3817 1129 3882 will jede Kunst doch schließlich haben.
1716 3855 2446 3921 würdigen und kleinlichen Verwechslung.
547 3850 1698 3926 Aber es kann sein, dass ich mich irre. Vielleicht sind gerade
1827 3883 2994 3948 Man verwechselt nämlich mit der „Romantik“ die Kunst, die
429 3913 1703 3979 jene psychischen Enderscheinungen, wie die Wiener sie uns schildern,
1727 3937 2994 4008 sich erlaubt, nicht nur ausschließlich alles Häfsliche, alles Abstoßende,
435 3961 1709 4011 Uebergangsphänomene, und darum ihrer Zukunftswirkung in einem weit
1725 3993 2991 4041 alles Rohe und Kalte zu reproducieren, was das Leben darbietet.
432 4007 1706 4059 feineren Sinne, als wir vielleicht heute ahnen, sicher. Eine wunderliche
1723 4022 2996 4090 Man findet auf der Bühne die Person, die liebt und geliebt ist, die
434 4045 1704 4108 Zuversicht dahin gibt mir der letzte Jung=Wiener, den ich hier nennen
1722 4068 2999 4130 weint, die verzweifelt und die sich opfert; man fühlt von da oben
442 4109 1698 4149 will, Peter Altenberg. Da scheint auf den ersten Blick alles deka¬
1730 4122 2993 4182 einen Hauch zarter und vornehmer Empfindung kommen, eine Leiden¬
443 4137 1714 4190 dent und raffiniert und übertrüffelt; siech und überreizt. Horcht man
