3344 4384
879 344 1347 438 box 38/1
136 338 826 454 2. Cuttings
1779 790 2274 882 DER BAZAR
1880 960 3314 1186 Stchter“ von Hons Schön
618 1122 689 1203 S
735 1091 1838 1215 te ds
2623 1175 3306 1267 Der ausgezeichnete Novellist und Lyriker L
514 1227 1472 1295 Der Dichter als Heilkünstler der Menschheit und der Arzt
2540 1236 3312 1318 1876 geboren, lebt als praktischer Arzt in Gaien
423 1278 1462 1331 mit dem feinen Einfühlungsvermögen des Dichters — sie be¬
2543 1290 3308 1344 see. Frauenarzt in Prag war Hugo Salus, de
424 1327 1481 1392 gegnen einander oft genug auf gleichem Wege, sehen einander mit
2549 1335 3319 1388 riker, dessen Sang ein Hymnus an die Frau ah
432 1377 1471 1424 einem Augurenlächeln in die Augen und wissen um das Gemein¬
2543 1380 3196 1429 Wie heißt es doch im „Ehefrühling“?
431 1414 1474 1470 same ihrer Aufgabe. Immer wieder lockt es den Dichter, Arztliches
2677 1404 3314 1483 Geh ich dann Sonntag früh zu meinen
439 1455 1477 1517 zu gestalten — Thomas Mann in seinem „Zauberberg“ ist ein
2675 1462 3308 1510 So leuchtet es mir mahnend in die Au
432 1503 1474 1557 klassisches Beispiel dafür — seltener aber ist der Fall, daß sich Arzt
2668 1504 3309 1570 Und zwischen Tod und Siechtum und
433 1544 1476 1607 und Dichter in einer Person vereinigt finden. Dennoch kann man
2662 1555 3304 1611 Wie Blumen aus den Ritzen einer Mal
422 1586 1481 1649 aus der Vergangenheit und Gegenwart eine ganze Anzahl von
2663 1591 3319 1654 Lacht mir die Mahnung an mein Glüch
432 1629 1479 1702 Persönlichkeiten anführen, in denen diese Verschmelzung verwandter
2640 1646 3307 1701 Alfred Döblin, der Autor des vielge
434 1675 1474 1734 Berufe —beiden steht das Problem Mensch im Brennpunkt des Er¬
2553 1680 3303 1744 „Berge, Meere und Giganten“, übt im Osten?
422 1716 1475 1792 lebens — zu hervorragenden künstlerischen Gestaltungen führte.
2558 1724 3319 1787 gedehnte ärztliche Praxis aus. Er ist vielleich
515 1769 1485 1821 Schon in früheren Jahrhunderten waren die Beziehungen
2584 1785 3309 1837 Beispiel des modernen Dichterarztes. Heilen
442 1805 1483 1863 der Arzte zur Dichtkunst ziemlich rege. Der große Mystiker An¬
1711 2205 2336 2279 Professor Dr. Carl Ludwig Schleich
1513 2253 2529 2336 so heiligt sie auch seinen ärztlichen Beruf zum Gottesdienst. —
1517 2324 2537 2368 Ein ausgezeichneter Dichter von Kirchenliedern war der Arzt am
1514 2366 2539 2422 Halleschen Waisenhaus Christian Friedrich Richter (gest. 1711).
1521 2406 2541 2458 Von ihm stammt das Lied „Es glänzet der Christen lebendiges
1521 2449 2550 2510 Leben“, das von Schleiermacher als Perle aller Kirchenlieder
1516 2492 2550 2548 gerühmt wird. Ein bekannter, wenn auch heute schon vergessener
1518 2541 2552 2597 Dichter war der Mediziner Johann Valentin Pietsch, der Lehrer
1511 2584 2391 2649 Gottscheds, dessen „Poetische Werke“ 1725 erschienen.
1593 2633 2552 2685 Albrecht von Haller, der berühmte Schweizer Dichter, war
1516 2669 2545 2728 nicht nur Mitbegründer der klassischen deutschen Poesie, sondern
1518 2715 2557 2770 auch einer der Hauptbegründer der Wissenschaft der Physiologie.
1594 2763 2553 2817 Als „göttlich“ gepriesen wird noch von Herder der Leibarzt
1516 2806 2558 2862 des Grafen Bentheim, Johann Philipp Withof, dessen Gedichte
1514 2841 2562 2915 1751 erschienen. Auch sein Kollege, der Professor der Medizin
1523 2882 2564 2951 an der Leipziger Universität, Irichlich Andreas Gatlisch, muß
1523 2927 2561 2998 hier genannt werden. In den meisten Musenalmanachen seiner
1519 2982 2110 3057 Zeit ist er mit Gedichten vertreten.
1603 3013 2537 3072 Bekannt ist die Einwirkung, die der Augenarzt Jung¬
1524 3059 2556 3116 Stilling mit seiner poctischen Lebensbeschreibung auf Goethe
1519 3098 2561 3162 ausübte. Auch Johann Georg Zimmermann, der Arzt Friedrich's
2901 3126 3292 3200 Dr. Ludwig Finckh
1529 3164 2479 3208 des Großen und Freund Goethes, betätigte sich literarisch.
773 3168 1185 3246 Dr. Arthur Schnitzler
1603 3188 2556 3257 Karl Arnold Kortum, vor einem Jahrhundert als Vergarzt
2582 3193 3326 3262 springen bei ihm aus dem gleichen Überfluß e
1522 3236 2553 3292 in Bochum verstorben, schrieb in seiner „Jobsiade“ das beste
468 3223 1490 3311 gelus Silesius, der Dichter des „Cherubinischen Wandersmann“,
2579 3253 3321 3310 ganze sich verlierenden Persönlichkeit. In sein
1530 3276 2551 3343 komische Heldengedicht, das wir bisher in deutscher Sprache
455 3284 1506 3349 wurde „mit höchstsonderlichen Ehren“ in Padua zum Doktor der
2583 3297 3325 3355 das psychologische Moment eine große Rolle.
1528 3324 2560 3399 haben. Ihm widmet Otto Julius Bierbaum in seiner Vorrede
458 3326 1504 3387 Medizin befördert. Er war eine Zeitlang als Leibarzt in Ols tätig.
2582 3343 3327 3393 analyse mit ihrer Entdeckung der vielen Unterst
1531 3376 2457 3438 zur Inselausgabe der Jobsiade die humoristischen Verse:
454 3373 1499 3436 Kaiser Ferdinand III ernannte ihn zum Hofmedikus. Bei Angelus
2582 3381 3334 3444 danken und Träumen gab Döblin starke Aura
468 3421 1497 3477 Silesius bildete die mystische Grundstimmung seiner ganzen Per¬
2579 3432 3335 3493 kurzen Erzählungen, die oft erschütternde
1665 3430 2323 3493 Karl Arnold Kortum, Doktor der Med¬
475 3475 1507 3528 sönlichkeit das Bindeglied zwischen Dichter und Arzt. Ter in Gott
2586 3469 3323 3524 Leben unserer Zeit wiedergeben, verwertet 6
1655 3481 2198 3542 izin war nebenbei bloß Poet.
454 3508 1507 3560 ruhende Mensch ist ihm das Wunder aller Wunder, und wie seine
1669 3520 2406 3578 Denn er hielte nicht wenig auf seinen Magen
2581 3512 3351 3593 obachtungen, die der sorgfältig forschende As
468 3548 1504 3618 Theosophie sein Wort zum dichterischen Erlebnis aufglühen läßt,
1657 3564 2284 3625 und meinte, das Hungertüchernagen
1669 3611 2248 3670 sei weder gesund noch angenehm;
1668 3653 2225 3710 drum dichtete er bloß außerdem
1659 3687 2364 3758 und legte sich fleißig aufs Krankekurieren,
1663 3739 2293 3810 Oper=Pur=Ordin= und Medizinieren,
1664 3774 2368 3852 weshalb ihm die Arzte in Bochum zuletzt
1665 3828 2373 3896 und nicht die Poeten ein Denkmal gesetzt.
1619 3893 2569 3948 Groß ist die Zahl der Arzte, die führend in den literarischen
1540 3930 2567 3990 Bewegungen unserer Zeit hervorgetreten sind. Nur einige Namen
1542 3973 2562 4046 sollen hier genannt werden. Ein Arzt, Dr. Conrad Küster, rief
1539 4014 2567 4090 den Verein „Durch“ ins Leben, der mit Wille, Bölsche, Mackay
1534 4069 2574 4126 und anderen dem Naturalismus in Deutschland Vorpostendienste
1545 4107 2576 4164 leistete. Das Schlagwort „Die Moderne“ (Gegensatz: Die Antike)
1541 4146 2569 4204 wurde in diesem Verein geprägt und blieb lange in Geltung.
1546 4190 2568 4244 Aberauch in der vordersten Linie der Dichtenden selbst stehen Arzte.
1636 4240 2569 4292 Arlhur Schnitzler, der Dichter so vieler Dramen, in denen
