3344 4256
127 254 721 364 2. Cuttings
819 264 1316 360 box 38/1
1614 555 2301 650 Tieonahls wiederholt abgestrafte
1085 611 2281 700 Garinergehilfe Josef Steinbauer erkannt wurde. Der Vor¬
2295 649 2454 724 Vesu
1069 673 1692 734 fall hat großes Aufsehen erregt.
2282 710 2459 783 Vulk.
2291 770 2454 847 heute
2298 827 2479 906 Tätig.
1179 837 2233 953 Liletärische Legendendildung.
2297 884 2435 959 Der
1352 935 2027 1026 Eine Richtigstellung.
2298 944 2504 1014 kochen:
1626 1009 1741 1087 Von
2292 999 2552 1069 glühen
2298 1053 2541 1128 Meter
1398 1053 1963 1148 Dr. Arthur Schnitzler.
871 1053 1220 1176 TePUC
2299 1112 2562 1187 300 Met
1404 1129 2288 1214 Wir erhalten von Dr. Arthur Schnitzler zu
2304 1177 2518 1246 stromes
1298 1188 2283 1258 dem kürzlich im „Neuen Wiener Journal“ veröffentlichten
1302 1231 2291 1310 Aufsatz „Deutsche Dichtung in Javan“ von Dr. Erwin
2299 1232 2548 1309 Sekunde.
1293 1279 2278 1348 Stranik nachfolgende Zuschrift, die nicht bloß einen
2299 1291 2541 1366 arbeitet !
1293 1328 2277 1403 sachlichen Irrtum berichtigt, sondern auch literarhistorische
864 1301 1102 1392 A
2289 1342 2545 1420 die sich in
1290 1376 2245 1452 bemerkenswerte Feststellungen enthält. (Anm. d. Red.)
2394 1405 2548 1497 Die
1181 1433 2311 1517 So ungern ich Redaktionen, Publikum und mich selbst mit
1066 1485 2307 1574 Richtigstellungen bemühe, es gibt doch immer wieder Fälle, in
1066 1524 2308 1593 denen man sich zu dergleichen veranlaßt fühlt, insbesondere, wenn
1060 1583 2139 1641 es gilt, einer literarischen Legendenbildung vorzubeugen.
1180 1623 2296 1709 Hiemit nehme ich Bezug auf einen am 3. d. M. im
2375 1507 2528 1723 D
1070 1677 2294 1754 „Neuen Wiener Journal“ erschienenen Artikel „Deutsche Dichtung
1064 1724 2300 1790 in Japan“, in dem sich unter anderem folgende Stelle findet:
1061 1773 2291 1844 „Während Wedekind durch sein Drama „Frühlingserwachen“
1051 1808 2298 1890 eigentlich nur zu den absolut Sensationsgierigen sprach, vermochte
1056 1874 2298 1953 Schnitzler der erklärte Liebling Japans zu werden. Beinahe
1058 1906 2291 1979 alle seine Werke wurden übersetzt, nur gerade die größten
1051 1964 2298 2035 nicht. Allerdings besaß Schnitzler neben seiner Kunst
1057 2001 1526 2071 auch Glück. Durch
1531 2006 2290 2096 Zufall lernte er als Student
1050 2054 2295 2139 bereits den Japaner Rintaro Mori kennen, der bis zu seinem
2384 2062 2513 2131 Mar
1055 2099 2515 2180 Tode im Herbst 1922 sich selbstlos der Propagierung Schnitzlers zösischen P#
1056 2159 2513 2214 widmete.“ Nun kann ich mich durchaus nicht erinneen, in meiner Nunzius E
1056 2199 2513 2277 Studentenzeit überhaupt einen Japaner kennen gelernt zu haben Antwort de
1058 2243 2513 2323 Später, in meiner Spitalszeit sind mir natürlich manche besondere selben Ke¬¬
1052 2295 2511 2374 Mediziner begegnet. Ganz bestimmt aber weiß ich, daß ich als Doumergue
1051 2339 2519 2434 Student und als junger Arzt von gelegentlichen poetischen Ver¬ Die damaß
1052 2383 2489 2465 suchen nur intimsten Freunden Mitteilung gemacht habe und daß innerhalb
1056 2443 2486 2506 damals gewiß kein Japaner die Möglichkeit hatte, solche Versuche Soldaten
1042 2484 2488 2563 kennen zu leinen, ins Japanische zu übersetzen und sich ihrer Demokrate
1040 2535 2269 2610 Propagierung zu widmen — um so mehr, als ich erst viel später
2275 2546 2491 2615 Frankreich
1048 2576 1920 2632 literarische Arbeiten zu veröffentlichen begann.
2269 2599 2502 2662 Unterschier
1164 2626 2271 2704 Erst vor fünszehn bis zwanzig Jahren dürfte — wohl als
2270 2639 2488 2712 haupt der!
1049 2673 2285 2749 erstes meiner Stücke — „Liebelei“ in japanischer Uebersetzung
2377 2685 2487 2754 Ich
1042 2729 2268 2796 erschienen sein. Ein japanischer Arzt namens J. Kubo war so
2277 2736 2471 2809 Damals
1038 2783 2266 2849 freundlich, mir persönlich ein Exemplar zu überbringen und
2274 2789 2488 2849 Regierung
1047 2829 2266 2886 nannie mir den Namen des Uebersetzers, den er mir auf meln
2275 2837 2487 2895 der Verhö
1051 2877 2260 2941 Ersuchen hin auch in das Buch hineinschrieb. Bei dieser Gelegen¬
2271 2882 2460 2946 Blutbad
1049 2913 2482 3000 heit war es wohl, daß ich den Namen Mori zum ersten= und schlei
1036 2967 1435 3029 mal gehört
1433 2963 2483 3040 habe. Auch in den darauffolgenden denten de¬
1041 3020 2273 3072 Jahren erhielt ich manchmal Besuch von Japanern, die
2268 3027 2462 3089 er gegen
1044 3068 2484 3129 mir von dem wachsenden Interesse ihrer Landsleute würdig un
1042 3109 2031 3170 für meine Werke Kunde brachten; Briese
2045 3114 2477 3178 japanischer Regiment
1031 3170 2443 3239 Schriftsteller bestätigten mir das gleiche, doch erst im gedacht,
1031 3206 2261 3279 Jahre 1922 erhielt ich durch gütige Vermittlung der japanischen
2264 3205 2479 3289 ein Jahr
1036 3260 2266 3329 Gesandtschaft einige Bände zugesandt, die Uebersetzungen meiner
2375 3268 2472 3327 Nu
1041 3305 2254 3362 Werke enthielten: einen Band Novellen („Abschied“, „Die Toten
2270 3310 2467 3372 an der E
1042 3354 2470 3414 schweigen“. „Die Fremde“ „Der blinde Geronimo", „Das er der in
1036 3402 2462 3453 Tagebuch der Redegonda“), übersetzt von Yamamato, und einen allem, de
1037 3450 2359 3497 Band Dramen („Anatols Hochzeitsmorgen“, „Der grüne Kakadu“, ist
1044 3509 2454 3574 „Die letzten Masken“, „Der einsame Weg" und „Komtesse Repräsen
1032 3550 2459 3605 Mizzi“), übersetzt von Kusimayana, endlich einen Band, in dem Feier. S
1042 3597 2448 3650 nur meine Novelle „Sterben“ enthalten war, übersetzt von man so
1028 3635 2465 3721 Mori, offenbar demselben, der seinerzeit „Liebelei“ ins Japanische sah ich :
1042 3691 1382 3755 übertragen hatte.
2231 3697 2442 3759 stellung
1147 3725 2442 3811 So wie es also den Tatsachen kaum entspricht, daß ich die die reput
1028 3782 2457 3846 Verbreitung meiner Werke in Japan den propagandistischen Be- die Nati
1039 3815 2262 3889 mühungen einer Bekanntschaft aus meinen Studentenjahren ver¬
2257 3838 2441 3899 sich von
1038 3882 2250 3937 danke (wenn ich auch nicht daran zweifle, daß jener mir persönlich,
2254 3886 2445 3944 Doumer
1038 3937 2241 3993 soweit ich mich zu entsinnen vermag, leider niemals bekannt
2257 3932 2433 3998 hielt sein
1036 3970 2428 4041 gewordene Rintaro Mori mein literarisches Ansehen in Japan Herrn i.
1041 4034 2436 4100 lebhaft gefördert hat), für ebenso unwahrscheinlich halte ich es, einige U
683 4108 1710 4216 S
2948 4131 3122 4216 e
