3344 4256
124 109 738 228 2. Cuttings
878 117 1332 224 box 38/1
2594 459 2840 551 Seite 13
1673 460 2047 569 29 Mai 1927
1614 530 2890 646 Suggestion, Gedankenübertragung und Piychotherapie; seltener
1623 601 2889 664 lbesaßt er sich mit Paiblikationen über Kehlkopftrankheiten, die seinem
1635 653 2879 722 Vater vorbehalten scheinen, und muß auch manchmal über allgemein¬
1641 678 2886 781 medizinische Handbücher schreiben, wobei sein Sarkasmus öners
1652 725 2883 813 zum Vorschein kommt. Erwähnenswert ist dabei seine Sympattie
1648 795 2882 867 für Siegmund Freud, dessen Uebersetzungen nach Charcot und
1651 835 2889 914 Bernheim er ausgezeichnet, geradezu meisterhaft nennt. Von be¬
1653 891 2885 960 sonderer Bedeutung für die Entwicklung Schnitzlers scheinen seine
1639 932 2886 1016 Kritiken über sexuelle Pathologie und Psychopathie (Krafft¬
1647 970 2894 1070 Ebing, Schuster und andere). Am 23. November 1890 berichtet
1631 1034 2900 1102 er über des Schweden S. Ribbing Werk „Die sexuelle Hygiene
1484 1031 1601 1127 #l)
1634 1086 2893 1158 und ihre ethischen Konsequenzen“, und dieses Reserat war mit
1627 1126 2887 1199 seiner prinzipiellen Auseinandersetzung über „unmoralische“
1508 1172 2899 1247 2 Literatur interessant genug, um neuerlich hier wieder abgedruckt
1661 1226 2898 1297 zu werden. Literarische Anklänge hat auch die Besprechung über
1649 1282 2893 1351 Lombrosos „Der geniale Mensch“ (4. Januar 1891), das
1668 1317 2896 1389 Schnitzler ein wunderbares Buch nennt und dem er doch gewisse
1655 1361 2899 1441 Vrhalte machen muß Zum Beispiel: „Heine sollte Deutschland
1664 1413 2896 1496 gehaßt haben? Er hat sich unter bitteren Schmerzen von seiner
1670 1473 2722 1546 Liebe zu demselben heilen wollen: das ist die Wahrheit.“
1760 1518 2907 1606 Im Juli 1888 schon hatte Schnitzler von einer Studien¬
1640 1575 2903 1666 reise nach England Originalkorrespondenzen in seiner Zeitschrift
1660 1648 2907 1711 erscheinen lassen: drei „Londoner Briefe“, deren letzter eine heitere
1469 1640 1565 1736 *
1664 1677 2911 1744 Beobachtung aus dortigen Spitälern enthält: „... In den meisten
1659 1734 2913 1796 Sälen, auch in den für den Empfang der ambulatorischen Kranken
1652 1791 2921 1857 bestimmten Räumen, finden sich an den Wänden und Türen
1671 1819 2934 1905 Bibelsprüche, die au, die Stimmung der Patienten einen mehr.
1652 1873 2918 1947 oder minder ermunternden Eindruck zu üben imstande sind. Es
1673 1907 2911 1991 läßt sich sicherlich nichts dagegen einwerden, wenn der Kranke
1685 1949 2942 2038 zu lesen bekommt: „Tut einander Gutes“ und auch dem##
1664 2003 2914 2078 Spruche „Wen der Herr liebt, den züchtigt er“ kann.
1515 2008 1671 2099 N
1535 2056 1601 2137 20
1654 2055 2917 2140 eine gewisse Wirkung auf Gemüter, die für diese Art von
1663 2096 2923 2172 Schmeichelei empfänglich sind, nicht abgesprochen werden; wenn es
1653 2160 2922 2237 einem Krankendoch mit gewaltigen Buchstaben entgegendräut:
1681 2198 2928 2282 „Wer gesündigt hat, miß sterben“, so wird er daraus bei genauer
1661 2269 2943 2349 Verücksichtigung seiner bisherigen Lebensführung wohl nur se#e
1667 2305 2754 2383 einen wahren und bleibenden Trost schöpsen können ...“
1577 2360 1684 2432 vig
1779 2345 2922 2427 Zu Neujahr 1889 veröffentlicht Artur Schnitzler „Silvester¬
1571 2415 2925 2481 3hm- betrachtungen“, die unter anderem von konsessioneller Unduldsamkeit
1586 2468 1680 2528 adg
1689 2462 2920 2537 sprechen und einen auffallenden Pessimismus verraten: Es gäb¬
1581 2516 1680 2587 ####.
1673 2507 2926 2586 vielleicht genug große Aerzte, aber sicher nur wenige große
1676 2551 2932 2643 Menschen. Wie mag diese Moralpredigt des jungen Redaltems
1671 2601 2922 2683 von den alten Lesera ausgenommen worden sein? Im
1552 2605 1676 2678 Arde
1671 2652 2937 2722 selben Jahre aber ließ Artur Schnitzler auf Grund seiner
1566 2666 1677 2743 *
2548 2693 2931 2766 einzige selb¬
2162 2708 2274 2768 die
2291 2700 2568 2787 ersie und
1587 2726 1674 2782 S
1684 2702 2152 2780 eigenen Erfahrungen
1602 2751 2944 2843 Ein, ständige wissenschaftliche Arbeit in jener Zeitschrift drucken
1685 2804 2933 2868 (10. März bis 7. April 1.889), die dann als Sonderabdruck bei
1598 2830 1694 2896 war
1675 2851 2941 2940 [W. Braumüller, Wien, erschienen ist: „Ueber sunktionelle Aphonie
1679 2896 2939 2964 und deren Behandlung durch Hypnose und Suggestion". Der
1579 2902 1692 2996 istanie
1562 2927 2946 3051 gann= nämliche Verlag gab 1891 bis 1895 Johann Schnitzlers
1591 2996 2932 3074 ohne „Klinischen Atlas der Laryngologie nebst Anleitung zur Diagnose
1590 3043 2915 3119 iher und Therapie der Krautheiten des Kehlkopfes und der Luströhre“
1598 3102 2950 3181 ise in heraus, der untei Mitwirkung der beiden Assistenten (Schwieger¬
1604 3136 2932 3213 eine sohn und Sohn) des Gelehrten entstanden war: Dr. Mareusz
1615 3185 2937 3267 ze= Hajek und Dr. Artur Schnitzler. Dieser hatte aber nur beim
1585 3228 2933 3316 1 der Text der ersten fünf von den sieben Lieserungen des Atlas mit¬
1691 3291 1870 3379 gewirkt.
1559 3309 1705 3378 Khluckte
1627 3354 1724 3435 ich
1580 3394 1726 3479 sehen.
1767 3362 2855 3477 Die moderne Großmutter.
1651 3458 1717 3528 it¬
1707 3462 2926 3568 Die Fünfzigjährigen lassen sich scheiden. — Die Tragödie einer
1534 3481 1709 3583 under¬
1967 3517 2640 3589 sechsundvierzigjährigen Ungarin.
381 3528 778 3627 den bare Gestalt.
1964 3555 2645 3650 Originalbericht des „Neuen Wiener Journals“.
367 3597 513 3669 halb
593 3585 1712 3678 Ich war zerschmettert, unglücklich, voll' wirren Gefühls.
1799 3617 2933 3703 Die moderne Jugend ist gegenwärtig ein häufig und gern
383 3655 1715 3713 habe Alles, was ich für sie empfunden hatte, war versunken in einem
396 3673 2923 3747 die höhnisch klaffenden Abgrund. Ich ging. Wenn sie mir in Zukunft gebrauchtes Schlagwort, trotzdem im letzten Jahrzehnt die Jugend
393 3746 2931 3803 daß begegnete, sah ich unwillig weg, ich wußte viel zu viel von ihr, sich tatsächlich vielleicht weniger verändert hat als die Generation
383 3766 2924 3860 aber ohne daß sie es ahnte. Ich mochte nichts mehr von ihr wissen, der im fünften und sechsten Lebensjahrzehnt Stehenden. Vor und
385 3851 2922 3882 copaich haßte sie wegen ihrer abscheulichen Gewohnheit. Obwohl ich auch noch während der Kriegszeit wurde beispielsweise die vierzig¬
1705 3866 2926 3946 jährige Ehefrau und Mutter nicht nur von ihren Verwandten und
361 3876 1716 3964 ensatz weiß, daß solche Dinge geschehen, vielsach, zu Wasser und zu
1704 3903 2937 3995 Bekannten schon zur Generation der Großmütter gerechnet, sondern
494 3926 1704 4001 Lande, von San Francisco ostwärts bis in die blühenden Kirsch¬
1702 3944 2939 4054 sie zählte sich auch gewöhnlich selbst zu den „Alten“ und war
476 3994 951 4076 gärten von Jokohama.
1697 4005 2939 4090 ängstlich darauf bedacht, nicht durch ein zu jugendliches Benehmen,
2775 4060 2873 4130 n
