3392 4384
195 258 804 314 hinstter der Menschheit und der Arzt
180 314 787 366 lungsvermögen des Tichters ie be
164 353 821 406 ing auf gleichem Wege, sehen einander mit
174 396 811 452 n die Augen und wissen um das Gemein¬
171 439 828 502 mer wieder lockt es den Dichter, Arztliches
193 481 830 534 Mann in seinem „Zauberberg“ in ein
209 529 829 588 seltener aber ist der Fall, daß sich Arzt
177 570 833 623 son vereinigt finden. Dennoch kann man
163 612 834 673 und Gegenwart eine ganze Anzahl von
165 647 828 713 n. in denen diese Verschmelzung verwandter
183 699 810 748 Problem Mensch im Brennpunkt des Er¬
154 747 822 803 zenden künstlerischen Gestaltungen führte.
183 791 830 835 Jahrhunderten waren die Beziehungen
170 824 833 893 st ziemlich rege. Der große Mystiker An¬
437 2189 472 2234 21
335 2243 818 2321 herubinischen Wandersmann“
320 2305 839 2357 hren“ in Padua zum Doltor der
346 2345 821 2399 itlang als Leibarzt in Ols tätig.
412 2389 824 2450 Hofmedikus. Bei Angelus
322 2434 829 2494 indstimmung seiner ganzen Per¬
398 2478 831 2536 chter und Arzt. Der in Gott
410 2519 837 2573 ller Wunder, und wie seine
444 2565 837 2633 Erlebnis aufglühen läßt,
177 3958 514 4017 Dr Alfred Döblin
1284 639 1515 733 2 —
1322 811 1401 895 2
1067 1236 1682 1297 Professor Dr Carl Ludwig Schleich
857 1288 1860 1361 so heiligt sie auch seinen ärztlichen Beruf zum Gottesdienst.
863 1344 1891 1404 Ein ausgezeichneter Dichter von Kirchenliedern war der Arzt am
861 1384 1893 1441 Halleschen Waisenhaus Christian Friedrich Richter (gest. 1711).
865 1434 1887 1488 Von ihm stammt das Lied „Es glänzet der Christen lebendiges
861 1475 1892 1525 Leben“ das von Schleiermacher als Perle aller Kirchenlieder
864 1520 1882 1572 gerühmt wird. Ein bekannter, wenn auch heute schon vergessener
852 1573 1893 1623 Tichter war der Mediziner Johann Valentin Pietsch, der Lehrer
854 1608 1746 1666 Gottscheds, dessen „Poetische Werke“ 1725 erschienen.
941 1650 1890 1703 Albrecht von Haller, der berühmte Schweizer Dichter, war
860 1695 1900 1750 nicht nur Mitbegründer der klassischen deutschen Poesie, sondern
865 1746 1894 1789 auch einer der Hauptbegründer der Wissenschaft der Physiologie.
950 1788 1899 1838 Als „göttlich“ gepriesen wird noch von Herder der Leibarzt
861 1821 1900 1875 des Grafen Bentheim, Johann Philipp Withof, dessen Gedichte
862 1882 1890 1925 1751 erschienen. Auch sein Kollege, der Professor der Medizin
864 1908 1899 1962 an der Leipziger Universität, Fricklich Andreas Gallisch, mus;
878 1957 1901 2014 hier genannt werden. In den meisten Musenalmanachen seiner
874 2003 1436 2067 Zeit ist er mit Gedichten vertreten.
946 2037 1882 2097 Bekannt ist die Einwirkung, die der Augenarzt Jung¬
867 2093 1897 2141 Stilling mit seiner poctischen Lebensbeschreibung auf Goethe
870 2132 1881 2187 ausübte. Auch Johann Georg Zimmermann, der Arzt Friedrich's
882 2171 1814 2228 des Großen und Freund Goethes, betätigte sich literarisch.
944 2213 1898 2268 Karl Arnold Kortum, vor einem Jahrhundert als Vergarzt
882 2264 1883 2323 in Bochum verstorben, schrieb in seiner „Jobsiade“ das beste
872 2303 1894 2364 komische Heldengedicht, das wir bisher in deutscher Sprache
870 2351 1883 2400 haben. Ihm widmet Otto Julius Bierbaum in seiner Vorrede
888 2395 1781 2466 zur Inselausgabe der Jobsiade die humoristischen Verse:
1008 2444 1632 2514 Karl Arnold Kortum, Doktor der Med¬
1012 2502 1537 2560 izin war nebenbei bloß Poet.
1016 2531 1748 2599 Denn er hielte nicht wenig auf seinen Magen
1007 2593 1604 2645 und meinte, das Hungertüchernagen
1015 2635 1574 2688 sei weder gesund noch angenehm;
1000 2675 1551 2734 drum dichtete er bloß außerdem
1003 2721 1693 2772 und legte sich fleißig aufs Krankekurieren,
1013 2766 1623 2817 Oper=Pur=Ordin= und Medizinieren,
1009 2807 1709 2862 weshalb ihm die Arzte in Bochum zuletzt
1005 2852 1694 2921 und nicht die Poeten ein Denkmal gesetzt.
948 2905 1909 2968 Groß ist die Zahl der Arzte, die führend in den literarischen
879 2953 1909 3007 Bewegungen unserer Zeit hervorgetreten sind. Nur einige Namen
874 2994 1907 3051 sollen hier genannt werden. Ein Arzt, Dr. Conrad Küster, rief
869 3059 1911 3098 den Verein „Durch“ ins Leben, der mit Wille, Bölsche, Mackay
879 3084 1902 3144 und anderen dem Naturalismus in Deutschland Vorpostendienste
870 3134 1902 3189 leistete. Das Schlagwort „Die Moderne“ (Gegensatz: Die Antike)
885 3176 1906 3229 wurde in diesem Verein geprägt und blieb lange in Geltung.
878 3235 1903 3277 Aberauch in der vordersten Linie der Dichtenden selbst stehen Arzte.
959 3274 1906 3320 Arthur Schnitzler, der Dichter so vieler Dramen, in denen
876 3308 1895 3362 feelische Konflitte bis in ihre letzten Verästelungen verfolgt wer¬
888 3359 1904 3406 den, wirkte als Arzt in Wien. Zu seinem auch in Berlin viel
881 3400 1909 3453 gespielten „Professor Bernhardi“ aber auch zu vielen feinge¬
880 3434 1907 3492 schliffenen Erzählungen hat der Arzt dem Dichter den Stoff
886 3482 1907 3546 geliefert. Von Haus aus Arzt ist auch Karl Schönheir, der
890 3535 1909 3590 Tichter von „Glaube und Heimat“ und anderer zugkräftiger
889 3588 1773 3646 Tramen, die zumeist in seiner Tiroler Heimat spielen.
970 3615 1909 3676 Der bekannte Novellist und Lyriker A. de Nora (Dr. Anton
887 3670 1912 3718 Alfred Noder) wirkt als Arzt in München. In seiner „Hymne
885 3705 1286 3773 an die Nacht“ heißt es:
927 3748 1788 3820 Dich nur lieb' ich, o Nacht, Der allmächtige Tag
1430 3806 1835 3859 Wie ein eiliger Arzt
923 3808 1261 3868 Tausendäugige du,
1416 3847 1865 3905 Reißt mit herrischer Hand
925 3850 1291 3910 Deren gütigem Blick
929 3891 1898 3951 Sich die Tiefen der Brust. Von den Schwären der Welt
936 3934 1901 4003 Still vertrauend erschließen. Schonungslos die Binde...
2044 249 2240 306 ausgezeichn
1911 283 2886 338 1876 geboren, lebt als praktische: Arzt in Gatenhosen am Boder
1911 338 2892 394 see. Frauenarzt in Prag war Hugo Sulus, der zartsinnige Ly
1907 384 2926 443 riker, dessen Sang ein Hymnus an die Frau als Beglückerin ist.
1903 414 2493 475 Wie heißt es doch im „Ehefrühling“
2020 435 2808 515 Geh ich dann Sonntag fruh zu meinen Kranken,
2039 506 2727 555 So leuchtet es mir mahnend in die Augen,
2024 553 2776 604 Und zwischen Tod und Siechtum und Geburt,
2028 594 2731 651 Wie Blumen aus den Ritzen einer Mauer,
2026 630 2880 695 Lacht mir die Mahnung an mein Glück entgegen ...
1987 672 2938 733 Alfred Döblin, der Autor des vielgelesenen Romans
1904 719 2932 771 „Berge. Meere und Giganten“, übt im Osten Berlins eine aus¬
1904 773 2949 823 gedehnte ärztliche Praxis aus. Er ist vielleicht das vorbildliche
1904 807 2946 883 Beispiel des modernen Dichterarztes. Heilen und Dichten ent¬
2258 2166 2612 2232 Dr. Ludwig Finckh
1934 2221 2951 2301 springen bei ihm aus dem gleichen Überfluß einer an das Welt¬
1925 2280 2956 2339 ganze sich verlierenden Persönlichkeit. In seinen Romanen spielt
1926 2335 2965 2377 das psychologische Moment eine große Rolle. Auch die Psycho¬
1935 2364 2961 2420 analyse mit ihrer Entdeckung der vielen Unterströmungen in Ge¬
1925 2423 2966 2467 danken und Träumen gab Döblin starke Anregung. In seinen
1941 2464 2967 2514 kurzen Erzählungen, die oft erschütternde Bilder aus dem
1935 2499 2966 2559 Leben unserer Zeit wiedergeben, verwertet er nicht selten Be¬
1935 2556 2962 2603 obachtungen, die der sorgfältig forschende Arzt an der Psyche
2274 3933 2649 3996 Dr. Karl Schönherr
