3344 4256
507 81 1383 166 Die judischen Mitglieder der
678 140 1236 226 Dichter=Akademie.
657 206 1241 276 Von Doris Wittner.
423 248 1554 313 Der Anteil jüdischer Staatsbürger deutscher Nation
350 309 1543 361 betrug nach den im Jahre 1900 ermittelten Statistiken
345 351 1523 404 ra. 587 000, also noch nicht einmal ein Prozent der ge¬
346 383 1553 462 samten Bevölkerung des damaligen Deutschen Reiches.
339 443 1547 502 Unterdessen sind, nach dem Friedensschluß von Ver¬
341 487 1543 531 failles große und stark bevölkerte Gebiete deutschen
334 533 1540 594 Landes abgetrennt worden. Siehe Elsaß=Lothringen,
336 566 1547 621 dte ehemalige Provinz Posen, erhebliche Teile Ober¬
334 618 1547 658 schlesiens, Danzig, das Memelland und andere Gebiete
332 658 1542 715 mehr. Der Auschluß der deutschsprachigen Gébiete der
336 715 1545 767 ehemaligen habsburgischen Monarchie blieb vorläufig
334 733 1543 810 politische Utopie. Aber selbst die etwaige staatliche
341 787 1551 854 Vereinigung nätte an dem Prozentsatz der jüdischen
345 829 1123 889 Bevölkerung kaum viel geändert.
413 854 1550 931 Im Gegensatz zu der geringen Kopfzahl der jüdi¬
337 914 1550 966 schen Mitbürger steht ihr lebendiger und lehenschaffen¬
337 961 1545 1030 der Anteil an dem geistigen und kulturellen Leben der
332 1000 1551 1072 deutschen Nation. Fast alle wissenschaftlichen Diszi¬
345 1045 1540 1095 plinen haben Juden als prominenteste Vertreter. (Es
344 1090 1548 1149 ist überflüssig, daran zu erinnern, daß der erste
329 1146 1546 1202 „Deuische, der nach dem Kniege die unbestritteige. Au¬
352 1178 1534 1229 erkennung der gesamten Kulturwelt diesstls um
342 1224 1541 1282 jenseits des Ozeans sand, ein Jnde, nämlich Albert
341 1261 1547 1318 Einstein, war.) In allen schöpferischen Künsten hiel¬
348 1301 1548 1366 ten fast immer jüdische Köpfe die Tate; ihr Einfluß auf
346 1344 1543 1405 das Theater und ihre Leistungen auf den „Brettern,
340 1395 1542 1445 die die Welt bedeuten sind volkstümlich genug, um
337 1434 1548 1479 einer besonderen Erwähnung zu bedürfen. Des¬
332 1471 1543 1537 gleichen ihr Wirten innerhalb der Publizistik ihres
339 1526 1539 1574 Landes, der sogenannten „öffentlichen Mei¬
339 1560 1548 1619 nung". Gleichviel, da es immer noch eine unüber¬
343 1600 1549 1665 sehbare und ausrotthare Menge derer gibt, die weder
348 1651 1541 1699 sehen, noch hören wollen, so ist jeder erneute Beweis
342 1694 1555 1757 für die Tatsache, daß der deutsche #ude in seinen
329 1739 1548 1800 geistigen und feelischen Beziehungen Deutscher ist und
336 1776 1546 1839 daß in dem Boden deutsches Volkstumse Wurzeln
331 1825 1546 1878 seiner Kraft verankert sind, nützlich und erfreulich.
340 1870 1546 1933 Und eben ein solcher Beweis ist von der jüngsten Zeit
329 1905 983 1972 hinwieder erbracht worden.
398 1951 1530 2007 Die deutsche Republik hat es für tunlich befunden,
339 1987 1549 2046 der preußischen Akademic für Kunst und Wissenschaft
327 2042 1542 2098 eine besondere Dichterakademie mit eigenen
338 2086 1544 2142 Statuten und individuellen Daseinsbedingungen an¬
330 2127 1543 2186 zugliedern. Schon vor ihrer Entstehung haben heftige
339 2172 1545 2230 Kämpfe über die Nützlichkeit und Notwendigkeit dieser
331 2223 1550 2276 Institution stattgehabt, ist das Für und Wider in
336 2256 1551 2310 in mehr oder minder erregten Diskussionen verfochten
333 2290 1557 2363 worden. Jedoch, das endgültige Ergebnis war die
330 2350 1539 2402 Schöpfung der Akademie und man hat sich
340 2374 1551 2448 mit ihrer Existenz nunmehr, unbeschadet der eigenen
340 2430 1542 2490 Stellungnahme, abzufinden. Und auch im Rahmen
325 2480 1540 2542 dieser neuen, ausschließlich geistigen Bestrebungen
336 2518 1551 2583 dienenden Körperschaft gilt es, den Anteil der deut¬
345 2566 1549 2618 schen Juden einer eingehenden Würdigung und Be¬
340 2622 1539 2675 trachtung zu unterziehen. Vor allem heißt es, das
339 2645 1552 2708 immer wiederkehrende Vorurteil zu berichtigen, daß
339 2698 1552 2756 jüdischer Geist ausschließlich zersetzend, will sagen.
326 2745 1547 2798 analytischen Charakters sei und sich daher besser dazu
327 2778 1542 2842 eigne, einzureißen als aufzubauen. Auch unter den
325 2823 1549 2875 in der jungen Dichter=Akademie vertretenen Köpsen
338 2871 1550 2928 sind die meisten, die jüdischer Rasse sind, wenn auch
338 2911 1544 2979 vielleicht auf dem Umwege der Analyse, syn¬
339 2963 1360 3039 töetischen Zwecken und Zielen geneigt.
658 3071 1218 3160 Arthur Schnitzler.
388 3125 1540 3199 Arthur Schnitzler, ein gebürtiger Wiener, ward mit Fng
1291 3188 1546 3242 Denn nur
334 3198 1270 3240 in die preußische Dichter=Akademie gewählt.
341 3220 1550 3285 wenige, besonders begnadete Mitglieder der jungen Korpo¬
331 3255 1546 3315 ration haben für das deutsche Schrifttum in so schöpferi¬
336 3302 1538 3357 schem bereicherndem Sinne gewirkt wie dieser Sohn
333 3349 1539 3401 der Donaustadt, in der vielfältige Rassen — die deutsche,
340 3385 1540 3443 die romonische, die slavische zusammenflossen und vielleicht
335 3412 1548 3472 eben darum den Charakter der von uns allzeit mit Liebe
340 3459 1551 3521 und Sehnsucht umfangenen Metropole zu einer besonders
336 3497 1551 3547 saszinierenden Eigenart verhalfen. Man hat oft und viel
344 3536 1548 3592 über den Begriff des „Oesterreichers“ gesteitten; man
339 3578 1541 3627 hat ihm Wohlwollen, Spott oder Abneigung entgegenge¬
344 3613 1546 3662 bracht, und die konsequentesten Denter gelangten dahin, den
344 3654 1551 3697 Begriff als solchen überhaupt zu negieren. Viel¬
343 3689 1547 3746 leicht auch mit Recht, da der R#epräsentant eines Nationa¬
353 3728 1555 3800 litätenstaates (mit zehn oder zwölf Kronländern), statt
374 3895 1003 4078 Cmoxoser0
981 3962 1123 4124 K
1564 79 2732 135 eines Nationalnaates, salli s
1571 125 2736 163 organisch gefügten Typus darzustellen vermochte. Und denn¬
2776 116 3291 180 Blute schmerzhaft erspüren
1564 158 2744 209 noch, wenn auch ethnologisch ein Unsinn, eine contradietio in
2779 162 3284 218 Weisheit die Wiener
1568 196 2750 254 adjecto; körperlich, geistig, feelisch und moralisch hat es ihn
2779 197 3289 243 große Gruppen ein: in d
1568 234 2746 277 trotzdem gegeben und gibt es ihn noch heute, den vielbefeh¬
2769 236 3299 278 lebte, bei ihrer sorglich ver
1571 272 2751 311 deten, scheinbar nicht existenten „Oesterreicher“. Niemand
2767 277 3297 329 milierung überzuckerten A
1562 304 2755 371 hat das in schöneren, klareren und einleuchtenderen Worten
2773 312 3305 366 werden, und in die ander
1563 345 2754 396 zu beweisen gewußt als der „Auch=Oesterreicher“ Felix Sal¬
2779 344 3293 399 sangenen sofort mit dem
1562 389 2744 428 #ten in seinem mit Herzblut geschriebenen Buche: „Das öster¬
2773 386 3303 444 Rasse ungefragt ins Gesich
1572 424 2759 474 reichische Antlitz“. Denn gerade jene vermeintlichen Mängel,
2780 422 3308 472 kennen: ein Drittes, nämlic
2770 463 3298 522 liches gutes Europäertung
1562 462 2757 509 die in den Augen des pedantischen und unerbittlichen Volks=,
1566 502 2757 551 Sprach=, Stammes= und Geschichtsforschers dem Oesterreicher
2766 497 3294 555 der Antisemitismus im 3
1567 542 2760 583 anhaf#eten oder ihm überhaupt den Garaus machten, liehen
2771 541 3307 595 Monarchie in hellen Flan
1569 575 2751 626 ihm in jedem vielleicht weniger buch= und buchstabengelehr¬
2769 582 3314 638 wenn er ein freier, künstle
1563 610 2743 661 ten Sinn seine besondere Eigenart und seine individuellen,
2769 614 3307 666 nicht. Schnitzler hat sich
2772 653 3308 699 eigenen Existenz nur diese
1560 658 2758 698 unnachahmlichen Vorzüge. Künstler würden sich ruhig zu
1567 695 2754 745 dem freudig bejahenden Wort „Reize“ versteigen. Denn
2773 697 3301 740 weitsichtigsten und kritisch
1570 732 2745 779 gerade, daß der besagte „Oesterreicher“ ein „sujet mixte“ war
2770 731 3300 791 und sein Roman fand nebe
1571 766 2753 817 aus deutscher Herbheit, Kühle, Willenskraft und Selbstbe¬
2761 770 3285 830 lische Anerkennung des
1561 806 2748 862 herrschung sowie aus romanischer Formbegabung, musischer
2772 804 3306 868 Lagers. Er hatte unerschr
1562 848 2758 893 Trunkenheit und leichterer, beschwingierer, gleichsam tänze¬
2778 847 3304 905 gekündet; aber eben die
1565 882 2745 936 rischer Lebensauffassung, zu guterletzt aber auch aus slavi¬
2768 878 3311 947 war es, die verblüffte und
1562 927 2757 963 scher Weichheit und Verträumtheit, Versonnenheit und Ver¬
2827 931 3307 981 Nachdem er diesen, sein
1559 961 2746 1009 sponnenheit, nebst einer gegenstandslosen, um alle Dinge und
2766 947 3294 1020 den urbauen Formen de¬
2765 1000 3298 1057 geführt hatte, griff seine in
1565 1000 2751 1052 Ereignisse des realen Lebens webenden und schwebenden
2771 1035 3294 1092 der Sturm und Drang de
1564 1038 2749 1073 Trauer und Wehmut, gab seinem Wesen jene letzte subtile
1566 1071 2752 1114 Verfeinerung, jene etwas moribunde Süße, die jungen, ein¬
2760 1072 3309 1133 alle verstaubten, vermoder
2779 1119 3304 1167 Institutionen seiner engere
1563 1109 2745 1153 heitlichen, gegen fremde Einflüsse noch abgeschlossenen Völ¬
2765 1148 3305 1213 Agnnigleiten der gesamten
1546 1141 2754 1206 ##rsehlt, und ##wrlleicht den letzten Extraft, die
2763 1175 3254 1246 schucf Feschlissenen Waß
1565 1189 2752 1228 „tine Flür“ der Meuschheit, schlechtbin bedeuten. Und von
2780 1226 3299 1284 rung in vielgespielten B#
1567 1223 2754 1268 diesen großen Volksverführeren, Rattenfängern wider Wil¬
1561 1257 2746 1311 len war Arthur Schnitzler, der Dichter, einer der verfüh¬
2769 1263 3288 1309 Kakadu“ und „Der ju
2771 1306 3292 1354 Unverheblichkeit in seinem
1568 1294 2089 1356 rerischsten, bestechendsten,
2778 1336 3296 1397 „Lentwant Gustl“, Hy
1620 1321 2755 1381 Einer wohlangesehenen Wiener Bürgersamilie entsprossen.
2765 1374 3297 1434 der Familientyrannei in
1563 1362 2752 1416 wandte sich der früh erwächende Arthur vorerst dem in
2767 1415 3312 1477 Familientag“, „Lieb
1569 1417 2754 1467 seinem Hause traditionellen, von Vater und Bruder ersola¬
1562 1451 2757 1503 reich geübten ärztlichen Beruse zu. Aber er erkannte
2769 1449 3275 1505 „Das weite Land“.
2770 1467 3293 1544 vielen anderen, über alle e
1567 1494 2758 1542 bald, daß die exakte Wissenschaft ihn unbefriedigt ließ, und so
2777 1532 3305 1576 zug ziehenden Werken meh
1560 1527 2758 1579 wechselte er, nachdem er zuvor noch den medizinischen Dokter¬
2770 1562 3304 1624 der Empörung entfachte sei
1553 1561 2748 1617 grad in Ehren bestanden, schweisend und sehnsüchtig von Ana¬
2766 1596 3309 1648 in dem er — inmitten des s#
1561 1607 2748 1654 tomie und Hörsaal zum lockenden, weil noch in ferner Hoheit
2794 1647 2852 1688 —
2829 1644 3300 1690 wagte, die Menschlic
1566 1645 2753 1693 schimmernden Parnaß hinüber. Heute steht er auf dem Gip¬
2764 1682 3304 1741 verteidigen, und in dem e
1570 1683 2763 1728 fel des heiligen Berges und weiß wohl kaum mehr, wie heiß
2764 1713 3304 1775 leise, zart, abgetönt, wie
1559 1719 2754 1784 und schwer der Passionsweg war, den er (Passionsweg
2772 1749 3304 1812 Schmerzes, an die konf
1572 1755 2748 1814 im zwiefachen Sinne der Leidenschaft und des Lei¬
2779 1797 3298 1860 selbst vor dem Hause der
1566 1799 2074 1851 dens) zurückgelegt hat.
2825 1834 3292 1882 Jahr# um Jahre sind
1617 1812 2758 1884 Es mag um die Jahre 89 bis 90 des vorigen Jahrhunderts
2775 1853 3304 1920 Streitfragen, wie sie sich in
1568 1874 2761 1915 gewesen sein, mithin so eigentlich das, was man als „lin de
2775 1914 3315 1966 geetlien Dichterhirn undu
1572 1914 2757 1969 siecle“ bezeichnete, da erregten innerhalb Wiens und weit
2779 1951 3302 1997 Immer reifer, immer gu
1575 1951 2749 1996 über die Gemarkung der verbündeten Kaiserstadt hinaus
2772 1979 3250 2045 die Erkenntnisse des g#
1565 1989 2761 2044 kurze dramatische Dialoge, die in dem sogenannten „Ana¬
2783 2023 3284 2073 gleich, die um ihn kreisend
1559 2030 2757 2077 tol=Zyklus“ zusammengefaßt waren, Beachtung, Auf¬
2766 2060 3259 2117 Halt kennenden Meuse
1571 2065 2755 2113 sehen, Sensation. und, nicht zu vergessen, die Entrüstung
2775 2106 3298 2159 sublimer, immer verfeine
1561 2100 2762 2155 aller gesinnungstüchtigen, sittenstrengen Bürger diesseits
2772 2140 3304 2183 Mittel, seine Ausdrucksfor
1557 2132 2754 2187 und jenseits der schwarz=gelben Pfähle. Wieso? Warum? —
2771 2183 3298 2236 Filigrau, zartgliedrig, zier
1567 2185 2749 2228 Weil hier mit einer unendlichen Zartheit fallerbings auch
2768 2220 3300 2272 Keiner in deutschen Gauen
1565 2220 2758 2276 Zärtlichkeit), Grazte, Behutsamkeit und jeglichem Mangel
2768 2249 3278 2308 rühmen, die der seinen
1564 2261 2750 2309 an Heuchelei jene Dinge behandelt wurden, die man zwar
2768 2293 3300 2346 Kunst am Worte ward imt
1564 2298 2753 2344 in aller Welt tut, aber von denen man dazumal in guter
2769 2330 3309 2387 jeglicher Erdenschwere bef#
1567 2336 2760 2381 Gesellschaft noch nicht sprach. „Doch sollst du nie vor keuschen
2774 2374 3295 2424 schrieb kaum ein anderer
1561 2371 2741 2428 Ohren nenne, was keusche Herzen nicht entbehren können ...“
2770 2404 3302 2463 über den Menschen und
1568 2414 2749 2457 Mit sonveräner Willens= und Gewissensfreiheit hatte Schnitz¬
2768 2441 3304 2499 Deutsch. Dergleichen kan
1571 2450 2753 2493 ler die heiklen Fragen nom Entstehen und Vergehen des
2771 2490 3309 2538 wo die Erziehung zur künft
1558 2490 2756 2538 Lebens und der Liebe behandelt. Er hatte das unverzeih¬
2772 2531 3303 2572 alte Tradition Gesetz gemo
1557 2525 2750 2579 liche Verbrechen begangen, die verhüllten Bilder von Eros
2766 2552 3309 2621 Kunstgattungen Arthur Sch
1561 2558 2763 2624 und Hymen restlos zu entschleiern. Gewiß doch: man
2767 2604 3303 2656 tänzerische Seele seines
1555 2600 2755 2656 wußte wohl aus Volksliedern, die Bursch und Mädel san¬
2767 2644 3305 2686 mochten es Romane, Dram
1566 2648 2761 2697 gen, ohne sich viel dabei zu denken, daß Scheiden und Mei¬
2772 2683 3300 2724 liebte und meisterlich behe
1561 2683 2754 2732 den weh tue. Und wenn man nicht mehr Bursch' und Mädel
2778 2714 3301 2772 zu eigen. Nur die Stoffe
1566 2724 2757 2773 war und den eigenen Nachwuchs vielleicht schon das weniger
2772 2753 3300 2804 Kunst angedeihen ließ, pen
1561 2740 2762 2807 überzeugende als überzeugte Märchen vom Klavperstorch
2782 2796 3296 2853 Polen: Lebenerzeugende
1568 2794 2754 2846 lehrte, so ging man selbst in die Salon= und Ehebruchs¬
2771 2833 3296 2887 und Vergehen, hin un
1557 2837 2755 2897 dramen Pariser Imports, die damals gerade aufkamen,
2780 2874 3299 2928 logischer Atavismus des se
1565 2864 2756 2925 unterhielt sich zwei Stunden hindurch fürbaß und kehrte als¬
2774 2911 3304 2974 der einer Familie angese
1567 2910 2763 2962 dann befriedigt heim, in dem Gefühl, daß solche Ruchlosigkeit
2770 2954 3298 3002 zu der eigenen beruflichen
1572 2955 2752 3005 eben nur an der Seine gedieh, daß man selbst soviel besser
2770 2978 3302 3039 es an klinischen Einsichten
1569 2986 2760 3050 war, und tat in der weiteren Folge so etwa, wie Arthur
2771 3028 3296 3080 sellte sich hier eben noch jen
1563 3027 2752 3082 Schnitzler eben in seinem Anatol=Zyklus, von allen guten
2764 3067 3285 3113 ihn in der Ueberzengung
1569 3066 2749 3103 Göttern des „cant“ verlassen, geschildert hatte. „Niemand
2771 3103 3305 3153 seltsame, aber keineswe
1562 3095 2762 3154 lügt soviel wie der Entrüstete“ hat Friedrich Nietzsche einmal
2773 3144 3298 3201 In zahllosen Variationen
1553 3146 2764 3196 gesagt. Nun: die Wogen schlugen dazumal denn auch haus¬
2767 3179 3299 3230 amandi“ eines eben zur 9
1567 3183 2756 3230 hoch über den jungen Arthur herein. Was nicht hinderte,
2777 3214 3306 3266 und degenerierten Zeitalte
1562 3222 2751 3267 daß jeder Mann (und jedes Weiblein erst rechtl die kleinen
2767 3248 3295 3305 und Wähnen aller Lieh
1559 3257 2765 3311 zierlichen Bände kaufte und verschlang. Und da die Wahr¬
2780 3289 3288 3357 stalten noch vor der Schi
1567 3306 2754 3350 heit nicht aufzuhalten ist, so fraß sie sich auch durch den
2771 3326 3300 3391 knospenden „Frühlingsern
1565 3333 2750 3385 Pfesserkuchenberg der deutsch=östereichischen Entrüstung hin¬
2769 3376 3309 3427 schon abwärtsschreiten, den
1562 3367 2751 3436 durch, und bald wagte die eine oder andere mutige junge
2771 3409 3199 3464 Weg des Todes“
1563 3410 2752 3458 Bühne, die harmlosesten der „Anatol“=Skizzen aufzuführen.
2775 3441 3281 3502 Visivnen genannt — in
1572 3452 2761 3501 Der Dichter, unbekümmert um die Stürme, die ihn umbran¬
2768 3486 3312 3540 der Asphodeloswiesen hin¬
1571 3488 2758 3546 deten, dichtete unterdessen munter weiter und griff mit Vor¬
2771 3527 3301 3586 lassen, hat keine noch so be
1567 3531 2756 3587 bedacht immer etwas brenzlige Fragen an. In dem großen
2779 3561 3304 3610 gessen. Jedoch, dieser Dicht
1564 3571 2746 3622 Roman: „Der Weg ins Freie“ zum Beispiel das
2770 3608 3297 3654 Verständnis und Duldsam
1572 3610 2756 3659 Problem des scheinbar gleichberechigten Juden innerhalb der
2778 3642 3295 3703 seiner Zärtlichkeit, daß ein
1572 3643 2752 3704 antisemitisch verseuchten Wiener Gesellschaft. Und er, der die
2783 3675 3274 3730 ständlich ward. Absurd
1561 3680 2754 3733 Gegensätze, Reibungen und tödlichen Kränkungen, die „Zwi¬
1556 3725 3307 3784 schen den Rassen“ ausgetragen wurden, nicht nur vom Hören= roh gewordenen Gegenwe
