3436 4384
192 303 498 388 2. Cut
931 310 1403 404 box 38/1
465 317 791 407 #tings
2272 655 2985 725 T.P.’s Werker ron Aucesr 3, 1929
1641 662 1742 736 dOr
2124 765 2984 831 of a nudé figure flitting far off among the
2136 814 2983 860 trees. As he wondered over this, the story
2135 859 2991 908 of" Fraulein Else,'’ which was published in
495 806 2092 966 he Doctor as Literary Man
2139 894 2990 946 English a few years ago, gradually devel¬
2136 937 2999 985 oped in his mind. In this story, the life and
2145 973 2998 1025 mind of a young girl are expressed in a few
471 977 2030 1051 Arthur Schnitzler’s Diagnoses in Drama and Fiction
2136 1009 3003 1069 hours of delirium, and the impressionistic
2137 1055 3004 1116 and analytic method is characteristic of his
1263 1062 2110 1151 practised medieine without acquiring them,
2131 1092 2986 1148 work. A parallel with this method will be
1264 1123 2121 1176 vou know. Oue docsn't look at a patient
2128 1137 2991 1183 found in the work of Mr. James Joyce,
1271 1170 2108 1219 with a desire to play a röle, to aet a part,
2133 1172 2999 1247 whose“ Ulysses'' records a single day in a
1264 1206 2111 1265 get inevitably. no sooner is one a physician
2136 1216 2374 1283 man's lise.
1276 1259 2116 1300 than the eyes sccmto adapt themselves toa
2251 1253 2855 1340 Frivolities of Old Vienna
1266 1291 2113 1339 new function. They do get sharper than
2168 1318 2984 1372 The famous dramatist lives alone in a
1264 1330 2126 1377 ordinary. After all, theg are the diagnosti¬
1267 1365 1608 1433 cian's first tool.“
2152 1364 2986 1418 villaat Dobling, the famous Viennese suburb
2144 1409 2995 1473 where Schubert lived and Beethoven was
1363 1411 2025 1499 Dramatist’s Scientific Notes
2130 1442 2991 1496 born. At one period of his life, disappointed
1308 1492 2116 1550 In his literarg methods, Schnitzler shows
2129 1486 3002 1538 both as a doctor and as a man of letters
1279 1531 2112 1594 the patience and caution of the scientist.
2135 1542 2988 1580 who had failed to convey his message, he
1271 1573 2118 1623 Always he has jotted down notes for future
2129 1570 3000 1615 flung himself into the brilliant and fashion¬
1281 1615 2112 1663 novels and characters. He experimented in
2126 1612 2985 1667 able world of Vienna, its gaiety and pas¬
1262 1655 2117 1701 hypnosis and jotted down suggestions
2133 1654 2998 1703 times. His experiences as man about town
1269 1690 2120 1752 which materialize in Anatol' and in
2141 1695 2996 1747 werc to be of value to him later, and with
1275 1733 2118 1780 * Paracelsus.“ Ile followed Freud and intro¬
2140 1735 2998 1779 clear, analytic gaze he examined, in
1277 1771 2124 1823 duced his ideas into his data, and lter
2140 1766 3005 1842 brilliant books, the hectie world of society
1270 1816 2123 1876 used them in the short“ Hour of Recogni¬
2136 1822 3001 1864 with all its follies and disillusion. In that
1280 1855 2120 1915 tion,' Which won Freud’s praise. Sometimes
2134 1855 2998 1912 gay life, which vanished with the War, ho
1272 1889 2110 1956 the characters, noted by Schnitzler, arc
2126 1899 3003 1949 found his Anatol, that care-frec and joyons
1278 1943 2110 1988 capable of several possible developments.
2139 1938 2990 1992 character who expresses the soul of Vienna,
1275 1979 2113 2033 Tle will take the first onc of these possible
2133 1991 2807 2031 and the beautiful Countess Mizzi.
2207 2018 2994 2079 To-day, evergwhere in that changed
1284 2024 2112 2066 variations, write a little sketch or story,
1286 2067 2112 2114 Which he will publish in order to see how
2141 2065 2995 2117 Vienna, Sehnitzler discovers his old haunts
1282 2104 2116 2155 his characters behave themselves in print.
2145 2100 2998 2150 and hisold associates, The very walters are
2135 2140 3001 2192 nis friends and know his favourite dishes
1277 2149 2107 2202 mang gears, as Mr. Smyser points out.
2130 2173 3005 2242 Trom old times. That is the other sidc of
1259 2189 2114 2235 D##ill go back to his dusty little sketch,
648 2201 1020 2248 Arthur Schnitzler
389 2231 1254 2277 Phvsician, playwright and novelist; born in Vienna in
2133 2222 3008 2277 Schnitzler, the man about town whom a
1266 2231 2125 2283 consider the characters under the light of
387 2266 1262 2304 1862 He began writing in the 'nineties, and his style,
2136 2268 3002 2317 desperately adopted hedonism drove from
1271 2267 2118 2314 the other possible situations, and make
392 2294 1253 2329 though analytic, charms by its quality of poetic
1265 2311 2111 2359 another storg over a hundred pages long,
2139 2308 2997 2360 party to party, before, looking over
399 2320 1256 2379 realism. His latest novel“ Theresa“ is published by
739 2350 942 2398 Constable.
2130 2341 3005 2409 his memories and analyzing his notes,
1269 2350 2122 2410 where the original iden is almost lost and
540 2384 1254 2449 FEDICINE and literature have been
1275 2391 2122 2443 the emphasis quite different. Schnitzler is a
2133 2390 2998 2444 hie suddenly found that he might be
1267 2431 2119 2491 master of technique, and his last develop¬
2135 2428 3008 2490 better spending his time in industrious
531 2443 1255 2493 rarelg combined, for patients lack
399 2462 1262 2511 +v Aconfidenee in a physician with the
1271 2468 2124 2538 ment of a sketch or storg is more artistic
2133 2472 2417 2542 retirement.?
1265 2518 2074 2573 and ecohomical in its means and effects.
388 2513 1256 2564 conventional rolling poctic eye. Goldsmith
2256 2505 2877 2594 Love as Scientific Theme
392 2543 1255 2608 onlg preseribed once and with remarkable
1498 2568 1893 2646 Open-Air Ideas
2179 2562 3003 2641 Schnitzler’s use of psycho-analysis in tho
386 2593 1259 2644 results! Beddoes, that strange and morbid
2138 2615 3005 2673 novel has had an increasing influence on
384 2633 1265 2696 poet, never practised. Sir Arthur Conan
1319 2616 2117 2684 Although his analytie studies of men and
2125 2659 3002 2724 other writers. Love is no longer a matter
385 2674 1256 2735 Doyle abandoned medicine for fiction. The
1279 2678 2122 2726 Women maz be regarded by some as morbid
2133 2703 3000 2766 of romance, but almost of biology. As Mr.
395 2713 1264 2768 coming of psycho-analysis, however, has
1266 2725 2125 2777 in their unerring pursuit of the subcon¬
2138 2743 3003 2802 Smysersars:" Schnitzler sees love in terms
390 2757 1259 2807 lessened the gulf between medieine and
1272 2758 2118 2800 scions sources of human actions, Schnitzler
2135 2788 3001 2842 of seduction, passion flaring or waning,
382 2793 1252 2856 literature, for the modern doctor searches
1271 2803 2124 2854 is a passionate lover of open-air life, and
2135 2824 3004 2888 matricide or suicide. This is the stuff of
387 2838 1260 2880 the springs of character und conduct.
1275 2840 2116 2901 mang of bis ideas are worked out as he
2137 2871 3002 2922 the laboratory, or of the melodrama, or
385 2888 1263 2928 Arthur Schnitzler, the famous Viennese
1266 2882 2114 2925 tramps the countryside. Many of his best¬
2139 2905 3013 2970 of literature, Schnitzler commands all
386 2921 1261 2980 plagwright and novelist, is the most striking
1278 2915 2119 2978 known tales have sprung from a single or
2142 2951 3000 3020 three, for he is scientist, plazwright, man¬
384 2964 1265 3017 example of a modern practising doctor
1278 2946 2129 3013 remarkable ineident. Once as he walked“
1271 2989 2814 3057 in the Dolomites he suddenlg caught sighyl about-town, recluse and novelist.?
385 3002 1256 3057 who has combined analysis with poctie
394 3041 632 3108 sentiment.
501 3080 1162 3158 Furore Over Medical Hero
439 3142 1257 3210 Arthur Schnitzler’s father was a Jew br¬
1438 3099 2862 3213 THE APOLOGY OF BOTTOM THE WEAVER
403 3182 1256 3233 race, and a doctor by profession. The
400 3221 1257 3273 dramatist himself did not neglect his
1802 3223 2453 3318 By G. K. Chesterton
399 3267 1266 3321 medical career While analyzing souls in his
402 3306 1269 3360 books. He is a specialist in neurosis and
2114 3311 2725 3379 And he, for all his after weaving,
1350 3331 1993 3385 Once when an honest weaver slept,
401 3354 1260 3401 psychopathology. Ie wrotc a Dook upon
2158 3363 2781 3415 Drew up from that abysmal dream
1391 3371 2048 3433 And Puck passed by, a kindly traitor,
397 3385 1268 3438 English elinics and studied in London the
2116 3399 2788 3452 Immortal art, that proves by secming
1359 3412 1972 3463 And on his shoulders set the head
400 3437 1265 3479 methods of English specialists in their
2157 3440 2807 3503 Allthings more real than they sccm.
1398 3442 2009 3509 Of a Shakespearean commentator.
392 3464 1266 3529 treatment of diseases of the larynx. The
2110 3485 2790 3544 The dancing moth was in his shuttle,
1354 3500 2032 3558 The man had walked proverbial ways,
399 3511 1256 3573 elder Schnitzler opposed his son’s literary
2153 3543 2805 3583 The pea'’s pink blossom in his woof,
1403 3540 2072 3599 Fair Science frowned not on his birth,
390 3556 1259 3601 proclivities, and objected to the light and
2119 3565 2894 3628 Vour thriving schools, your dying hamlets,
1358 3599 2020 3647 Nor lost in long and tangled dreams,
401 3596 1268 3641 brilliant sketches which he. published over
2152 3617 2887 3675 Gothrough them all and find the proof—
1398 3624 1993 3693 The mother-wit of mother-carth.
401 3632 1259 3703 his ow'n name in Viennese magazines.
2123 3667 2842 3733 That you, wherc’er the old crafts linger,
388 3674 1260 3728 Schnitzler’scelebrated play,“ Dr. Bernbardi?
1346 3668 1977 3744 Elaborate surgeons had not found
2153 3708 2821 3764 Draw in their webs like nets of gold,
436 3722 1270 3773 —in Which conlliet between the medical
1410 3724 2057 3778 The cobweb made the cure too brief.
2118 3754 2761 3797 Hang up like banners for a pattern,
1353 3766 1932 3813 Nor vegetarians taught the rule
390 3757 1272 3831 profession and the priesthood is presented
2163 3784 2764 3851 The lcavings of the looms of old.
1398 3784 1965 3850 Of eating mustard without beef.
432 3797 1262 3858 was to a large extent based on the
396 3841 1277 3891 character of his father. The play, Which
2124 3830 2777 3897 And even as this home-made rhyme
1358 3843 1991 3911 Only in that green night of growih
2155 3873 2924 3931 Drags but the speech of Shakespeare down,
410 3888 1275 3928 was regarded as an attack on his pro¬
1405 3887 2089 3948 Came to hi, splendid, without scorn,
2142 3923 2812 3970 These home-made patterns but repeat
393 3920 1268 3973 fession, created a furoreand has never
1366 3937 1949 3990 The lady of the drcams of men;
2157 3955 2788 4026 The traceries of an ancient clown.
396 3956 991 4021 been performéd in England.
1415 3969 1951 4035 The rival of all women born.
447 3990 1275 4047 The Viennese dramatist, in habit and
1743 4003 2408 4077 And while the modern fashions fade,
396 4042 1265 4098 appearance, is the professional doctor. Mr.
1786 4050 2502 4108 And while the ancient standards stream,
413 4077 1281 4131 William Leon Smyser, in the“New Vork
1738 4099 2324 4152 No psycho-analyst has knocked
401 4125 1264 4179 Hlerald Tribune,? quotes Dr Schnitzler’s
1787 4139 2436 4199 The bottom out of Bottom’s dream.
411 4151 1272 4215 admission:"! have gone into literature
407 4205 1285 4254 with a doctor’s eges. Oue cannot have
