3344 4384
332 282 383 349 1
82 279 686 390 2. Custings
1757 204 2254 282 —
844 281 1299 383 box 38/1
1497 1056 1992 1141 NIELS TH. THOMSEN
991 1066 1110 1144 266
982 1187 2498 1263 hvad man vil forstaa ved Betegnelsen „moderne“, naar det gelder est¬
987 1259 1343 1330 rigsk Litteratur.
1066 1311 2497 1369 Arthur Schnitzler, som nu er 66 Aar gammel, herer litterart set til de
1004 1367 2512 1428 saakaldte „Ung-Wienere“ og er netop fedt i det Aar, som indvarsler den
992 1439 2509 1490 moderne Retning i estrigsk Litteratur, nemlig 1862. Men han producerer
989 1484 2512 1542 stadig for fuld Kraft. Og for det store Publikum, der ikke felger med i
998 1540 2508 1603 udenlandske litterare Hovedstremninger eller Programforkyndelser, falder
1002 1610 2515 1664 det ganke naturligt at kalde ham moderne, et Ord, der herhjemme ofte har
990 1654 2515 1723 en litterer Bitone af noget „vovet“. Men litteraturhistorisk set tilherer
988 1711 2511 1781 Schnitzler det 19. Aarhundredes hendeende Naturalisme og ikke det
1001 1772 2399 1842 2Ondes Ekspressionisme, Futurisme, Aktivisme eller andre -ismer.
1066 1844 2506 1906 Det vil her vere formaalstjenligt at minde om, hvorledes de europeiske
998 1885 2518 1948 Forfattere paa et givet Tidspunkt siger sig les fra den Naturalisme, hvis
992 1942 2519 2039 Hevding var Emile Zola. „Ud af Naturalismens Snaverhed“ lyder det
995 2019 2506 2079 nye Feltraab. Et litterert Vendepunkt betegner i saa Henseende Fransk¬
1007 2066 2515 2148 manden Kurl Huysmanns beremte Roman „Là-bas“ fra 1891. 1 dette Ar¬
1002 2142 2512 2195 bejde ger Forfatteren op med Naturalismen, der karakteriseres som en
998 2211 2516 2260 plat Rationalisme. Indvendingerne samler sig om, at de fanatiske Naturali¬
994 2254 2512 2314 ster forkaster alt overnaturligt og alt, hvad der kan henferes til Dremme¬
993 2301 2520 2359 nes Verden; de glemmer, at Kunstneren kan fele det som sit Kald at sette
1004 2365 2510 2433 ind, netop hvor Sansningens Verden holder op; de er blinde for de My¬
1001 2427 2509 2491 sterier, som omgiver os, og vil forklare enhver Lidenskab som et Pro¬
1002 2483 2521 2550 dukt af „Begar og Instinkter“, slet og ret. Opgaven maa blive at bevare
1011 2554 2527 2612 de kunstneriske Landvindinger, man kan takke Naturalisterne for, men
1015 2608 1641 2680 sege at beaande Naturalismen.
1080 2680 2521 2728 Hvad nu specielt Ostrig angaar, saa er det karakteristisk, at Wien
1010 2719 2520 2788 blev forskaanet for de hidsige Partikampe om Naturalismen, der kendes
1007 2789 2515 2850 fra andre Kulturcentrer som Berlin eller München. I Ostrig gaar den aldre
1013 2831 2521 2891 Periode mere roligt og sindigt over i den nye Tid end andre Steder. En
1009 2895 2534 2962 litterer Begivenhed, der satte Spor, var det, da Henrik lbsen rykkede ind
1010 2954 2529 3027 paa Burgteatret ogi 1891 lykkelig og feteret kunde forlade Kejserstaden
1005 3027 2522 3079 ved Donau efter en vellykket Opfereise af „Kongsemnerne“. Og at lbsen
1012 3071 2528 3137 kom til at paavirke Schnitzler betydeligt, er ligesaa givet, som at han blev
999 3124 2517 3192 en af Forudsetningerne for Bernard Shaws moderne Samfundsskuespil.
1075 3205 2532 3272 Om Schnitzler maa man desvarre sige, at Tiden for at give Danskerne
1014 3260 2514 3312 et helt rigtigt og nogenlunde fuldstaendigt Billede af ham, er bleven for¬
1007 3317 2526 3381 passet. Det gelder baade hans fortellende Skrifter og hans dramatiske
1013 3366 2531 3436 Arbejder. Og det er egentlig ret besynderligt, naar man betenker, at en
1010 3421 2551 3495 Autoritet som Georg Brandes allerede i 1899 fastslog ham som Ostrigs
1019 3481 2317 3545 mest tiltrakkende Digter og kaldte ham et genialt Menneske.
2904 3721 3030 3807 850
3075 3944 3140 4007 1200
2500 4133 3166 4224 St — eeemmene
