3392 4384
940 325 1380 422 box 38/1
191 323 772 426 2. Cuttings
1164 791 1653 877 DER BAZAR
168 983 311 1190 7.
1341 967 2828 1190 MChTO“ Ivon Hans Schönfeld
332 1101 1316 1214 3te ado N
2011 1195 2974 1270 Der ausgezeichnete Novellist und Lyriker Ludwig Finckh,
173 1223 857 1296 Heilkünstler der Menschheit und der Arzt
1940 1266 2973 1316 1876 geboren, lebt als praktischer Arzt in Gaienhofen am Boden¬
157 1286 858 1352 füihlungsvermögen des Dichters  sie be¬
1935 1290 2979 1368 see. Frauenarzt in Prag war Hugo Salus, der zartsinnige Ly¬
168 1321 867 1382 nug auf gleichem Wege, sehen einander mit
1937 1356 2987 1408 riker, dessen Sang ein Hymnus an die Frau als Beglückeum ist.
172 1379 844 1422 in die Angen und wissen um das Gemein¬
1945 1388 2578 1459 Wie heißt es doch im „Ehefrühling“?
160 1407 870 1480 mmer wieder lockt es den Dichter, Arztliches
2052 1436 2881 1495 Geh ich dann Sonntag früh zu meinen Kranken,
157 1458 860 1519 as Mann in seinem „Zauberberg“ ist ein
2060 1477 2791 1529 So leuchtet es mir mahnend in die Augen,
161 1499 861 1558 ir— seltener aber ist der Fall, daß sich Arzt
2059 1516 2827 1576 Und zwischen Tod und Siechtum und Geburt,
164 1538 869 1600 kerson vereinigt finden. Dennoch kann man
2061 1562 2790 1619 Wie Blumen aus den Ritzen einer Mauer,
157 1596 869 1648 it und Gegenwart eine ganze Anzahl von
2057 1612 2915 1667 Lacht mir die Mahnung an mein Glück entgegen ...
161 1639 866 1687 Fen, in denen diese Verschmelzung verwandter
2028 1650 2986 1711 Alfred Döblin, der Autor des vielgelesenen Romans
165 1683 850 1733 as Problem Mensch im Brennpunkt des Er¬
1943 1690 2987 1755 „Berge, Meere und Giganten“, übt im Osten Berlins eine aus¬
161 1721 857 1780 genden künstlerischen Gestaltungen führte.
1949 1741 2991 1801 gedehnte ärztliche Praxis aus. Er ist vielleicht das vorbildliche
171 1764 871 1820 n Jahrhunderten waren die Beziehungen
1938 1783 2990 1834 Beispiel des modernen Dichterarztes. Heilen und Dichten ent¬
181 1811 864 1868 nst ziemlich rege. Der große Mystiker An¬
1086 2214 1725 2294 Professor Dr. Cetl Ludwig Schleich
892 2286 1915 2342 so heiligt sie auch seinen Erztlichen Beruf zum Gottesdienst. —
890 2338 1927 2381 Ein ausgezeichneter Dichter von Kirchenliedern war der Arzt am
901 2370 1920 2429 Halleschen Waisenhaus Christian Friedrich Richter (gest. 1711).
888 2410 1923 2472 Von ihm stammt das Liel „Es glänzet der Christen lebendiges
887 2462 1933 2509 Leben“ das von Schleiermacher als Perle aller Kirchenlieder
897 2502 1928 2570 gerühmt wird. Ein bekannter, wenn auch heute schon vergessener
888 2548 1932 2606 Dichter war der Mediziner Johann Valentin Pietsch, der Lehrer
891 2602 1781 2658 Gottscheds, dessen „Poetische Werke“ 1725 erschienen.
965 2626 1931 2689 Albrecht von Haller, der berühmte Schweizer Dichter, war
896 2679 1938 2737 nicht nur Mitbegründer der klassischen deutschen Poesie, sondern
900 2720 1941 2775 auch einer der Hauptbegründer der Wissenschaft der Physiologie.
972 2766 1946 2828 Als „göttlich“ gepriesen wird noch von Herder der Leibarzt
895 2809 1942 2878 des Grafen Bentheim, Johann Philipp Withof, dessen Gedichte
896 2850 1944 2912 1751 erschienen. Auch sein Kollege, der Professor der Medizin
891 2911 1932 2952 an der Leipziger Universität, Frick lch Andreas Gallisch, mus
894 2943 1951 3007 hier genannt werden. In den meisten Musenalmanachen seiner
891 3000 1484 3045 Zeit ist er mit Gedichten vertreten.
984 3030 1927 3081 Bekannt ist die Einwirkung, die der Augenarzt Jung¬
900 3071 1939 3133 Stilling mit seiner poctischen Lebensbeschreibung auf Goethe
901 3111 1940 3171 ausübte. Auch Johann Georg Zimmermann, der Arzt Friedrich's
2296 3143 2678 3217 Dr. Ludwig Finckh
906 3170 1864 3229 des Großen und Freund Goethes, betätigte sich literarisch.
177 3168 566 3247 Dr. Arthur Schnitzler
982 3203 1927 3258 Karl Arnold Kortum, vor einem Jahrhundert als Vergarzt
1958 3200 3008 3285 springen bei ihm aus dem gleichen Überfluß einer an das Welt¬
165 3222 876 3303 ichter des „Cherubinischen Wandersn. ann“,
901 3250 1930 3301 in Bochum verstorben, schrieb in seiner „Jobsiade“ das beste
1959 3268 2996 3321 ganze sich verlierenden Persönlichkeit. In seinen Romanen spielt
169 3302 881 3346 derlichen Ehren“ in Padua zum Doktor der
906 3300 1939 3364 komische Heldengedicht, das wir bisher in deutscher Sprache
1970 3297 3009 3361 das psychologische Moment eine große Rolle. Auch die Psycho¬
174 3339 881 3401 r war eine Zeitlang als Leibarzt in Ols tätig.
908 3335 1938 3407 haben. Ihm widmet Otto Julius Bierbaum in seiner Vorrede
1969 3349 3006 3411 analyse mit ihrer Entdeckung der vielen Unterströmungen in Ge¬
178 3376 877 3439 ernannte ihn zum Hofmedikus. Bei Angelus
916 3382 1827 3459 zur Inselausgabe der Jobsiade die humoristischen Verse:
1957 3402 3005 3448 danken und Träumen gab Döblin starke Anregung. In seinen
171 3420 875 3481 kystische Grundstimmung seiner ganzen Per¬
1045 3433 1683 3501 Karl Arnold Kortum, Dostor der Med¬
1958 3435 3001 3506 kurzen Erzählungen, die oft erschütternde Bilder aus dem
170 3475 889 3524 lied zwischen Dichter und Arzt. Der in Gott
1959 3484 3005 3532 Leben unserer Zeit wiedergeben, verwertet er nicht selten Be¬
1041 3485 1577 3543 izin war nebenbei bloß Poet.
178 3513 885 3567 m das Wunder aller Wunder, und wie seine
1040 3520 1786 3584 Denn er hielte nicht wenig auf seinen Magen
1954 3531 3010 3588 obachtungen, die der sorgfältig forschende Arzt an der Psyche
178 3550 883 3613 t zum dichterischen Erlebnis aufglühen läßt,
1037 3576 1671 3635 und meinte, das Hungertüchernagen
1044 3621 1630 3682 sei weder gesund noch angenehm;
1037 3662 1593 3713 drum dichtete er bloß außerdem
1040 3704 1740 3768 und legte sich fleißig aufs Krankekurieren,
1048 3758 1681 3809 Oper=Pur=Ordin= und Medizinieren,
1040 3782 1739 3851 weshalb ihm die Arzte in Bochum zuletzt
1043 3836 1735 3905 und nicht die Poeten ein Denkmal gesetzt.
984 3886 1951 3958 Groß ist die Zahl der Arzte, die führend in den literarischen
903 3939 1942 3985 Bewegungen unserer Zeit hervorgetreten sind. Nur einige Namen
921 3982 1935 4043 sollen hier genannt werden. Ein Arzt, Dr. Conrad Küster, rief
913 4027 1941 4099 den Verein „Durch“ ins Leben, der mit Wille, Bölsche, Mackay
908 4067 1952 4124 und anderen dem Naturalismus in Deutschland Vorpostendienste
915 4114 1938 4175 leistete. Das Schlagwort „Die Moderne“ (Gegensatz: Die Antike)
912 4157 1944 4220 wurde in diesem Verein geprägt und blieb lange in Geltung.
924 4218 1950 4266 Aberauch in der vordersten Linie der Dichtenden selbst stehen Arzte.
