3392 4384
160 250 760 355 2. Cuttings
1993 182 2247 254 — —
904 252 1352 355 box 38/1
2166 1041 2284 1107 273
1168 1041 1906 1112 MODERNE OSTRIGSK LITTERATUR
772 1183 2288 1227 hvori det nu kan ligge; jeg navner Wienerinden Enrica von Handel-Muz¬
777 1219 2289 1276 zetti, der fortrinsvis trakterer de gammeldags Instrumenter, og hvis hi¬
779 1296 2293 1352 storiske Romaner staar heit. Hun kan virke kvindeligt sart, men ogsaa
782 1350 2294 1413 mandhaftigt voldsom, f. Eks. i de vilde Radselsoptrin, der forekommer i
777 1413 2296 1465 nesten hver eneste af hendes Romaner; hun har visse ialfald formelle
772 1460 2298 1529 Beroringspunkter med Sigrid Undset og er ligesom den norske Nobel¬
775 1524 1241 1596 pristagerinde Katolik.
849 1589 2296 1642 En Forfatter, som tydeligt markerer Overgangen til den helt moderne
778 1653 2300 1705 estrigske Litteratur, er Anton Wildgans, der representerer den saakaldte,
777 1706 2296 1765 „ Wiener-Halv-Ekspressionisme“. Han er ogsaa en typisk Representant for
780 1754 2299 1816 det estrigske Folk, hvis „lynne“ (som Svenskerne kalder det) utvivisomt
783 1809 2309 1874 har nogen Lighed med vor egen Nations. Ostrigeren er en hei Del af en
781 1882 2304 1945 Drommer og en Fantast, bled om Hjertet, fintfelende og menneskeligt
778 1939 2296 1996 mild i sin Dom. Danskeren har jo noget af det samme. Wildgans, der er
783 1990 2309 2048 fodt 1881 i selve Wien, viser i sin Poesi Paavirkning fra Bandelaire, der
788 2047 2299 2116 anes som Monster for adskillige baade aldre og yngre wienske Digtere.
789 2106 2305 2164 Efterhaanden vaagner hans Folelse af Samherighed med sit Folk, hans
787 2165 2297 2225 Langsel mod Sundhed, bort fra al Overforfinelse. Og snart treder det ty¬
787 2217 2305 2299 deligt frem, hvori han adskiller sig fra de eldre Wienerdigtere: Han har
791 2288 2309 2353 baade Folelse og Udtryk for den Tragik, der for Individet kan opstaa af
784 2351 2294 2407 at tilhere de laveste sociale Lag og bestemmes af usle Kaar under Op¬
790 2416 2312 2461 veksten. Ligesom Hermann Bahr og Hofmannsthal var han Jurist, inden
792 2461 2304 2526 han heit og holdent helligede sig Litteraturen. Og hans Gerning som
791 2525 2311 2596 Straffedommer afspejler sig i hans Verker, f. Eks. i den forbrydervenlige
782 2586 2309 2638 Enakter „I Evighed Amen“. Han kender af Selvsyn dem, der er kommen
786 2649 2323 2711 paa Kant med Livet, Lovovertraderne, Gadens Piger, de smaa og de
789 2706 1123 2773 store Syndere.
858 2750 2309 2814 Som Forbilleder for hans Dramatik dominerer Frank Wedekind og
780 2814 2306 2877 Strindberg. Men som det afgjorte Formtalent, han er, undgaar han at
791 2874 2309 2939 virke som blot og bar Efterligner. Der er Personlighedsprag over Skue¬
798 2954 2312 3000 spil som „Armod“, „Karlighed“ og „Kain“; og i alle disse dramatiske
789 2981 2307 3048 Arbeider drejer det sig ikke om Special-Tilfalde (som enkelte Gange hos
793 3045 2308 3118 Schnitzler) men om noget stadigt tilbagevendende, om den fallesmenne¬
803 3119 1325 3185 skelige Skabne og Lod.
867 3188 2312 3244 Anton Wildgans var Direkter for Burgteatret i Sasonen 1921—22,
789 3236 2314 3292 da Arthur Schnitzler fyidte 60. Han benyttede dengang Situationen til
793 3304 2301 3353 offentligt at udtale, at han i Teatrets Navn kun opfyidte en kar Pligt, naar
796 3346 2316 3412 han  Anledning af denne celehre Fodselsdag paa festlig Vis genoptog
780 3428 2302 3471 Digterens mest representative og mest ostrigske Verk „Den unge Me¬
779 3474 2327 3542 dardus“, en stor „dramatisk Historie“, der foregaar i Wien 1809, da
