3392 4256
930 139 1386 233 box 38/1
199 135 784 245 2. guttings
901 442 1049 588 21
1209 801 2222 914 Zädische Aopfe
1718 903 2930 992 eben nur an der Seine gedieh, daß man selbst so viel besser
789 925 1434 1034 Arthur Schnitzler
1719 969 2936 1014 war, und tat in der weiteren Folge so etwa wie Arthur
1736 1018 2931 1072 Schnitzler eben in seinem Anatol=Zyklus, von allen guten
817 1004 1380 1088 Von Doris=Wiliner.
1733 1062 2936 1109 Göttern des „cant“ verlassen, geschildert hatte. „Niemand
575 1063 1704 1156 Arthur Schnitzler, um dessen Haupt gegenwärtig ein
1727 1105 2936 1161 lügt soviel wie der Entrüstete“ hat Friedrich Nietz¬
484 1133 1700 1183 trauriger Glorienschein menschlichen Märtycertums seinen
1728 1142 2933 1209 sch einmal gesagt. Nun: die Wogen schlugen damals haushoch
487 1181 1701 1234 blassen Heiligenschein webt, wurde, obzwar ein echtbürtiger
1731 1188 2931 1249 über den jungen Arthur herein. Was nicht hinderte, daß
485 1226 1705 1279 und echtblütiger Wiener, mit Fug vor etwa zwei Jahren
1719 1227 2929 1288 jedermann (und jedes Weiblein erst recht) die kleinen zierlichen
495 1276 1701 1323 in die Preußische Dichterakademie gewählt. Denn nur wenige,
1719 1278 2935 1332 Bände kaufte und verschlang. Und da die Wahrheit nicht
483 1310 1699 1364 besonders begnadete Mitglieder der jungen Korporation haben
496 1365 1703 1412 für das deutsche Schrifttum in so schöpferischem, bereichern¬
1727 1365 2935 1418 berg der deutsch=österreichischen Entrüstling hindurch, und bald
487 1409 1709 1451 dem Sinne gewirkt, wie dieser Sohn der Donaustadt, der
1729 1406 2935 1457 wagte es die eine oder andere mutige junge Bühne, die harm¬
483 1442 1709 1496 vorgeschobensten Bastion gen Osten, in der vielfältige Rassen
1719 1451 2940 1504 losesten der „Anatol“=Skizzen aufzuführen. Der Dichter, un¬
563 1484 1709 1533 die deutsche, die romanische, die slawische — zusammen¬
1718 1500 2933 1550 bekümmert um die Stürme, die ihn umbrandeten, dichtete
496 1533 1704 1580 flossen und vielleicht eben darum dem Charakter der von
1735 1538 2935 1597 unterdessen munter weiter und griff mit Vorbedacht immer
486 1578 1714 1632 uns allzeit mit Liebe und Sehnsucht umfangenen Metropole
1735 1592 2938 1653 etwas brenzligere Fragen an. In dem großen Roman:
494 1625 1711 1689 zu einer besonders verführerischen Eigenart verhalfen. Man
1731 1641 2943 1686 „Der Wegins Freie“, der unseigentlich in un¬
504 1670 1703 1723 hat oft und viel über den Begriff des „Oesterreichers“
1738 1669 2944 1734 serer Eigenschaft als Juden nicht nur An¬
500 1718 1704 1772 gestritten; man hat ihm Wohlwollen oder Abneigung ent¬
1726 1722 2943 1781 regungen, sondern auch manche beherzigens¬
490 1769 1713 1813 gegengebracht, und die konsequentesten Denker gelangten da¬
1720 1761 2947 1816 werte Lehre zu schenken hat, bemächtigte er sich
492 1796 1701 1866 hin, den Begriff als solchen überhaupt zu negieren. Vielleicht
1724 1804 2947 1848 beispielsweise des Problems des scheinbar gleich¬
497 1832 1707 1893 auch mit Recht, da der Repräsentant eines Nationalitäten¬
1734 1850 2945 1897 berechtigten Juden innerhalb der antisemi¬
497 1882 1708 1931 staates (mit zehn oder zwölf Kronländern) statt eines Na¬
1722 1897 2948 1951 #tisch verseuchten Wiener guten Gesellschaft.
501 1919 1714 2004 tionalstaates kaum je einen einheitlichen, organisch gefügten
1736 1930 2948 1986 Und er, der die Gegensätze, Reibungen und tödlichen Krän¬
1729 1988 2945 2036 kungen, die „zwischen den Rassen“ ausgetragen wurden, nicht
1735 2011 2940 2076 nur vom Hörensagen kannte, sondern sie in seinem eigenen
1728 2060 2943 2111 tausendjährigen Blut schmerzhaft fühlte, er teilte mit salomo¬
1730 2105 2941 2155 nischer Weisheit die Wiener Juden seiner Blüte¬
1730 2150 2939 2200 zeit in zwei große Gruppen ein: in die eine,
1728 2194 2944 2241 die immer in der Frucht lebt, bei ihrer sorglich ver¬
835 2194 1381 2298 Photographien
1729 2235 2943 2291 hehlten und durch reichliche Assimilierung überzucker¬
1731 2286 2942 2338 ten Abstammung meuchlings ertappt zu wer¬
708 2272 1517 2386 von der Welkkonferenz
1733 2327 2942 2379 den, und in die andere, die jedem Neutralen
1723 2372 2947 2425 und Unbefangenen ungefragt sofort mit dem
584 2407 1705 2456 Das Atelier Elite, Leipziger Straße 119=20, teilt uns mit,
1742 2422 2942 2473 fatalen Bekenntnis zur eigenen Rasse ins
503 2449 1716 2513 daß von den am Eröffnungsabend der Konferenz gemachten Aufnahmen
1728 2453 2946 2502 Gesicht springt, und durch diese unangebrachte Be¬
504 2491 1716 2558 noch Abzüge in Größe 18x24 à Mk. 1,— zu haben sind. Ebenso sind
1729 2502 2949 2556 kennerwut (die von stolzem Bekennermut ebenso weit
1723 2557 2935 2603 entfert ist wie die Verleugnungsmethode) den arglosen Part¬
502 2541 1694 2617 von Cl. G. Montefiore und Miß Montagu noch Bilder à Mk. 1,—
1733 2591 2953 2650 ner nur in eine unmotivierte Verlegenheit versetzt. Jahre
506 2596 938 2670 und Mk. 3,— vorrätig.
1735 2629 2943 2686 um Jahre sind über diesen brennenden Zeit= und Streit¬
575 2655 1717 2720 Gleichzeitig weist das Atelier Elite darauf hin, daß Bilder der von
1739 2678 2952 2739 fragen, wie sie sich in einem seiner Epoche weit vorangeeilten
510 2705 1718 2764 ihr aufgenommenen prominenten Persönlichkeiten der Konferenz in ihren
1733 2725 2630 2788 Dichterhirn und Herzen spiegelten, verstrichen.
511 2756 1179 2823 Schaukästen zur Ausstellung kommen.
1826 2771 2944 2830 Arthur Schnitzlers Kunst am Worte aber ward immer
1744 2823 2949 2886 liebevoller, erlesener, wie von jeglicher Erdenschwere befreit.
1733 2886 2947 2936 Im ganzen deutschen Reiche schrieb kaum ein anderer Dichter
1733 2927 2945 2976 ein so gepflegtes, graziles, über den Menschen und Dingen
1746 2973 2960 3026 gleichsam schwebendes Deutsch. Dergleichen kannte man allen¬
1735 3017 2946 3072 falls in Frankreich oder Italien, wo die Erziehung zur
495 3016 1711 3085 Typus darzustellen vermochte. Und dennoch, wenn auch ethno¬
1742 3049 2954 3108 künstlerischen Form durch jahrhundertealte Tradition Gesetz
504 3094 1715 3137 logisch ein Unsinn, eine contradictio=in=adjecto: körperlich,
1732 3107 2956 3159 war. Es blieb auch gleich, welche Kunstgattungen Arthur
508 3128 1710 3182 geistig, seelisch und moralisch hat es ihn trotzdem gegeben
1739 3153 2951 3198 Schnitzler gelegentlich bevorzugte; die tänzerische Seele seiner
501 3182 1711 3232 und gibt es ihn noch heute, den vielumstrittenen, viel be¬
1741 3184 2958 3227 Schöpfungen blieb all seinen Werken — mochten es Romane,
504 3212 1724 3269 fehdeten, scheinbar nicht existenten „Oesterreicher“. Niemand
1738 3236 2961 3283 Dramen oder die von ihm besonders geliebte und meisterlich
512 3258 1723 3320 hat das in schöneren, klareren und überzeugenderen Worten
1738 3276 2960 3330 beherrschte Form der Novelle sein — zu eigen. Die Stoffe
507 3305 1716 3371 zu beweisen gewußt, als der Auch=Oesterreicher Felix Salten
1748 3320 2959 3374 aber, denen er seine inkommsensurable Kunst angedeihen ließ,
512 3347 1723 3411 in seinem mit Herzblut geschriebenen Buch: „Das österreichische
1743 3363 2969 3415 pendelten stets zwischen den beiden Polen: lebenerzeugende
503 3406 1717 3445 Antlitz“. Denn gerade jene vermeintlichen Mängel, die in
2059 3409 2961 3456 Tod, Entstehen und Vergehen hin
1735 3408 2013 3468 Liebe und
507 3429 1721 3478 den Augen des pedantischen und unerbittlichen Volks=, Sprach=,
1736 3445 2967 3500 und her. Vielleicht war das ein biologischer Atavismus des
510 3480 1723 3535 Stammes= und Geschichtsforschers dem Oesterreicher anhafte¬
1740 3494 2953 3555 selbst zum Mediziner bestimmt Gewesenen, der einer Familie
500 3516 1714 3569 ten oder überhaupt den Garaus machten, liehen ihm in
1734 3554 2959 3599 angesehener Aerzte entstammte. In seinem ausschließlich in
504 3559 1721 3616 jedem vielleicht weniger buch= und buchstabengelehrten Sinn
1741 3594 2953 3639 der Sphäre zwischen Tod und Leben spielenden „Professor
503 3607 1721 3651 seine besondere Eigenart und seine individuellen, unnacht¬
1737 3631 2951 3685 Bernhardi“ packte er wieder mit kühner Hand die Tages¬
509 3653 1723 3695 ahmlichen Vorzüge. Künstler würden sich ruhig zu dem
1746 3674 2950 3733 frage der konfessionellen „Zuständigkeit“ am
509 3707 1725 3760 freudig bejahenden Wort: „Reize“ versteigen. Denn gerade,
1737 3699 2953 3777 Sterbebett an und entfachte durch seine milde gütige Toleranz,
503 3744 1721 3795 daß der besagte „Oesterreicher“ ein „sujet mixte“ war, aus
1736 3766 2946 3809 die Schwester der echten Charitas, wieder einmal die Empö¬
514 3782 1720 3844 deutsch er Herbheit, Kühle, Willenskraft und Selbstbeherr¬
1746 3808 2966 3861 rung einer ebenso engstirnigen wie subalternen Widersacher¬
509 3840 1720 3886 schung sowie aus romanischer Formbegabung, musischer
1754 3856 2962 3909 Gemeinde. Sie ließ ihn kühl. Konnte ihn kühl lassen, denn
515 3871 1720 3919 Trunkenheit und leichterer, beschwingterer, gleichsam tänze¬
1746 3884 2960 3943 er wußte es besser. Zu der eigenen beruflichen Anschauung
509 3917 1726 3979 rischer Lebensauffassung, zu guterletzt aber auch aus slawi¬
1739 3928 2964 3991 des Heilkundigen gesellte sich in Schnitzler immer mehr und
515 3969 1732 4018 scher Weichheit und Verträumtheit, Versonnenheit und Ver¬
1749 3988 2953 4033 mehr jene letzte künstlerische Intuition, die ihn in der
510 4002 1721 4060 sponnenheit, nebst einer gegenstandslosen, um alle Dinge
1743 4023 2968 4074 Ueberzeugung stärkte, daß Liebe und Tod vielleicht selt¬
517 4055 1731 4103 und Ereignisse des realen Lebens schwebenden Wehmut, gab
2252 4060 2943 4106 eltene Schlafaenossen sind.
