3392 4384
122 323 713 418 2. Cuttings
626 4203 696 4262 34
807 318 1309 404 box 38/1
1614 934 1832 989 Saite *
857 926 1265 995 18. Oktober 19z6
697 1034 1876 1107 Die Einführung der Zeitzählung
839 1107 1731 1203 bei Telephongesprächen.
717 1193 1854 1247 Mögliche Gebührenermäßigung für nächtlichen
1101 1249 1464 1318 Lokalverkehr.
1446 1296 1840 1363 Wien, 19. Oktober.
783 1331 1863 1410 Die Vollautomatisierung des Wiener Telephonnetzes hat, wie
711 1398 1871 1452 bereits wiederholt gemeldet, auch eine Umwandlung der Berech¬
714 1450 1874 1495 nung der Telephongebühren in dem Sinne zur Folge, daß nicht
718 1496 1875 1558 mehr die Zahl der Anrufe, sondern die Zeit der
710 1541 1866 1595 Gespräche die Basis für die finanzielle Leistung der Telephon¬
717 1591 1880 1635 abonnenten bilden wird. Allerdings ist mit der Einführung
705 1634 1886 1691 dieses neuen Systems vor einem Jahre nicht zu
719 1681 925 1746 rechnen.
790 1737 1876 1789 Zwischen der Telephonverwaltung und dem Verein für
705 1779 1880 1842 Post= und Telephoninteressen besteht eine in
707 1823 1875 1871 mehreren Diskussionen zutage getretene Differenz, da der Verein
713 1872 1881 1914 und mit ihm die Mehrzahl der Telephonabonnenten, die Forderung
704 1918 1879 1985 aufgestellt hat, daß bei Einführung der Zeitzählung die Zeit nicht
708 1966 1887 2024 nur in der Zentrale, sondern auch durch einen bei jedem
706 2011 1880 2050 Abonnenten angebrachten Kontrollapparat gezählt werde.
705 2067 1884 2117 Während der technische Vertreter der Verwaltung die Anbringung
712 2106 1881 2156 einer solchen Kontrolluhr als unmöglich bezeichnet, hat ein
709 2148 1880 2196 privater Ingeme#r bereits den Gegenbeweis angetreten. Auch
722 2195 1878 2263 will der Verein, daß bei der Zeitzählung dem Abonnenten nur
722 2246 1881 2300 jene Gespräche angerechnet werden, bei denen er selbst der
711 2288 1882 2350 Anrufer ist. Die Ve waltung hingegen will, allerdings unter
719 2330 1874 2388 Herabsetzung der Gebühren auf die Hälfte, ein
726 2385 1876 2433 Gespräch gleichzeitig bei dem Anrufer und bei dem Angerufenen
714 2431 1876 2493 in Rechnung stellen. Dies hätte den Nachteil, daß der Abonnent
726 2478 1890 2533 auch unerwünschte und für ihn völlig unnötige Gespräche, in die
731 2526 1876 2585 ihn aus Bosheit oder Schikane etwa ein Konkurrent verwickelt,
725 2570 1883 2627 zu bezahlen hat. Auch die Frage der Bezahlung der Fehl¬
718 2619 1673 2672 verbindungen ist noch nicht endgültig geklärt.
626 2667 692 2712 n.
802 2670 1882 2728 Es bestehr die Möglichkeit, daß mit der Einführung der
604 2706 702 2759 tag
721 2712 1883 2770 Zeitzählung für zur Nachtzeit geführte Lokal¬
593 2747 698 2799 fort
725 2768 1877 2816 gespräche dieselbe Ermäßigung eingeführt wird, die schon
724 2802 1880 2864 heute in der Zeit von 21 Uhr bis 7 Uhr für Ferngespräche in
579 2799 692 2886 loch
570 2850 910 2931 r zu 1 Kraft ist.
583 2915 697 2969 acht.
581 2959 697 3006 r im
796 2941 1790 3038 Forderung nach einer Erhöhung des
569 2997 704 3055 aues
1108 3008 1467 3086 Zuckerzolles.
577 3041 703 3093 ortes
587 3084 705 3131 rem
797 3090 1879 3138 In der gestrigen Sitzung des Nationalrates haben die Ab¬
588 3120 692 3176 ieb
724 3129 1890 3179 geordneten Dr. Buresch, Födermayr, Kroboth,
594 3155 705 3211 und
721 3168 1883 3216 Gangl, Dr. Wagner und Genossen einen Antrag auf Er¬
609 3202 697 3265 die
723 3214 1889 3255 höhung des Zuckerzolles eingebracht, in dem es unter anderm
723 3252 1885 3297 heißt: Während in der Kampagne 1926, 27 unversteuerter Zucker
714 3295 1887 3343 S. 78.84 erreichte und der Rübenpreis S. 5.— per 100 Kile¬
722 3334 1883 3403 gramm betrug, fiel der Preis in der Kampagne 1927/28 auf
718 3378 1883 3428 S. 61.18 und der Rübenpreis auf S. 4.24. In der Kampagne
727 3424 1889 3473 1928/29 erreicht zurzeit der Zuckerpreis einen Tiefstand von
728 3461 1881 3510 S. 56.50 und der Rübenpreis fällt damit auf S. 3.39; er wird
725 3503 1890 3547 nur durch den von der Zuckerindustrie dotierten Zollfonds auf
887 3548 1881 3593 gebracht. Hiebei besteht die Gefahr, daß bei einem
730 3586 1886 3628 weiteren Preisrückfall der Rübenpreis noch tiefer sinkt. Die
721 3625 1883 3672 Landwirtschaft hat in der Erwartung, daß sich der Zustand vom
732 3665 1887 3721 Jahre 1926 wieder herstellt, im Jahre 1928 neuerlich den
729 3701 1896 3764 Rübenbau vermehrt und ist nunmehr mit Recht von den größten
725 3746 1886 3790 Besorgnissen erfüllt. Bei den vorher angeführten Preisen ist es
725 3785 1892 3831 ausgeschlossen, daß der Rübenbau in der bisherigen Ausdehnung
723 3827 1883 3877 aufrechterhalten werden kann, da mit einem derartigen Rüben¬
722 3875 1876 3926 preis die Gestehungskosten für die Rübe nicht gedeckt erscheinen;
726 3915 1885 3963 anderseits ist die Zuckerindustrie nicht mehr in der Lage, bei
730 3954 1888 4006 einem Erlös von zirka S. 48.— per 100 Kilogramm Zucker die
721 3998 1300 4055 Produktion aufrech zuerhalten.
805 4038 1884 4087 Es wird der Antrag gestellt: Die Bundesregierung wird auf¬
730 4076 1889 4139 gefordert, den gegenwärtigen Einfuhrzoll für
725 4124 1881 4173 Zucker von 12 Goldkronen auf 18 Goldkronen
720 4162 1878 4218 per 100 Kilogramm Zucker zu erhöhen sowie den
717 4207 1883 4256 Einfuhrzoll für Rohzucker, welcher zur Umarbeitung in öster¬
1675 4232 1757 4288 H
1792 4245 1851 4279 1
1118 4246 1247 4288 Mr
2549 4180 3162 4263 c
