3392 4384
849 232 1323 342 box 37/4
130 234 865 360 2. Gutbings
1634 1447 2180 1530 19. , lage und schrerer
2447 1560 3311 1634 den das Leben mit offenen Augen in die
317 1550 1414 1629 Frau, die vor einem Galeriebilde („Die Frau mit
1659 1579 2205 1694 Die junge Exzellenz.
2444 1612 3090 1679 Erkenntnis niedergezwungen.
331 1620 1424 1696 dem Dolche"), dessen Geschichte sich ihr traumhaft
2543 1627 3315 1729 „Bravo!“ sagte die Herzogin, als
318 1675 1422 1763 enthüllt, stehend, den Mut zum Erlebnis findet,
1600 1667 2251 1767 Roman von Georg Hartwig.
2435 1691 3321 1767 zweite Akt beendei war. „Ihre Schuld ist
335 1737 926 1803 eine, die bewußt handelt.
2451 1758 3337 1841 wir jetzt nach der Fortführung dieses Gen
1768 1743 2451 1838 (68. Fortsetzung.) (Nachdruck verboten.)
422 1745 1419 1848 Letzte Weiterungen dieser Richtung, nicht zu¬
2459 1806 2984 1894 digst verlangen werden.“
326 1807 1412 1884 letzt die Verlogenheit unserer Moral werden in
1482 1822 2465 1903 Nach turzer, kinderloser Che war sie dem krän¬
2551 1843 3323 1921 „Em Hoheit sind sehr gnädig gegek
322 1866 1404 1939 dem Schauspiel „Das Vermächtnis“, der Komödie
1391 1882 2458 1949 kelnden Bruder die treueste Hüterin und Genossin
2464 1894 3332 1991 sagte Lina, das Buch auf den Tisch zurück¬
338 1923 1405 1992 „Zwischenspiel“, den Dialogen des „Reigen“ und
1391 1928 2466 1997 geworden. Wie eine Mutter wachte sie über seinem!
2549 1966 3317 2015 „Einen Moment müssen Sie uns
325 1958 1408 2059 einer Reibe seiner vorzüglichen Einakter („Leben¬
1394 1985 2462 2051 Wohlbefinden. Für nichts anderes mehr lebte sie
2442 1992 3328 2082 men“, fiel der Herzog mit gewinnender
334 2019 1409 2086 dige Stunden", „Literatur", „Die Gefährtin“,
1393 2038 1700 2116 als für ihn.
2442 2052 3315 2142 lichkeit ein. „'So erhitzt können wir Sie
333 2053 1411 2150 „Die Komtesse und der Familientag“) und einigen
1478 2065 2464 2154 Ein innigstes Band der Sympathie umschloß
2458 2109 2628 2189 lassen.“
344 2124 1413 2198 Noveletten („Die Frau des Weisen“, „Ein Ab¬
1399 2149 2462 2204 die Geschwister, wie verschieden auch der Grundton
2536 2130 3271 2230 Die Herzogin nickte beistimmend.
337 2165 1412 2238 schied", „Der Ehrentag", „Blumen“, „Die Toten
1407 2195 2467 2265 sein mochte, auf welchen ihre Seelen gestimmt wa¬
2537 2183 3331 2264 „Gewiß. Ruhen Sie zuvor. — Amc
338 2227 1402 2313 schweigen“ und „Der Tod des Junggesellen“) näher
1398 2247 3311 2311 ren. Gleiche Vorliebe für alles Gute und Schöne, nen Sie Ihren Nadeln immerhin noch ein
324 2279 621 2367 ausgeführt.
1395 2309 3212 2402 gleicher Hang zum Wohltun und allgemein nützlicher schweigen. Fräulein Winig wird Pla
445 2298 1416 2400 Daß mit dem Tode des unehelichen Kindes,
1403 2348 2463 2411 Verwendung großer Einkünfte, gleiche Abgeschlossen¬
2543 2356 3153 2422 „Ich habe da durch den Vor
336 2376 1430 2433 dem „Vermächtnis“ eines teueren Sohnes auch die
2462 2393 3127 2473 Herzog Franz, Lina mit lächel
339 2393 2467 2492 Zuneigung, ja selbst jede Rücksicht für dessen Mutter heit gegen alles Niedrige besaßen sie gemeinsam.
1398 2446 2465 2516 Nur daß die Charaktereigenschaft der Herzogin mit
2450 2452 3141 2529 rend, „ganz wunderliche Dinge v
332 2474 1418 2558 schwindet, ist eine nicht weiter zu bezweifelnde reali¬
2447 2511 3174 2589 welche die Herzogin sehr treffendeb
334 2505 2457 2599 stische Wahrheit, ebenso wie, daß zwischen Mann schroffer Energie anstrebte, was der Herzog in mil¬
2552 2560 3243 2639 „Über meine Absichten, nützlich
336 2545 2471 2655 Frau, wenigstens in den ersten Jahren keine der Beharrlichkeit schöner gewann. Sie war die Füh¬
341 2562 3317 2695 ec#e Freundschaft neben einer wahren Liebe de siende im Bunde. Und nicht sellen setzte sie ideale meinen Ew. Hoheit?“ fragte Lina beschei
328 2690 2884 2742 stehen kann. Mit diesem Motiv der feinsinnigennregungen ihres Bruders durch tatkräftige Ini=obne Verlegenheit.
2541 2684 3280 2788 „Ganz recht. Sie meinen, was Si
331 2707 2219 2786 „Zwischenspiel"=Komödie kontrastiert wirksam die kiative in wirksame Brauchbarkeit um.
1487 2747 3326 2825 Weit entfernt, das zu sein, was die Welt einenschen, zweifellos aufrichtig. Und Sie nehm
346 2774 1432 2851 verschlungene Kette in den Liebesbeziehungen zwi¬
1400 2799 3317 2873 schönen Mann zu heißen pflegt, bezeichnet der geist= den Standpunkt des besten Willens ein.
338 2821 1416 2900 schen Mann und Frau, wie sie im „Reigen“ ge¬
1411 2859 3290 2923 volle Schnitt seiner etwas leidenden Züge, wie der ich spreche jetzt zur Jugend, die so ger
339 2867 1418 2953 zogen erscheint. Es sind zwar hier just letzte Mo¬
334 2890 3326 2984 mente vor und nach der erotischen Erfüllung, die Ausdruck seiner allzeit forschenden Augen das rege Giganten glaubt — Sie sind nicht die erste,
339 2962 3323 3043 dem Tichter als Vorwurf dienen, doch ist darunf Geistesleben, in welchem der Herzog Ersatz fand für erste Mensch, der auszog, den Himmel den
334 3043 3318 3094 das leider oft mißverstandene, vielfach übelbeleu eine verkümmerte Jugendzeit. Jede Bewegung sei= heit zu stürmen, um bestenfalls die P
1385 3049 3320 3147 nes hageren Körpers war von vollkommenster Ruhe seinen Glauben bestanden zu haben? Es
336 3080 1385 3179 mundete Werk nichts weniger als pornographisch.
1406 3109 3330 3190 und Harmonie und kennzeichnete die seelische Aus=leinst ähnlich wie Ihnen ergangen. Desh#
708 3132 1054 3219 (Schluß folgt.)
1398 3164 2975 3256 geglichenheit und das Mitsicheins eines Mannes, lessiert mich Ihr Eifer.“
