3392 4352
859 217 1341 338 box 37/4
176 226 821 346 2. Guttings
2446 1363 3352 1442 det: Ministerprasident Freiherr von Dien
1391 1443 3354 1554 des Bandes „Dämmerseelen“ („Das Schicksal des Im „Weg ins Freie“ ist gleich wie
327 1356 1391 1613 Lase Fenilleton. %. 0
1409 1522 3353 1586 Freiherrn von Leisenbohg“, Die Weissagung!, mächtnis) und „Frau Berta Garlan“ das
1400 1572 3363 1651 „Das neue Lied", „Diemde" „Andreas dene oder nicht vorhandene Kind der Ben
383 1591 1372 1689 Porträts aus der literarischen Moderne.
1400 1620 3355 1702 Thameyers letzter Brief“) und den Einaktern der der Endereignisse. — Solange nicht die
771 1659 1008 1728 (Schluß.)
1413 1681 3361 1734 „Marionetten“ („Der Puppenspieler“. „Der tapfere nach einem Kinde von dem Geliebten hinz
435 1692 1420 1767 Ein gleichartiges Problem, doch im gegensätz¬
1403 1733 3354 1792 Kassian“, „Zum großen Wurstel"). Wie schon die ist 13 immer bloß eine sehnsüchtige Ann
339 1757 1418 1828 lichen Sinne behandeln die „Lebendigen Stunden“
1403 1777 3358 1862 Namen sagen, sind es im ersteren Falle ewig träu= der Weiblichkeit, wenn nicht das Dir#h
334 1811 1409 1878 und „Literatur". Hier gipfelt es in der Frage, was
1407 1826 3014 1908 mende Menschen, „Dämmerseelen“, denen das („Frau Berta Garlan.“)
339 1871 2474 1934 „mehr wert sei, „lebendige Stunden“ zu leben, oder Schicksa! jämmerlich genug zusetzt, sie eine lächerliche
2537 1880 3358 1947 Mit dem Tode des Kindes (im „V
332 1926 1418 1986 künstlerisch zu gestalten, ihnen Dauer zu verleihen.
1404 1925 2464 1992 Figur spielen läßt, ohne sie dies je ahnen zu lassen.
2452 1928 3352 2002 nis“) reißt auch das Band mit der Mutt
344 1955 1430 2038 Der Dichter, der sich mit Heinrich in „lebendigen
1493 1986 2475 2048 Die grotesk=burlesken Geschichten der „Däm¬
2456 1981 3359 2053 im Roman „Der Weg ins Freis“. Der an
343 2024 2471 2092 Stunden“ identifiziert, möchte zwar gerne dem merseelen“ finden eine Ergägzung in den „Mario¬
2456 2036 3352 2099 Künstler Georg von Wergenthin, der durch
339 2072 2470 2130 Künstler recht geben, doch fühlt auch er das Zwei= netten“, wo Naturen gezeigt werden, die die Dinge
2466 2082 3365 2163 Zeit ein Verhältnis mit dem hochachtbar#
324 2124 1422 2188 felhafte dieser Stellungnahme. Ist nicht jede Litera¬
1398 2126 2462 2199 zu beherrschen vermeinen und hiebei „Marionetten“
2449 2108 3352 2194 werten Mädchen, Anna Rosner, unterhalten
326 2176 1405 2235 tur in ihrem letzten Grunde Indiskretion an sich
1411 2181 2317 2240 in fremder Hand oder dem Schicksal sind.
2445 2174 3355 2246 nach mancherlei Abirrungen und der T#
332 2216 1414 2275 oder anderen? Verrat und Selbstve; wenn nicht
1491 2227 3356 2309 Ahnliche problematische Charaktere enthält das seines Sohnes endlich den „Weg ins Freie
368 2269 1409 2337 das Schlimmeres? Wird nicht das este in uns,
1405 2278 3352 2347 tiefsinnige Schauspiel „Der einsame Weg“, die sen= uns auch der Schluß keineswegs überzeugt
345 2331 1412 2399 in Worte oder sonstige Sinnfälligkeit gebracht, eine
1399 2330 3365 2397 sationell gewerdene Novelle „Leutnant Gustl“ und befriedigt. Andernteils ist letzterer Roman
348 2378 1239 2457 Entweihung oder bestenfalls Stückwerk?
1404 2385 3311 2459 Schnitzlers neuester roßer Roman „Der Weg ins sächlich der Judenfrage gewidmet, die
422 2400 1594 2481 Daß nicht jede Frau die „Gefährtin“ ihres Freie“.
2451 2436 3336 2507 allseitige, interessante Würdigung erfährt.
341 2458 1416 2543 Mannes sein kann, ist wohl ebenso einleuchtend. als
1483 2460 2472 2558 Julian Fichtners (im „Einsamen Weg“) späte
2533 2486 3357 2539 Mit den Tatsachen und Problem des
347 2533 2467 2593 die Weisheit jenes Mannes, dessen schweigendes Liebe zu seinem natürlichen Sohn Felix vermag
2460 2535 3355 2595 und Sterbens findet sich Schnitzler in den ##
345 2586 3359 2647 Perzeihen um seine Frau den Schein der Scheld ihn nicht vor dem „einsamen Weg“ auch im Alter] „Sterben“ und „Der Tod des Junggeselle
334 2619 3363 2694 hllt („Die Frau des Weisen.“) Die Feigheit un= zu bewahren, ungleich seinem Widerpart Stephan] Schausvielen „Der Schleier der Beatrice“ un
336 2676 1422 2751 eklaubter Liebe wird in „Ein Abschied“ und „Die
1404 2683 3362 2739 von Sala, einer aus Seelentiefen des Dichters ge= Ruf des Lebens“, dann in den Einaktern
340 2735 3355 2823 Toten schweien“ das Unedie in der Abwehr eines schöpften Gestalt, der selbstherrlich, ein starke: Masken“, „Paracelsus“ und „Der grüne #
329 2782 2572 2843 lästigen Nebenbuhlers in dem „Ehrentag“ gerichtet.] Egoist, als Vereinsamter zu leben und zu sterben ab.
338 2830 1548 2916 Die „Blumen“ führen wieder einen rührenden Ver-Iweiß.
2535 2822 3340 2900 Im „Sterben“ ist das Sichsträuben d
340 2875 1419 2945 such vor, verlorene Liebe zu gewinnen, während
1490 2865 3277 2957 Leutnant Gustls anfangliche Unehr' und gefühls gegen das Ende in erschütternder
340 2935 1418 3002 „Die Komtesse und der Familientag“ ein satyrisches
1400 2923 3299 2994 schließliche Befreiung durch eine merkwürdige Ausdruck gebracht. Im „Tod des Jun
339 2988 1406 3052 Bild aristokratischer Verhältnisse und Wechsei¬
1390 2986 3319 3056 Schicksalsfügung ist wohl nicht typisch, höchstens als die Grausamkeit und der Egoismus der Ste
322 3021 865 3116 beziehungen entwerfen.
1397 3033 3326 3105 ein spezieller Fall aufzufassen. Nicht unerwähnt In den „Letzten Masken“ wiederum das
435 3087 3330 3132 Die Kategorie der Halbwachen, vom Leben bleibe die hier, wie ähnlich auch in „Freiwild“ der Nichtigkeit alles Irdischen angesichts
338 3109 3357 3201 übertölpelten, zeichnet Schnitzler in den Novellen angeschnittene Frage des so vielbekämpften Duells. des. Die Schauspiele „Der Schleier der B
