3344 4320
204 217 1377 342 2. Guttings box 37/4
1393 1689 3350 1792 großen Freunde Hugo von Hoffmannsthal, dessen liers, und tauschen so ein Leben für einen
2445 1744 3342 1808 Traum des Glückes. Die süße Idylle d
2408 1771 2467 1826 1
1397 1756 2430 1852 Befähigung allerdings mehr im Lyrischen liegt.
298 1749 1140 1892 2 Feuilleton.
1477 1784 3351 1871 Er hat die bohrende Psychologie und Breit= Paare Fritz=Christine, Mizi=Theodor ende
1091 1807 1264 1901 2e¬
1381 1841 3347 1951 spurigkeit eines d'Annunzio, auf welcher gleichwie dings beim ersteren Paare mit dem Tode
371 1869 1373 1984 Porträts aus der literarischen Moderne.
1383 1890 3359 1973 beim Italiener seine Hauptstärke beruht. Allein er im Duell, allein um einer anderen Frau wi
1390 1965 2847 2036 steht kunstmoralisch höher als dieser, während jener die man „stirbt".
583 1952 1138 2055 I. Artur Schnitzler
2543 1973 3362 2057 In dem Romane „Frau Berta Garla
1408 2010 2478 2085 in seinen Werken nicht selten von einer geradezu
422 1996 1415 2105 Die Beurteilung  Dichters söte wie die
2449 2028 3290 2117 Schauspielen „Freiwild", „Märchen“.
339 2059 2470 2171 über alle Zeitgenossen naturgemäß auf große schamlosen Indiskretion (Francesco da Rimini,
2468 2080 3360 2158 „Schleier der Beatrice“ und dem Einakt
1395 2107 2269 2199 Trionfo della Morte, Il fuoco usw.) ist.
335 2125 1412 2225 Schwierigkeiten. Gilt er doch für einen der bedeu¬
2466 2146 3359 2208 Frau mit dem Dolche“ zeichnet er den Ty
1491 2152 2465 2233 Schnitzlers Verständnis für das Seelische im
342 2170 1428 2269 tendsten, ja nach dem Abgange Bahrs nach Berlin
2468 2193 3361 2269 sich nach Liebe sehnenden, erwachenden Wei
1401 2209 2467 2287 Menschen macht ihn, den tiefblickenden, gewiegten
336 2224 1414 2326 oft für den hervorragendsten des Wiener Literaten¬
2480 2248 3350 2307 — Frau Berta Garlan ist so eine nach Li
1403 2265 2470 2337 Arzt, zu einem Psychologen ersten Ranges, und
344 2285 1418 2358 kreises, als ein Künstler, der in vollster Schaffens¬
2457 2294 3361 2361 langende Frau, die zwar irrt, jedoch bald i
1403 2311 2461 2397 zwar unterschiedlich zum großen Seelenverkünder
334 2344 1408 2418 kraft steht, demgegenüber daher das Urteil seiner¬
2459 2348 3356 2413 fehlung und die Brutalität des Mannes
1415 2366 2477 2440 Shakespeare, der Ewigkeitstypen aufgestellt (Ham¬
338 2383 1412 2486 zeit, als zu wenig distanziert, noch schwankend, un¬
2465 2395 3358 2459 ihre eigentliche Bestimmung im engen K
1408 2415 2474 2491 let, Othello, Macbeth, Falstaff, Romeo und Julie
339 2434 1416 2527 sicher sein muß. Davon abgesehen, daß überhaupt
2462 2442 3359 2515 Familie erkennt. In „Freiwild“ wird al
355 2459 2475 2565 die Moderne, insonderheit die Wiener Moderne, uff.), zum Präger der Klein=, der Momentpsycho¬
2464 2476 3354 2564 der Übelstand gegeißelt, der die Schauspiel
1413 2534 1569 2607 logie.
339 2528 1417 2605 diese meist überreizte feine Nervenkunst, die uns
2475 2545 3342 2617 im Mittelpunkt des öffentlichen Interess
1493 2537 2474 2641 So brachte er im köstlichen Einakterzyklus
352 2582 1430 2677 so häufig an die gleichzeitige französische Schule
1415 2591 3348 2692 „Anatol“ und dem reizenden Schauspiele „Liebelei“ nur zu häufig zum allgemeinen, rechtlosen
363 2639 1421 2717 (Maupassant, Rostand, Baudelaire, Verlaine usw.)
1412 2646 3360 2741 das Wiener „süße Mädel“ zur gefälligen Darstel= objekt werden läßt, dieser Art auch Starke
352 2685 1426 2773 gemahnt, noch von viel zu wenigen verstanden wor¬
1423 2692 3358 2792 lung. Im ersteren Werke ist es immer wieder der oder ins Elend bringt. Dagegen ist im „2
351 2742 1425 2822 den ist oder vielmehr verstanden werden wollte.
1410 2741 3361 2846 liebenswürdige, so junge Schwerenöter Anatol, der die Ungerechtigkeit des Mannes, selbst eines
353 2788 1424 2877 Man erinnere sich nur an das anfängliche Schicksal
1428 2801 3359 2888 Abenteuer und kleinliche Enttäuschungen mit Charakters, wie Fedor Demer es ist, an de
362 2838 1433 2918 eines Hoffmannsthal, Beer=Hoffmann, Salten,
1426 2843 3362 2949 Frauen aller Art erlebt, um endlich, selbst knapp ger gestellt, der trotz aller liberalen Theore
356 2897 1290 2988 Langmann oder gar Saar, David u. v. a.
2472 2899 3320 2978 über eine seinerzeitige Verfehlung der
1416 2904 2496 2996 vor seinem „Hochzeitsmorgen“, spielerisch=leicht¬
455 2912 1423 3006 Was die literarische Eigenart Schnitzlers be¬
2473 2949 2957 3036 hinwegkommen kann.
1423 2963 2482 3054 sinnig wie stets, noch eine letzte Liebesepisode aus¬
370 2988 1434 3070 trifft, so sind sein Gebiet die Beziehungen von
2570 2969 3360 3080 Einer der merkwürdigsten Frauenc
370 3012 2498 3121 Mensch zu Mensch, Mann und Frau in all ihrer zukosten. Im Gegensatz zu „Anatol“, den Episoden
2484 3043 3344 3113 man könnte meinen die Quintessenz aller
370 3069 2478 3169 Vielgestaltigkeit, besonders ihre schwankenden Gren= einer wachen Jugend und Schilderung allerlei leicht¬
2466 3097 3359 3172 keit, ist in „Beatrice“ enthalten, jenem
370 3115 2486 3228 zen: das Unausgesprochene, mehr oder weniger lebiger Frauennaturen, ist der Dreiakter „Liebelei“
373 3149 3347 3284 Unbewußte, Verborgene. Aus diesem Streben undl so recht das Drama des „süßen Mädels“ gewor= Kinde, das schuldig=unschuldig, spielend L#
1426 3196 3328 3287 den, jener gutherzigen, naiven, liebe=innigen Ge= Liebe gegenübersteht. (Vergleiche die 2
370 3241 1436 3336 Schaffen schöpfte er die Stimmungen und Reizun¬
1421 3243 3337 3339 schöpfe aus dem Mittelstande. Sie opfern ihr mit Grillparzers „Jüdin von Toledo“.)
363 3285 1443 3380 gen, man könnte sagen, die Wahrheiten des Augen¬
362 3297 3347 3439 blickes, deren großer Meister er ist, ähnlich seinem Bestes, ihre Ehre, der flüchtigen Laune eines Kava= tricens Wesen unwissend, erkennen wir daf
2272 3421 2631 3528 A
