3392 4352
1392 186 1850 283 box 14/8
664 194 1279 258 ruene Kakadu
192 196 585 281 9. 3. Der
428 216 1275 300 Der grache Kakauu
1157 1066 1353 1143 S
2831 1069 2909 1151 1
596 1128 3347 1211 Kgl. Residenztheater. sie überfluthete, bricht der Wahnsinn aus und sie kann aushülfsweise in mehr oder minder
1415 1177 2606 1254 sich die Nacht über nicht von dem Leichnam trennen, der
2580 1182 3356 1250 schäftigt wird, von jeher für ein stark
308 1190 1439 1267 Aufführung der Litterarischen Gesellschaft.
1440 1230 2589 1288 in ihren Armen erkaltet. Auf dieser Vorgeschichte ist der
2585 1243 3353 1296 war aber doch überrascht, mit welchem
368 1256 1445 1323 um. Die Freien Bühnen, Litterarischen Gesellschaften
1442 1265 2591 1325 Einakter aufgebaut. Die Wahnsinnige lebt auf einer ein¬
2580 1288 3359 1357 und oratorischer Vollendung unste
257 1277 1440 1362 Xund wie sie sonst heißen, haben sich's hier wie anderwärts
1438 1310 2587 1366 samen Villa mit ihrer Schwester, der Pflegerin und dem
2587 1324 3347 1385 sinnige spielte. Den Eindruck des
270 1342 1446 1402 zur Aufgabe gesetzt, Dramen, die aus irgend einem Grunde
1438 1352 2591 1416 Arzt, die Alle ängstlich Sorge tragen, daß nicht einmal
2580 1370 3348 1416 das Stück bei der römischen Premiere
284 1377 1445 1451 auf den ständigen öffentlichen Bühnen nicht zur Auf¬
1443 1404 2581 1461 eine rothe Rose unter dem üppigen Flor von Frühlings¬
2586 1400 3354 1475 ausgeübt hat, habe ich nicht empfangen
274 1418 1450 1502 führung gelangen können, einem geladenen Publikum vor¬
1434 1441 2587 1499 blumen sich finde, um das Entsetzen der Wahnsinnigen vor
2583 1441 3347 1503 schütternden. Frl. Schwarz wurde
285 1465 1442 1544 zuführen. Da in der Regel aber alles, was einigermaßen
1440 1477 2590 1545 Blut fernzuhalten. Nichtsdestoweniger kommen sie auf die
2588 1481 3363 1552 Brünner, Giesecke und Schwa#
274 1495 1443 1576 von der Bühne herab wirksam ist, von unsern Theatern
1438 1530 2591 1589 thörichte Idee, den Bruder des Ermordeten der nach jener
2587 1533 3359 1593 leise sprach, und den HH. Schneid
276 1548 1452 1627 auch aufgeführt wird, kommen derlei Gesellschaften von
1437 1564 3357 1633 blutreichen Nacht Isabellen den Leichnam aus den Armen ge=wirksam unterstützt. Das Publikum na
280 1591 1441 1669 vornherein in Gefahr, mehr Nieten als Treffer zu bieten.
1431 1612 3340 1682 nommen, nach längerer Zeit ihr vor Augen zu bringen, um sie  literarische Experiment mit getheilten
275 1651 2592 1717 Unter der früheren Leitung der Münchener Litterarischen dadurch zum Bewußtsein zurückzuführen! Natürlich fällt der
2573 1665 3352 1726 es wurde ebenso stark applaudirt wie
272 1693 2604 1765 Gesellschaft entsinne ich mich in der That eigentlich nur Unseligen die furchtbare Nacht mit allen Einzelheiten ein
2655 1707 3362 1773 Der zweite-Einakter,Mein
273 1731 2586 1803 eines Treffers, einer interessanten literarischen That: der und damit ist — für die große Schauspielerin (die Duse)
2582 1725 3319 1804 v. Scholz, wurde überhaupt zum ei
275 1777 2596 1852 Aufführung von Tolstoi's „Macht der Finsterniß“, denn gesorgt: sie kann nun auf die heiter kindliche Frühlings¬
2583 1785 3366 1844 Er ist im Aprilheft der hier heraus
271 1816 2607 1893 die verunglückte Umdichtung und vermeintliche Neubelebung stimmung hin in schönem Kontrast die „aufgelösten Haare
2584 1833 3360 1897 schrift für Literatur und Kritik „Fr
276 1854 2585 1928 von Shakespeare's „Troilus und Cressida“ wird man doch mit Blut aneinanderkleben lassen!“ — Die Duse gab die
2581 1887 3360 1937 Die Aufnahme dieses Stückes war wei
263 1899 1454 1961 wohl nicht als eine fruchtbare That, als einen Erfolg an¬
1437 1913 2593 1969 tragende Rolle vor zwei Jahren zum ersteumal in Rom,
2578 1916 3353 1969 lich von Seite der Jugend; es ist
268 1941 1440 2009 erkennen können. Die neue Leitung der Gesellschaft ist
1440 1956 2585 2030 der Erfolg war ein rein persönlicher der großen Künst¬
2586 1953 3357 2025 werth als die beiden anderen. Auch
283 1987 3359 2069 bedeutend glücklicher gewesen. Sie wählt mit mehr Ge=lerin. In der That ist der „Traum eines Frühlings=kaum etas anderes als eine garn
276 2030 1452 2091 schmack und ist minder offensiv in ihrer Auswahl. Ein
1435 2040 3355 2106 morgen“, welcher Titel in schneidendem Kontrast zum zwar des Bibliothekars Dr. Berg, der
271 2074 2588 2141 besonders kluger Coup ist es aber, im Residenztheater schaurigen Inhalt steht, kaum viel mehr als eine Soloscene
2588 2100 3363 2158 und ein stigen Schüler einer revolutio
275 2110 2592 2183 von Hofschanspielern Stücke aufführen zu lassen, die dann für die Darstellerin der Wahnsinnigen. Man muß von
2580 2133 3362 2188 entlassei und in Abschiedsaudienz en
286 2164 2595 2233 i#n den Spielplan dieser Bühne übergehen können. Die allen alten und berechtigten Forderungen des Dramas
2576 2186 3355 2240 glänzende Rede über seine Geschichtsau
281 2190 1454 2270 Gesellschaft übernimmt dadurch die Wahl und sozusagen
1438 2212 2587 2266 absehen, um sich an der gluthvollen Poesie der Natur¬
2581 2223 3356 2280 des auf Abwege gerathenen Fürsten in
381 2246 452 2296 P
566 2246 1448 2323 und die Höfbühne kommt auf diese Weise
1422 2251 2594 2316 schilderung, an den reichen malerischen Effekten und an
2583 2256 3355 2326 Es ist dies beiläufig die Auffassung
263 2271 535 2344 bequem zu
575 2281 950 2341 pdar Novitäten.
1432 2295 2593 2363 der feinen Beobachtung psychiatrischer Vorgänge genügen
2578 2306 3357 2368 Professor K. G. Lamprecht in seinen
359 2332 1440 2392 Am Samstag wieden drei hier noch unbekannte Ein¬
1440 2349 2593 2405 zu lassen. All dies, zumal die Musik der Sprache,
2587 2341 3370 2403 neue Richtungen in der Geschichtswissen
1583 2377 1711 2417 #u
266 2375 1446 2432 akter aufgeführt die heute wiederholt werden, von denen
1439 2384 2588 2447 tritt natürlich im italienischen Original weit mehr zutage
2572 2398 3359 2455 in seiner „Deutschen Geschichte“ mit Ei
272 2403 952 2466 aber, wie es scheint, nur eines
1026 2414 1438 2483 Spielplan übergehen
1428 2428 2596 2492 als in der deutschen Uebertragung, deren Antor nicht ge¬
2586 2433 3362 2498 fassung, daß es nur nationale „Unterströn
264 2453 2592 2535 soll. Den Anfang machte Gabriele d Annungio's „Traum nannt war. Wir hören, es sei Ludwig Ganghofer,
2573 2481 3367 2542 „Geschichte machen“. Diese Ansicht ha
270 2485 1404 2565 eines Frühlingsmorgens“ (Sogno diun matte
1499 2512 2587 2583 Vorstand der Gesellschaft, und gratuliren, denn es
2574 2536 3361 2588 für den ersten Moment etwvas bestech
276 2543 1391 2609 di primavera). Die nicht durchaus klare Handlung, o#
1488 2569 3370 2633 ihm wunderbar gelungen, die Poesie, ja fast auch schwer verständlich, wie man im Zeita
270 2582 1457 2673 mehr in der Vorgeschichte des Dramas liegt, hat Julius
1435 2577 3358 2659 den musikalischen Reiz dieser reinen Stimmungsdichtung der doch Geschichte gemacht hat wie kaum
273 2624 3360 2703 v. Werther erst kürzlich in unsrer „Beilage“ (Nr. 40) wie in unser geliebtes Deutsch herüber zu retten. Diese bewußten Gegensatz zu der in den That
263 2667 1863 2752 folgt erzählt: „Der Donna Isabella ist der Liebhaber s eine Ueberraschung
1930 2678 2525 2756 Ganghofer als Uebersetzer
2557 2689 3344 2753 besser begründeten individualistischen?
270 2709 3357 2790 neben ihr im Bett vom Herzog (der Dichter lußt im wurde von einer anderen unterstützt: Frl. Schwarzssetzen kann. Gut, ja meisterhaft vorg#
262 2751 3353 2847 Dunkeln, ob der Herzog ihr Gemahl war) erstochen worden. in einer Luse=Rolle, als Wahnsinnige. Ich habe zwarlich die Scholz'sche Apologie durch Hrn
276 2793 3356 2850 Als der heiße Blutstrom aus dem Munde des Ermordeten kunsre ehemalige Raive, die schon lange fast nur mehr den Bibliothekar in einer prächtigen
250 3207 1410 3287 Pension. 130 komfortable Zimmer, elektrisch beleuchtet.
264 3256 1387 3331 Neueste Badeanstalt, unvergleichliche Wellenbäder.
375 3300 1391 3369 Prospekte frei, durch den Besitzer J. H. Kuntz. (5127)
1061 3340 1432 3417 bilden vorzugsweise
250 3350 1415 3455 bewinnbringende Anlage die Aetien erstere
314 3420 1281 3503 Goldminengesellschaften,
293 3473 996 3540 Sachgemäßen Rath und Auskunft ertheilt
1215 3495 1391 3548 (12298)
248 3518 1417 3597 K. L. Sadezky, Bankgeschäft, München, Bahnhofplatz7.
253 3559 1413 3642 ratisversand informirender Wochenberichte an Interessenten.
824 3624 1401 3701 Spezialabthellung für Loden,
250 3624 1224 3723 M. Ambrunn, n# #
