<?xml version="1.0" encoding="UTF-8" standalone="yes"?>
<PcGts xmlns="http://schema.primaresearch.org/PAGE/gts/pagecontent/2013-07-15" xmlns:xsi="http://www.w3.org/2001/XMLSchema-instance" xsi:schemaLocation="http://schema.primaresearch.org/PAGE/gts/pagecontent/2013-07-15 http://schema.primaresearch.org/PAGE/gts/pagecontent/2013-07-15/pagecontent.xsd">
    <Metadata>
        <Creator>prov=University of Rostock/Institute of Mathematics/CITlab/Gundram Leifert/gundram.leifert@uni-rostock.de:name=ONB_Newseye_GT_M1+(htr_id=10810)::::v=2.4.2
prov=University of Rostock/Institute of Mathematics/CITlab/Tobias Gruening/tobias.gruening@uni-rostock.de:name=de.uros.citlab.module.baseline2polygon.B2PSeamMultiOriented:v=2.4.2
prov=University of Rostock/Institute of Mathematics/CITlab/Tobias Gruening/tobias.gruening@uni-rostock.de:name=/mnt/transkribus/LA/DEA/URO/LA_news_onb_att.pb:de.uros.citlab.segmentation.CITlab_LA_ML:v=2.4.2
Transkribus</Creator>
        <Created>2019-10-07T11:41:34.262+02:00</Created>
        <LastChange>2019-10-08T16:31:26.321+02:00</LastChange>
        <TranskribusMetadata docId="223987" pageId="9502437" pageNr="100" tsid="16601214" status="IN_PROGRESS" userId="40391" imgUrl="https://files.transkribus.eu/Get?id=MWOVDOAIKZWLHJARLGYRDSTK&amp;fileType=view" xmlUrl="https://files.transkribus.eu/Get?id=VHIMQABQPYZMNHBGKHQWYZCI" imageId="6192655"/>
    </Metadata>
    <Page imageFilename="223987_0100.jpeg" imageWidth="3436" imageHeight="4320">
        <ReadingOrder>
            <OrderedGroup id="ro_1711447295573" caption="Regions reading order">
                <RegionRefIndexed index="0" regionRef="r1"/>
            </OrderedGroup>
        </ReadingOrder>
        <TextRegion orientation="0.0" id="r1" custom="readingOrder {index:0;}">
            <Coords points="220,214 220,3808 2636,3808 2636,214"/>
            <TextLine id="r1l1" custom="readingOrder {index:0;}">
                <Coords points="1413,252 1469,268 1522,252 1588,262 1611,243 1860,249 1860,194 1773,168 1731,184 1665,170 1611,207 1568,181 1531,197 1460,174 1414,190"/>
                <Baseline points="1424,236 1450,236 1477,236 1503,237 1530,237 1556,237 1583,238 1609,238 1636,238 1662,239 1689,239 1715,239 1742,239 1768,238 1795,238 1821,237 1848,235"/>
                <TextEquiv>
                    <Unicode>box 15/2</Unicode>
                </TextEquiv>
            </TextLine>
            <TextLine id="r1l2" custom="readingOrder {index:1;}">
                <Coords points="965,247 1002,255 1230,247 1274,256 1273,180 1236,171 1224,183 1194,181 1176,198 1139,196 1126,208 1086,176 1027,193 964,178"/>
                <Baseline points="976,244 1002,243 1028,243 1054,242 1080,242 1106,241 1132,240 1158,240 1184,239 1210,239 1236,240 1263,241"/>
                <TextEquiv>
                    <Unicode>Kakadu</Unicode>
                </TextEquiv>
            </TextLine>
            <TextLine id="r1l3" custom="readingOrder {index:2;}">
                <Coords points="639,258 682,262 742,247 781,258 958,251 958,200 916,205 877,185 859,199 799,205 769,189 753,205 686,197 638,216"/>
                <Baseline points="649,243 676,244 703,245 730,245 757,244 784,244 811,243 838,242 865,242 892,241 919,241 947,241"/>
                <TextEquiv>
                    <Unicode>gruene</Unicode>
                </TextEquiv>
            </TextLine>
            <TextLine id="r1l4" custom="readingOrder {index:3;}">
                <Coords points="449,253 523,253 546,259 562,253 583,259 608,250 605,202 593,203 587,210 572,199 549,196 540,204 531,197 506,204 475,182 445,182"/>
                <Baseline points="461,251 487,247 514,245 541,244 568,243 595,241"/>
                <TextEquiv>
                    <Unicode>Der</Unicode>
                </TextEquiv>
            </TextLine>
            <TextLine id="r1l5" custom="readingOrder {index:4;}">
                <Coords points="209,271 1269,297 1270,233 566,249 460,243 380,188 210,188"/>
                <Baseline points="220,241 271,247 323,254 375,258 427,262 479,265 531,267 583,269 635,269 687,270 739,270 790,269 842,268 894,267 946,266 998,265 1050,264 1102,263 1154,262 1206,261 1258,261"/>
                <TextEquiv>
                    <Unicode>9.3 S  n anan un </Unicode>
                </TextEquiv>
            </TextLine>
            <TextLine id="r1l6" custom="readingOrder {index:5;}">
                <Coords points="761,607 2624,647 2625,564 2535,551 762,563"/>
                <Baseline points="774,599 870,603 967,605 1064,608 1161,610 1257,611 1354,613 1451,614 1548,615 1645,615 1741,616 1838,617 1935,618 2032,618 2129,619 2225,620 2322,621 2419,622 2516,624 2613,626"/>
                <TextEquiv>
                    <Unicode>zuoger. Lrrensgroße hingematten Franen eine; halt er sie, auf drei Handen stehend, mit der</Unicode>
                </TextEquiv>
            </TextLine>
            <TextLine id="r1l7" custom="readingOrder {index:6;}">
                <Coords points="766,666 1686,659 1673,617 767,607"/>
                <Baseline points="777,642 821,645 866,646 911,648 956,649 1001,650 1046,651 1091,652 1136,653 1181,653 1226,654 1270,654 1315,654 1360,655 1405,655 1450,655 1495,656 1540,656 1585,657 1630,657 1675,658"/>
                <TextEquiv>
                    <Unicode>viel größere „Tat“ bedeutet. Denn die hier an¬</Unicode>
                </TextEquiv>
            </TextLine>
            <TextLine id="r1l8" custom="readingOrder {index:7;}">
                <Coords points="1690,658 2621,680 2621,648 2578,634 2444,623 1690,630"/>
                <Baseline points="1700,660 1745,660 1790,659 1836,659 1881,660 1927,660 1972,661 2018,661 2063,662 2109,663 2154,664 2199,665 2245,666 2290,667 2336,667 2381,668 2427,668 2472,668 2518,668 2563,667 2609,666"/>
                <TextEquiv>
                    <Unicode>i vierten weit von sich ab, um sie mit der Be¬</Unicode>
                </TextEquiv>
            </TextLine>
            <TextLine id="r1l9" custom="readingOrder {index:8;}">
                <Coords points="768,700 1649,715 1700,702 1701,635 1530,678 769,664"/>
                <Baseline points="780,690 825,691 870,692 916,693 961,695 1007,696 1052,697 1097,698 1143,699 1188,700 1234,701 1279,701 1324,702 1370,703 1415,703 1461,704 1506,704 1551,704 1597,704 1642,704 1688,703"/>
                <TextEquiv>
                    <Unicode>gewandten Farbenmassen auch nur so auf die</Unicode>
                </TextEquiv>
            </TextLine>
            <TextLine id="r1l10" custom="readingOrder {index:9;}">
                <Coords points="1689,726 1963,707 2465,735 2628,721 2629,680 1690,668"/>
                <Baseline points="1701,705 1746,705 1792,706 1838,706 1884,707 1930,707 1975,708 2021,709 2067,709 2113,710 2159,710 2204,711 2250,712 2296,713 2342,713 2388,714 2433,715 2479,716 2525,716 2571,717 2617,717"/>
                <TextEquiv>
                    <Unicode>dächtigkeit des Denkers zu betrachten, der gewohnt</Unicode>
                </TextEquiv>
            </TextLine>
            <TextLine id="r1l11" custom="readingOrder {index:10;}">
                <Coords points="762,763 985,739 1691,758 1692,710 763,701"/>
                <Baseline points="774,738 819,738 864,739 909,740 955,741 1000,741 1045,743 1091,744 1136,745 1181,746 1227,747 1272,748 1317,749 1362,750 1408,750 1453,750 1498,750 1544,750 1589,749 1634,748 1680,747"/>
                <TextEquiv>
                    <Unicode>Fläche zu übertragen, daß sie nicht als Chaos</Unicode>
                </TextEquiv>
            </TextLine>
            <TextLine id="r1l12" custom="readingOrder {index:11;}">
                <Coords points="1695,762 2603,771 2625,727 1696,707"/>
                <Baseline points="1707,751 1752,751 1797,751 1842,751 1888,752 1933,752 1978,753 2024,754 2069,754 2114,755 2160,756 2205,756 2250,757 2295,758 2341,758 2386,759 2431,759 2477,760 2522,760 2567,760 2613,760"/>
                <TextEquiv>
                    <Unicode>ist, jeder Sache auf den Grund zu gehen. Wenn</Unicode>
                </TextEquiv>
            </TextLine>
            <TextLine id="r1l13" custom="readingOrder {index:12;}">
                <Coords points="766,791 1688,810 1688,755 1551,741 766,757"/>
                <Baseline points="777,783 822,783 867,783 912,783 957,783 1002,784 1047,784 1092,785 1137,786 1182,787 1227,788 1272,788 1317,789 1362,790 1407,791 1452,792 1497,792 1542,793 1587,794 1632,794 1677,794"/>
                <TextEquiv>
                    <Unicode>wirken, sondern die gewollte Absicht des Malers</Unicode>
                </TextEquiv>
            </TextLine>
            <TextLine id="r1l14" custom="readingOrder {index:13;}">
                <Coords points="1689,802 2588,823 2639,810 2640,752 2400,774 1690,749"/>
                <Baseline points="1702,797 1748,797 1794,797 1840,797 1887,798 1933,798 1979,799 2026,799 2072,800 2118,800 2165,801 2211,802 2257,803 2303,803 2350,804 2396,805 2442,805 2489,806 2535,807 2581,807 2628,808"/>
                <TextEquiv>
                    <Unicode>Der gelehrte Gestus des Anthropomorphen bei</Unicode>
                </TextEquiv>
            </TextLine>
            <TextLine id="r1l15" custom="readingOrder {index:14;}">
                <Coords points="767,835 1692,854 1692,810 1631,793 1598,815 1453,790 768,798"/>
                <Baseline points="778,825 823,826 868,828 913,829 958,830 1003,831 1048,832 1094,833 1139,834 1184,835 1229,836 1274,836 1319,837 1364,838 1410,838 1455,839 1500,839 1545,840 1590,841 1635,841 1681,842"/>
                <TextEquiv>
                    <Unicode>immerhin deutlich erkennen lassen, ist schon eine</Unicode>
                </TextEquiv>
            </TextLine>
            <TextLine id="r1l16" custom="readingOrder {index:15;}">
                <Coords points="1697,845 2620,855 2620,809 2545,803 1698,806"/>
                <Baseline points="1708,841 1753,841 1798,841 1843,841 1888,841 1933,842 1978,842 2023,843 2068,843 2113,844 2158,845 2203,845 2248,846 2293,847 2338,848 2383,849 2428,850 2473,852 2518,853 2563,854 2609,856"/>
                <TextEquiv>
                    <Unicode>einzelnen Beschauern auch Heiterkeit erregen mag,</Unicode>
                </TextEquiv>
            </TextLine>
            <TextLine id="r1l17" custom="readingOrder {index:16;}">
                <Coords points="759,866 1105,903 1142,878 1683,897 1683,849 1617,841 759,843"/>
                <Baseline points="770,871 815,873 860,874 905,875 950,876 995,877 1040,878 1085,879 1130,879 1175,880 1221,881 1266,881 1311,882 1356,882 1401,883 1446,883 1491,883 1536,884 1581,884 1626,884 1672,885"/>
                <TextEquiv>
                    <Unicode>Arbeit, die nicht zu unterschätzen ist. Aber eben</Unicode>
                </TextEquiv>
            </TextLine>
            <TextLine id="r1l18" custom="readingOrder {index:17;}">
                <Coords points="1695,900 2590,910 2629,906 2630,853 1696,845"/>
                <Baseline points="1706,889 1751,889 1797,889 1842,889 1888,889 1933,889 1979,890 2024,890 2070,891 2115,892 2161,893 2207,894 2252,894 2298,895 2343,896 2389,896 2434,897 2480,898 2525,898 2571,898 2617,898"/>
                <TextEquiv>
                    <Unicode>so ergibt sich diese eben nur aus unserer eigenen</Unicode>
                </TextEquiv>
            </TextLine>
            <TextLine id="r1l19" custom="readingOrder {index:18;}">
                <Coords points="760,919 1692,939 1692,895 1586,884 761,882"/>
                <Baseline points="772,919 817,920 862,921 908,921 953,922 999,923 1044,924 1090,924 1135,925 1181,925 1226,926 1271,927 1317,927 1362,928 1408,928 1453,929 1499,930 1544,930 1590,931 1635,931 1681,932"/>
                <TextEquiv>
                    <Unicode>doch nur Arbeit. Das Kunstwerk aber darf den</Unicode>
                </TextEquiv>
            </TextLine>
            <TextLine id="r1l20" custom="readingOrder {index:19;}">
                <Coords points="1689,952 2602,964 2628,962 2629,909 1690,906"/>
                <Baseline points="1700,936 1745,936 1791,936 1837,936 1883,936 1929,936 1974,937 2020,938 2066,939 2112,940 2158,941 2203,942 2249,943 2295,944 2341,945 2387,946 2432,946 2478,947 2524,947 2570,947 2616,947"/>
                <TextEquiv>
                    <Unicode>anmaßlichen Neigung, alles lächerlich zu finden,</Unicode>
                </TextEquiv>
            </TextLine>
            <TextLine id="r1l21" custom="readingOrder {index:20;}">
                <Coords points="765,978 1476,973 1683,1001 1665,936 766,925"/>
                <Baseline points="777,969 821,968 866,969 911,969 955,969 1000,969 1045,969 1089,970 1134,970 1179,971 1224,971 1268,972 1313,973 1358,974 1402,974 1447,975 1492,976 1536,977 1581,977 1626,978 1671,979"/>
                <TextEquiv>
                    <Unicode>Beschauer die Mühen des Schaffens auch nicht</Unicode>
                </TextEquiv>
            </TextLine>
            <TextLine id="r1l22" custom="readingOrder {index:21;}">
                <Coords points="1691,997 2609,1003 2626,961 1692,951"/>
                <Baseline points="1704,981 1749,981 1794,981 1840,981 1885,982 1931,982 1976,983 2022,983 2067,984 2113,985 2158,986 2203,986 2249,987 2294,988 2340,989 2385,990 2431,991 2476,992 2522,992 2567,993 2613,994"/>
                <TextEquiv>
                    <Unicode>was in den Tier- und insbesondere in den Be¬</Unicode>
                </TextEquiv>
            </TextLine>
            <TextLine id="r1l23" custom="readingOrder {index:22;}">
                <Coords points="760,1008 1682,1027 1682,1002 1572,978 760,979"/>
                <Baseline points="771,1016 816,1016 861,1016 906,1016 951,1016 996,1016 1041,1017 1086,1017 1131,1018 1176,1018 1221,1019 1266,1019 1311,1020 1356,1020 1401,1021 1446,1022 1491,1022 1536,1023 1581,1023 1626,1024 1671,1024"/>
                <TextEquiv>
                    <Unicode>entfernt ahnen lassen für diesen muß das Kunst¬</Unicode>
                </TextEquiv>
            </TextLine>
            <TextLine id="r1l24" custom="readingOrder {index:23;}">
                <Coords points="1692,1036 2637,1060 2638,1008 1693,976"/>
                <Baseline points="1704,1025 1750,1025 1796,1026 1842,1026 1888,1027 1934,1027 1980,1028 2026,1028 2072,1029 2118,1030 2164,1030 2210,1031 2256,1032 2302,1033 2348,1033 2394,1035 2440,1036 2486,1037 2532,1038 2578,1039 2625,1040"/>
                <TextEquiv>
                    <Unicode>wegungen des Affen an menschlich Art erinnert,</Unicode>
                </TextEquiv>
            </TextLine>
            <TextLine id="r1l25" custom="readingOrder {index:24;}">
                <Coords points="754,1057 1676,1084 1677,1028 1201,1032 1171,1004 1118,1034 755,1027"/>
                <Baseline points="766,1059 811,1059 856,1060 901,1060 946,1061 991,1061 1036,1062 1081,1063 1126,1064 1171,1064 1216,1065 1261,1066 1306,1066 1351,1067 1396,1067 1441,1067 1486,1068 1531,1068 1576,1067 1621,1067 1666,1067"/>
                <TextEquiv>
                    <Unicode>werk vielmehr eine Art Geschenk sein einer Gott¬</Unicode>
                </TextEquiv>
            </TextLine>
            <TextLine id="r1l26" custom="readingOrder {index:25;}">
                <Coords points="1690,1068 2561,1099 2626,1085 2627,1052 1691,1036"/>
                <Baseline points="1702,1070 1747,1070 1793,1071 1838,1072 1884,1072 1930,1073 1975,1074 2021,1075 2067,1076 2112,1077 2158,1078 2204,1079 2249,1080 2295,1081 2341,1082 2386,1082 2432,1083 2478,1083 2523,1084 2569,1084 2615,1084"/>
                <TextEquiv>
                    <Unicode>ohne daß wir in unserem Recht##ußtsein so¬</Unicode>
                </TextEquiv>
            </TextLine>
            <TextLine id="r1l27" custom="readingOrder {index:26;}">
                <Coords points="758,1111 1687,1119 1687,1085 1570,1070 758,1072"/>
                <Baseline points="769,1108 814,1108 859,1108 904,1108 950,1108 995,1109 1040,1109 1086,1110 1131,1110 1176,1111 1222,1111 1267,1112 1312,1113 1357,1113 1403,1114 1448,1115 1493,1115 1539,1116 1584,1116 1629,1117 1675,1117"/>
                <TextEquiv>
                    <Unicode>heit, das dem zu beneidenden Glücklichen wie im</Unicode>
                </TextEquiv>
            </TextLine>
            <TextLine id="r1l28" custom="readingOrder {index:27;}">
                <Coords points="1692,1133 2493,1148 2635,1141 2636,1093 1693,1073"/>
                <Baseline points="1704,1119 1750,1119 1796,1120 1842,1120 1888,1121 1934,1122 1980,1122 2026,1123 2072,1124 2118,1125 2164,1126 2210,1127 2256,1128 2302,1129 2348,1129 2394,1130 2440,1131 2486,1131 2532,1132 2578,1132 2624,1133"/>
                <TextEquiv>
                    <Unicode>weit gekommen wären, auch jenen das Recht der</Unicode>
                </TextEquiv>
            </TextLine>
            <TextLine id="r1l29" custom="readingOrder {index:28;}">
                <Coords points="752,1152 913,1158 963,1188 1127,1155 1474,1187 1626,1177 1679,1120 1233,1117 1194,1139 1168,1114 943,1107 752,1131"/>
                <Baseline points="763,1154 808,1155 853,1156 898,1156 944,1157 989,1158 1034,1159 1079,1159 1125,1159 1170,1160 1215,1160 1260,1160 1306,1161 1351,1161 1396,1161 1441,1161 1487,1161 1532,1162 1577,1162 1622,1162 1668,1162"/>
                <TextEquiv>
                    <Unicode>Traume zugefallen ist. Das „Kasperle=Theater“</Unicode>
                </TextEquiv>
            </TextLine>
            <TextLine id="r1l30" custom="readingOrder {index:29;}">
                <Coords points="1702,1171 2603,1196 2627,1141 1703,1129"/>
                <Baseline points="1713,1165 1758,1164 1803,1163 1848,1163 1893,1164 1938,1165 1983,1166 2028,1167 2073,1168 2118,1170 2163,1171 2208,1173 2253,1174 2298,1175 2343,1176 2388,1177 2433,1178 2478,1178 2523,1177 2568,1177 2614,1175"/>
                <TextEquiv>
                    <Unicode>Gegenseitigkeit einzuräumen, das doch so nahe</Unicode>
                </TextEquiv>
            </TextLine>
            <TextLine id="r1l31" custom="readingOrder {index:30;}">
                <Coords points="751,1207 1287,1219 1333,1197 1388,1223 1496,1201 1657,1227 1681,1158 751,1175"/>
                <Baseline points="763,1199 808,1199 853,1199 898,1199 944,1199 989,1200 1034,1200 1079,1201 1125,1201 1170,1202 1215,1203 1260,1203 1306,1204 1351,1205 1396,1206 1441,1207 1487,1208 1532,1208 1577,1209 1622,1210 1668,1211"/>
                <TextEquiv>
                    <Unicode>obwohl gleichfalls noch ohne Anspruch</Unicode>
                </TextEquiv>
            </TextLine>
            <TextLine id="r1l32" custom="readingOrder {index:31;}">
                <Coords points="1690,1210 2039,1234 2389,1212 2531,1248 2635,1223 2635,1186 2488,1176 1690,1170"/>
                <Baseline points="1700,1211 1746,1211 1792,1212 1838,1212 1884,1213 1930,1214 1976,1215 2023,1215 2069,1216 2115,1217 2161,1218 2207,1219 2253,1220 2299,1220 2346,1221 2392,1222 2438,1222 2484,1223 2530,1224 2576,1224 2623,1224"/>
                <TextEquiv>
                    <Unicode>liegt. Dem Künstler aber war es bei diesem</Unicode>
                </TextEquiv>
            </TextLine>
            <TextLine id="r1l33" custom="readingOrder {index:32;}">
                <Coords points="759,1257 1683,1271 1684,1223 760,1201"/>
                <Baseline points="770,1242 815,1244 860,1245 905,1245 950,1246 995,1247 1040,1247 1085,1248 1130,1248 1175,1248 1221,1249 1266,1249 1311,1249 1356,1250 1401,1250 1446,1251 1491,1252 1536,1253 1581,1254 1626,1256 1672,1258"/>
                <TextEquiv>
                    <Unicode>auf Einwertung als einwandfreies Kunstwerk,</Unicode>
                </TextEquiv>
            </TextLine>
            <TextLine id="r1l34" custom="readingOrder {index:33;}">
                <Coords points="1694,1260 2627,1279 2626,1228 1695,1214"/>
                <Baseline points="1706,1257 1751,1258 1796,1259 1842,1259 1887,1260 1933,1261 1978,1262 2024,1262 2069,1263 2115,1264 2160,1264 2205,1265 2251,1266 2296,1267 2342,1267 2387,1268 2433,1269 2478,1269 2524,1270 2569,1271 2615,1272"/>
                <TextEquiv>
                    <Unicode>einen so wenig wie bei irgend einem seiner on¬</Unicode>
                </TextEquiv>
            </TextLine>
            <TextLine id="r1l35" custom="readingOrder {index:34;}">
                <Coords points="750,1293 1679,1309 1679,1270 1636,1260 750,1258"/>
                <Baseline points="762,1287 807,1288 852,1289 897,1290 943,1291 988,1292 1033,1293 1078,1294 1124,1295 1169,1296 1214,1297 1259,1298 1305,1299 1350,1299 1395,1300 1440,1301 1486,1301 1531,1302 1576,1302 1621,1302 1667,1302"/>
                <TextEquiv>
                    <Unicode>wirkt doch schon durch seine kleineren Verhält¬</Unicode>
                </TextEquiv>
            </TextLine>
            <TextLine id="r1l36" custom="readingOrder {index:35;}">
                <Coords points="1682,1290 1768,1319 2451,1330 2631,1319 2632,1282 1682,1269"/>
                <Baseline points="1692,1302 1738,1303 1784,1303 1831,1304 1877,1304 1923,1305 1970,1306 2016,1307 2062,1308 2109,1309 2155,1311 2201,1312 2248,1313 2294,1313 2340,1314 2387,1315 2433,1315 2479,1315 2526,1314 2572,1314 2619,1313"/>
                <TextEquiv>
                    <Unicode>deren Tierbilder um einen Witz zu tun, er hat</Unicode>
                </TextEquiv>
            </TextLine>
            <TextLine id="r1l37" custom="readingOrder {index:36;}">
                <Coords points="753,1349 1612,1371 1679,1367 1680,1310 753,1296"/>
                <Baseline points="765,1336 810,1336 855,1337 900,1337 945,1338 990,1339 1035,1340 1080,1341 1125,1342 1170,1343 1216,1344 1261,1345 1306,1346 1351,1346 1396,1347 1441,1348 1486,1348 1531,1348 1576,1349 1621,1349 1667,1348"/>
                <TextEquiv>
                    <Unicode>nisse geschlossener und darum auch bildgemäßer</Unicode>
                </TextEquiv>
            </TextLine>
            <TextLine id="r1l38" custom="readingOrder {index:37;}">
                <Coords points="1699,1370 2586,1378 2637,1368 2638,1317 1699,1313"/>
                <Baseline points="1710,1347 1755,1349 1801,1351 1847,1353 1893,1354 1939,1355 1984,1356 2030,1357 2076,1357 2122,1357 2168,1358 2213,1358 2259,1358 2305,1359 2351,1359 2397,1360 2442,1360 2488,1361 2534,1362 2580,1363 2626,1365"/>
                <TextEquiv>
                    <Unicode>eben hier wie stets in seinen Werken lediglich</Unicode>
                </TextEquiv>
            </TextLine>
            <TextLine id="r1l39" custom="readingOrder {index:38;}">
                <Coords points="751,1391 783,1408 820,1391 868,1415 935,1400 1004,1421 1154,1403 1289,1420 1290,1356 1258,1348 752,1350"/>
                <Baseline points="763,1383 788,1383 814,1383 840,1384 865,1384 891,1385 917,1386 942,1387 968,1387 994,1389 1020,1389 1045,1390 1071,1391 1097,1391 1122,1392 1148,1392 1174,1393 1199,1393 1225,1393 1251,1393 1277,1392"/>
                <TextEquiv>
                    <Unicode>als jene übergroße Tafel.</Unicode>
                </TextEquiv>
            </TextLine>
            <TextLine id="r1l40" custom="readingOrder {index:39;}">
                <Coords points="1687,1413 2568,1422 2621,1414 2622,1375 1688,1367"/>
                <Baseline points="1700,1398 1745,1398 1790,1399 1836,1399 1881,1399 1927,1399 1972,1400 2018,1400 2063,1401 2109,1401 2154,1402 2199,1402 2245,1403 2290,1404 2336,1405 2381,1405 2427,1406 2472,1407 2518,1409 2563,1410 2609,1411"/>
                <TextEquiv>
                    <Unicode>auf Grund seiner ganz eminenten Naturbeobach¬</Unicode>
                </TextEquiv>
            </TextLine>
            <TextLine id="r1l41" custom="readingOrder {index:40;}">
                <Coords points="1691,1444 2627,1468 2628,1413 2591,1408 1692,1410"/>
                <Baseline points="1703,1446 1748,1447 1794,1447 1839,1447 1885,1448 1931,1448 1976,1448 2022,1449 2067,1449 2113,1449 2159,1450 2204,1450 2250,1451 2295,1451 2341,1452 2387,1452 2432,1453 2478,1454 2523,1455 2569,1456 2615,1457"/>
                <TextEquiv>
                    <Unicode>tung gestaltet. Geyger lebt in Florenz und</Unicode>
                </TextEquiv>
            </TextLine>
            <TextLine id="r1l42" custom="readingOrder {index:41;}">
                <Coords points="1689,1507 2609,1515 2628,1462 1689,1449"/>
                <Baseline points="1701,1488 1746,1488 1792,1489 1838,1489 1883,1490 1929,1491 1975,1492 2020,1493 2066,1494 2112,1494 2158,1495 2203,1496 2249,1497 2295,1497 2340,1498 2386,1498 2432,1498 2477,1499 2523,1499 2569,1498 2615,1498"/>
                <TextEquiv>
                    <Unicode>die Ausstrahlungen der in dieser glücklichen Stadt</Unicode>
                </TextEquiv>
            </TextLine>
            <TextLine id="r1l43" custom="readingOrder {index:42;}">
                <Coords points="797,1518 1193,1546 1680,1536 1681,1478 1652,1475 1430,1495 1353,1461 1269,1496 1125,1459 1028,1478 980,1450 798,1481"/>
                <Baseline points="810,1515 853,1517 896,1520 939,1522 982,1524 1025,1525 1068,1526 1111,1528 1154,1529 1197,1529 1240,1530 1283,1530 1326,1530 1369,1531 1412,1531 1455,1531 1498,1531 1541,1532 1584,1532 1627,1532 1670,1533"/>
                <TextEquiv>
                    <Unicode>Ernst Moritz Geyger zählt zu den künst¬</Unicode>
                </TextEquiv>
            </TextLine>
            <TextLine id="r1l44" custom="readingOrder {index:43;}">
                <Coords points="1690,1540 2490,1564 2636,1543 2636,1511 2492,1497 1691,1498"/>
                <Baseline points="1702,1533 1748,1533 1794,1534 1840,1534 1886,1535 1932,1536 1978,1537 2024,1538 2070,1539 2116,1540 2163,1541 2209,1542 2255,1543 2301,1544 2347,1545 2393,1546 2439,1546 2485,1547 2531,1547 2577,1547 2624,1546"/>
                <TextEquiv>
                    <Unicode>wie in einem Brennglase zusammenschießenden</Unicode>
                </TextEquiv>
            </TextLine>
            <TextLine id="r1l45" custom="readingOrder {index:44;}">
                <Coords points="763,1572 1455,1577 1609,1603 1671,1590 1672,1539 763,1524"/>
                <Baseline points="774,1562 818,1565 862,1568 906,1570 951,1571 995,1572 1039,1574 1084,1574 1128,1575 1172,1576 1217,1576 1261,1576 1305,1577 1349,1577 1394,1577 1438,1578 1482,1578 1527,1579 1571,1580 1615,1581 1660,1582"/>
                <TextEquiv>
                    <Unicode>lerischen Adelsnaturen. Wo immer er ansetzt,</Unicode>
                </TextEquiv>
            </TextLine>
            <TextLine id="r1l46" custom="readingOrder {index:45;}">
                <Coords points="1684,1597 2637,1607 2637,1558 2587,1550 1685,1540"/>
                <Baseline points="1696,1578 1742,1579 1788,1581 1835,1581 1881,1582 1928,1583 1974,1584 2021,1585 2067,1585 2114,1586 2160,1587 2206,1588 2253,1588 2299,1589 2346,1590 2392,1590 2439,1591 2485,1592 2532,1593 2578,1594 2625,1595"/>
                <TextEquiv>
                    <Unicode>köstlichen Kunsteindrücke treten u. a. in zwei</Unicode>
                </TextEquiv>
            </TextLine>
            <TextLine id="r1l47" custom="readingOrder {index:46;}">
                <Coords points="762,1623 1684,1631 1684,1594 1643,1585 762,1575"/>
                <Baseline points="774,1615 818,1616 863,1617 908,1618 953,1619 998,1620 1043,1621 1088,1621 1133,1622 1178,1623 1223,1624 1267,1624 1312,1625 1357,1625 1402,1625 1447,1625 1492,1625 1537,1625 1582,1625 1627,1625 1672,1624"/>
                <TextEquiv>
                    <Unicode>als Maler, Graphiker und Plastiker schafft er</Unicode>
                </TextEquiv>
            </TextLine>
            <TextLine id="r1l48" custom="readingOrder {index:47;}">
                <Coords points="1699,1635 2615,1642 2615,1596 2565,1593 1700,1593"/>
                <Baseline points="1710,1627 1754,1629 1799,1630 1843,1631 1888,1633 1933,1633 1977,1634 2022,1635 2067,1635 2111,1635 2156,1635 2201,1636 2245,1636 2290,1636 2335,1637 2379,1637 2424,1638 2469,1639 2513,1640 2558,1641 2603,1643"/>
                <TextEquiv>
                    <Unicode>Handspiegeln zu tage, die, in Silberguß ge¬</Unicode>
                </TextEquiv>
            </TextLine>
            <TextLine id="r1l49" custom="readingOrder {index:48;}">
                <Coords points="760,1650 863,1677 1461,1688 1677,1679 1678,1633 760,1623"/>
                <Baseline points="772,1663 816,1663 861,1664 905,1664 950,1665 995,1666 1039,1666 1084,1667 1129,1668 1173,1669 1218,1670 1263,1670 1307,1671 1352,1671 1397,1672 1441,1672 1486,1672 1531,1672 1575,1671 1620,1670 1665,1669"/>
                <TextEquiv>
                    <Unicode>Großes. Seine persönliche Neigung gilt vor¬</Unicode>
                </TextEquiv>
            </TextLine>
            <TextLine id="r1l50" custom="readingOrder {index:49;}">
                <Coords points="1686,1673 2505,1680 2592,1705 2632,1659 1687,1636"/>
                <Baseline points="1698,1674 1744,1674 1790,1674 1836,1674 1882,1674 1928,1674 1974,1675 2020,1675 2066,1676 2112,1677 2158,1678 2204,1679 2250,1680 2296,1681 2342,1682 2388,1682 2434,1683 2480,1684 2526,1685 2572,1685 2619,1686"/>
                <TextEquiv>
                    <Unicode>arbeitet, von Cellinischer Anmut erfüllt sind. Den</Unicode>
                </TextEquiv>
            </TextLine>
            <TextLine id="r1l51" custom="readingOrder {index:50;}">
                <Coords points="756,1710 1678,1732 1679,1679 860,1675 757,1650"/>
                <Baseline points="768,1706 813,1706 858,1706 903,1707 948,1708 993,1708 1038,1709 1083,1710 1128,1711 1173,1712 1218,1713 1263,1714 1308,1714 1353,1715 1398,1715 1443,1716 1488,1716 1533,1716 1578,1716 1623,1716 1668,1715"/>
                <TextEquiv>
                    <Unicode>nehmlich der Graphik und mehr als dieser noch</Unicode>
                </TextEquiv>
            </TextLine>
            <TextLine id="r1l52" custom="readingOrder {index:51;}">
                <Coords points="1683,1729 2470,1728 2647,1756 2648,1685 2156,1674 2086,1703 1684,1674"/>
                <Baseline points="1696,1721 1743,1721 1790,1722 1837,1722 1884,1722 1931,1723 1978,1724 2025,1724 2072,1725 2119,1725 2166,1726 2213,1727 2260,1727 2307,1728 2354,1729 2401,1730 2448,1730 2495,1731 2542,1732 2589,1732 2636,1733"/>
                <TextEquiv>
                    <Unicode>Handgriff des einen Spiegels bildet eine männ¬</Unicode>
                </TextEquiv>
            </TextLine>
            <TextLine id="r1l53" custom="readingOrder {index:52;}">
                <Coords points="769,1755 1618,1780 1680,1774 1681,1739 770,1714"/>
                <Baseline points="780,1750 824,1751 868,1752 913,1754 957,1755 1002,1756 1046,1757 1090,1758 1135,1759 1179,1760 1224,1761 1268,1761 1312,1762 1357,1762 1401,1763 1446,1763 1490,1763 1534,1763 1579,1763 1623,1763 1668,1763"/>
                <TextEquiv>
                    <Unicode>der Plastik. Wir haben ihn im Frühjahr dieses</Unicode>
                </TextEquiv>
            </TextLine>
            <TextLine id="r1l54" custom="readingOrder {index:53;}">
                <Coords points="1694,1762 2584,1789 2624,1741 1695,1728"/>
                <Baseline points="1706,1767 1751,1768 1796,1769 1842,1770 1887,1770 1932,1771 1978,1772 2023,1772 2068,1773 2114,1774 2159,1774 2204,1774 2250,1775 2295,1775 2340,1775 2386,1775 2431,1775 2476,1774 2522,1774 2567,1773 2613,1772"/>
                <TextEquiv>
                    <Unicode>lichte Naktfigur, den des zweiten, reiches, alt¬</Unicode>
                </TextEquiv>
            </TextLine>
            <TextLine id="r1l55" custom="readingOrder {index:54;}">
                <Coords points="766,1812 1681,1816 1681,1781 1638,1769 922,1775 766,1750"/>
                <Baseline points="778,1802 822,1802 867,1801 911,1801 956,1801 1001,1802 1045,1802 1090,1803 1134,1803 1179,1804 1224,1805 1268,1806 1313,1807 1357,1807 1402,1808 1447,1809 1491,1809 1536,1809 1580,1809 1625,1809 1670,1809"/>
                <TextEquiv>
                    <Unicode>Jahres an der Hand einer, in dem alten Kunst¬</Unicode>
                </TextEquiv>
            </TextLine>
            <TextLine id="r1l56" custom="readingOrder {index:55;}">
                <Coords points="1684,1811 2604,1839 2636,1830 2637,1770 1684,1772"/>
                <Baseline points="1696,1817 1742,1816 1788,1815 1835,1815 1881,1815 1928,1815 1974,1816 2021,1816 2067,1817 2114,1817 2160,1818 2206,1819 2253,1820 2299,1821 2346,1821 2392,1822 2439,1822 2485,1822 2532,1823 2578,1822 2625,1822"/>
                <TextEquiv>
                    <Unicode>florentinisches Rankenornament. Die Rückenfläche</Unicode>
                </TextEquiv>
            </TextLine>
            <TextLine id="r1l57" custom="readingOrder {index:56;}">
                <Coords points="765,1847 1687,1862 1674,1813 766,1813"/>
                <Baseline points="776,1844 821,1844 866,1845 911,1846 956,1847 1001,1847 1046,1848 1091,1849 1136,1850 1181,1850 1226,1851 1271,1852 1316,1853 1361,1853 1406,1854 1451,1855 1496,1855 1541,1856 1586,1856 1631,1856 1676,1857"/>
                <TextEquiv>
                    <Unicode>salon Commeter, Hermannstraße 46—48, it</Unicode>
                </TextEquiv>
            </TextLine>
            <TextLine id="r1l58" custom="readingOrder {index:57;}">
                <Coords points="1687,1863 2627,1891 2628,1831 1688,1812"/>
                <Baseline points="1698,1859 1746,1861 1794,1861 1843,1862 1891,1863 1939,1863 1988,1864 2036,1864 2084,1864 2133,1864 2181,1864 2230,1865 2278,1865 2326,1865 2375,1866 2423,1867 2471,1868 2520,1869 2568,1871 2617,1873"/>
                <TextEquiv>
                    <Unicode>beider Spiegel ist mit figürlichen, deutungsreichen</Unicode>
                </TextEquiv>
            </TextLine>
            <TextLine id="r1l59" custom="readingOrder {index:58;}">
                <Coords points="760,1894 1627,1919 1680,1899 1680,1864 1648,1859 761,1848"/>
                <Baseline points="772,1891 816,1892 861,1893 906,1893 951,1894 996,1895 1040,1896 1085,1897 1130,1897 1175,1898 1220,1898 1264,1899 1309,1899 1354,1900 1399,1901 1444,1901 1488,1901 1533,1902 1578,1902 1623,1902 1668,1902"/>
                <TextEquiv>
                    <Unicode>Bedacht ausgewählten Sammlung von Kunst¬</Unicode>
                </TextEquiv>
            </TextLine>
            <TextLine id="r1l60" custom="readingOrder {index:59;}">
                <Coords points="1687,1918 2633,1927 2634,1867 1688,1872"/>
                <Baseline points="1700,1901 1746,1902 1792,1904 1838,1905 1884,1906 1930,1907 1976,1908 2022,1909 2068,1910 2114,1910 2161,1911 2207,1911 2253,1912 2299,1912 2345,1913 2391,1913 2437,1913 2483,1914 2529,1914 2575,1914 2622,1914"/>
                <TextEquiv>
                    <Unicode>Darstellungen geschmückt. Der ersterwähnte</Unicode>
                </TextEquiv>
            </TextLine>
            <TextLine id="r1l61" custom="readingOrder {index:60;}">
                <Coords points="765,1938 1489,1967 1662,1953 1688,1916 766,1902"/>
                <Baseline points="777,1939 824,1939 871,1940 918,1940 966,1941 1013,1942 1060,1942 1108,1943 1155,1944 1202,1945 1250,1945 1297,1946 1344,1947 1392,1947 1439,1947 1486,1948 1534,1948 1581,1947 1628,1947 1676,1947"/>
                <TextEquiv>
                    <Unicode>blättern als Radierer kennen gelernt. Jetzt wird</Unicode>
                </TextEquiv>
            </TextLine>
            <TextLine id="r1l62" custom="readingOrder {index:61;}">
                <Coords points="1683,1952 2031,1956 2086,1982 2118,1960 2566,1972 2617,1961 2618,1920 1684,1913"/>
                <Baseline points="1694,1948 1739,1949 1785,1950 1830,1951 1876,1952 1921,1952 1967,1953 2012,1953 2058,1954 2103,1954 2149,1954 2195,1955 2240,1955 2286,1956 2331,1956 2377,1957 2422,1957 2468,1958 2513,1959 2559,1960 2605,1961"/>
                <TextEquiv>
                    <Unicode>Spiegel ist in je einem Exemplare von der deut¬</Unicode>
                </TextEquiv>
            </TextLine>
            <TextLine id="r1l63" custom="readingOrder {index:62;}">
                <Coords points="767,1986 1592,2014 1679,2001 1680,1946 1310,1964 767,1938"/>
                <Baseline points="779,1985 823,1985 867,1985 912,1986 956,1987 1001,1987 1045,1988 1089,1989 1134,1990 1178,1990 1223,1991 1267,1992 1311,1993 1356,1993 1400,1994 1445,1994 1489,1995 1533,1995 1578,1995 1622,1995 1667,1994"/>
                <TextEquiv>
                    <Unicode>er uns an derselben Stelle in einer, an Zahl</Unicode>
                </TextEquiv>
            </TextLine>
            <TextLine id="r1l64" custom="readingOrder {index:63;}">
                <Coords points="1682,1994 2632,2011 2632,1969 2593,1962 1683,1958"/>
                <Baseline points="1694,1998 1740,1998 1786,1998 1832,1998 1879,1998 1925,1999 1971,2000 2018,2001 2064,2002 2110,2002 2157,2003 2203,2004 2249,2005 2295,2006 2342,2006 2388,2007 2434,2007 2481,2007 2527,2007 2573,2006 2620,2005"/>
                <TextEquiv>
                    <Unicode>schen Kaiserin und den kunstgewerblichen</Unicode>
                </TextEquiv>
            </TextLine>
            <TextLine id="r1l65" custom="readingOrder {index:64;}">
                <Coords points="766,2035 1682,2050 1682,1995 767,1987"/>
                <Baseline points="778,2031 822,2032 867,2033 911,2033 956,2034 1001,2035 1045,2036 1090,2036 1134,2037 1179,2037 1224,2038 1268,2038 1313,2039 1357,2039 1402,2039 1447,2039 1491,2039 1536,2039 1580,2039 1625,2039 1670,2038"/>
                <TextEquiv>
                    <Unicode>kleinen, für die Kennzeichnung der Eigenart des</Unicode>
                </TextEquiv>
            </TextLine>
            <TextLine id="r1l66" custom="readingOrder {index:65;}">
                <Coords points="1689,2041 2600,2058 2600,2019 2476,2008 1689,2011"/>
                <Baseline points="1700,2041 1744,2042 1788,2042 1833,2043 1877,2043 1922,2044 1966,2045 2010,2046 2055,2047 2099,2048 2144,2049 2188,2049 2232,2050 2277,2051 2321,2052 2366,2052 2410,2053 2454,2054 2499,2054 2543,2054 2588,2054"/>
                <TextEquiv>
                    <Unicode>Museen von Berlin und Dresden erworben.</Unicode>
                </TextEquiv>
            </TextLine>
            <TextLine id="r1l67" custom="readingOrder {index:66;}">
                <Coords points="759,2069 1193,2104 1681,2089 1681,2052 1599,2040 1366,2060 759,2030"/>
                <Baseline points="770,2078 815,2078 860,2079 905,2080 950,2080 995,2081 1040,2081 1085,2082 1130,2082 1175,2083 1220,2083 1265,2084 1310,2084 1355,2085 1400,2085 1445,2085 1490,2086 1535,2087 1580,2087 1625,2088 1670,2088"/>
                <TextEquiv>
                    <Unicode>genialen Mannes aber ungemein charakteristischen</Unicode>
                </TextEquiv>
            </TextLine>
            <TextLine id="r1l68" custom="readingOrder {index:67;}">
                <Coords points="1732,2092 2548,2101 2630,2128 2632,2059 1732,2053"/>
                <Baseline points="1742,2091 1785,2091 1829,2091 1873,2092 1917,2092 1961,2093 2005,2094 2048,2095 2092,2095 2136,2096 2180,2097 2224,2097 2268,2098 2312,2099 2355,2100 2399,2101 2443,2102 2487,2102 2531,2103 2575,2104 2619,2104"/>
                <TextEquiv>
                    <Unicode>Zugleich mit den Arbeiten Geygers ist in</Unicode>
                </TextEquiv>
            </TextLine>
            <TextLine id="r1l69" custom="readingOrder {index:68;}">
                <Coords points="761,2125 933,2149 1672,2142 1670,2095 761,2088"/>
                <Baseline points="772,2124 816,2125 860,2125 905,2126 949,2126 993,2127 1038,2127 1082,2128 1126,2128 1171,2129 1215,2129 1259,2130 1304,2130 1348,2131 1392,2131 1437,2132 1481,2132 1525,2132 1570,2133 1614,2134 1659,2134"/>
                <TextEquiv>
                    <Unicode>Auswahl seiner Werke auch als Plastiker bekannt</Unicode>
                </TextEquiv>
            </TextLine>
            <TextLine id="r1l70" custom="readingOrder {index:69;}">
                <Coords points="1677,2131 1810,2157 2622,2163 2623,2107 1811,2108 1678,2072"/>
                <Baseline points="1688,2135 1734,2134 1780,2135 1826,2135 1872,2136 1919,2136 1965,2137 2011,2138 2057,2139 2103,2140 2150,2142 2196,2142 2242,2143 2288,2144 2334,2145 2381,2146 2427,2146 2473,2146 2519,2146 2565,2146 2612,2145"/>
                <TextEquiv>
                    <Unicode>dem alten Ausstellungssalon Commeter eine</Unicode>
                </TextEquiv>
            </TextLine>
            <TextLine id="r1l71" custom="readingOrder {index:70;}">
                <Coords points="765,2180 1676,2188 1676,2142 1649,2137 766,2132"/>
                <Baseline points="776,2173 820,2173 864,2173 909,2173 953,2173 998,2173 1042,2174 1087,2174 1131,2174 1176,2175 1220,2175 1264,2176 1309,2176 1353,2177 1398,2177 1442,2178 1487,2178 1531,2179 1576,2179 1620,2179 1665,2180"/>
                <TextEquiv>
                    <Unicode>gemacht. Unter den Radierungen Geygers, die</Unicode>
                </TextEquiv>
            </TextLine>
            <TextLine id="r1l72" custom="readingOrder {index:71;}">
                <Coords points="1681,2201 2535,2206 2624,2191 2625,2161 1682,2135"/>
                <Baseline points="1694,2185 1739,2184 1785,2183 1831,2183 1877,2183 1923,2183 1969,2184 2015,2184 2061,2185 2107,2186 2153,2187 2198,2188 2244,2190 2290,2190 2336,2191 2382,2192 2428,2193 2474,2193 2520,2193 2566,2192 2612,2192"/>
                <TextEquiv>
                    <Unicode>große Anzahl von Radierungen von Karl</Unicode>
                </TextEquiv>
            </TextLine>
            <TextLine id="r1l73" custom="readingOrder {index:72;}">
                <Coords points="766,2223 1649,2246 1673,2191 767,2181"/>
                <Baseline points="777,2218 821,2218 865,2218 909,2219 953,2219 998,2219 1042,2220 1086,2220 1130,2221 1174,2221 1219,2222 1263,2222 1307,2223 1351,2223 1395,2224 1440,2224 1484,2225 1528,2225 1572,2225 1616,2226 1661,2226"/>
                <TextEquiv>
                    <Unicode>ebenfalls jetzt mit ausgestellt sind, befindet sich</Unicode>
                </TextEquiv>
            </TextLine>
            <TextLine id="r1l74" custom="readingOrder {index:73;}">
                <Coords points="1688,2243 2449,2240 2539,2265 2619,2250 2620,2197 1689,2197"/>
                <Baseline points="1699,2228 1744,2228 1790,2228 1835,2228 1881,2229 1926,2229 1972,2230 2017,2231 2063,2232 2108,2233 2154,2234 2199,2235 2245,2236 2290,2237 2336,2238 2381,2239 2427,2239 2472,2240 2518,2241 2563,2241 2609,2241"/>
                <TextEquiv>
                    <Unicode>Koepping ausgestellt, die als Höchstleistungen</Unicode>
                </TextEquiv>
            </TextLine>
            <TextLine id="r1l75" custom="readingOrder {index:74;}">
                <Coords points="766,2273 1682,2281 1682,2232 1365,2251 1328,2228 767,2223"/>
                <Baseline points="779,2265 823,2265 868,2265 912,2265 957,2265 1001,2266 1046,2266 1090,2267 1135,2268 1179,2268 1224,2269 1269,2270 1313,2271 1358,2271 1402,2272 1447,2273 1491,2273 1536,2274 1580,2274 1625,2274 1670,2274"/>
                <TextEquiv>
                    <Unicode>eine Radierung nach Botticelli, „Der Frühling“,</Unicode>
                </TextEquiv>
            </TextLine>
            <TextLine id="r1l76" custom="readingOrder {index:75;}">
                <Coords points="1686,2286 2611,2288 2611,2253 2563,2241 2390,2263 2165,2229 1687,2244"/>
                <Baseline points="1697,2274 1742,2274 1787,2274 1832,2274 1877,2275 1922,2276 1967,2277 2012,2278 2057,2279 2102,2280 2148,2281 2193,2282 2238,2283 2283,2284 2328,2285 2373,2285 2418,2286 2463,2286 2508,2286 2553,2286 2599,2286"/>
                <TextEquiv>
                    <Unicode>dessen angesprochen werden können, was die</Unicode>
                </TextEquiv>
            </TextLine>
            <TextLine id="r1l77" custom="readingOrder {index:76;}">
                <Coords points="761,2313 1679,2339 1679,2281 1633,2276 762,2274"/>
                <Baseline points="773,2311 817,2311 862,2311 907,2311 952,2312 996,2312 1041,2313 1086,2314 1131,2314 1175,2315 1220,2315 1265,2316 1310,2316 1354,2317 1399,2317 1444,2317 1489,2317 1533,2317 1578,2317 1623,2316 1668,2315"/>
                <TextEquiv>
                    <Unicode>die jeden Zweifel über des Künstlers meisterliche</Unicode>
                </TextEquiv>
            </TextLine>
            <TextLine id="r1l78" custom="readingOrder {index:77;}">
                <Coords points="1692,2333 2601,2344 2620,2280 1693,2283"/>
                <Baseline points="1703,2320 1748,2321 1793,2321 1838,2321 1884,2322 1929,2322 1974,2323 2020,2324 2065,2324 2110,2325 2156,2325 2201,2326 2246,2327 2291,2327 2337,2328 2382,2329 2427,2330 2473,2330 2518,2331 2563,2332 2609,2333"/>
                <TextEquiv>
                    <Unicode>deutsche Kunst auf diesem Gebiete heute bietet.</Unicode>
                </TextEquiv>
            </TextLine>
            <TextLine id="r1l79" custom="readingOrder {index:78;}">
                <Coords points="765,2361 1672,2365 1672,2328 1621,2323 766,2315"/>
                <Baseline points="777,2357 821,2357 865,2358 909,2358 953,2359 997,2359 1041,2360 1085,2361 1129,2361 1173,2362 1218,2362 1262,2363 1306,2363 1350,2363 1394,2364 1438,2364 1482,2363 1526,2363 1570,2362 1614,2362 1659,2361"/>
                <TextEquiv>
                    <Unicode>Vertrautheit mit der menschlichen Form aus¬</Unicode>
                </TextEquiv>
            </TextLine>
            <TextLine id="r1l80" custom="readingOrder {index:79;}">
                <Coords points="1686,2379 2618,2386 2618,2340 2563,2334 2466,2354 2370,2330 1687,2328"/>
                <Baseline points="1698,2365 1743,2366 1788,2367 1834,2368 1879,2369 1925,2370 1970,2371 2016,2372 2061,2372 2107,2373 2152,2374 2197,2375 2243,2375 2288,2376 2334,2376 2379,2376 2425,2376 2470,2376 2516,2376 2561,2376 2607,2375"/>
                <TextEquiv>
                    <Unicode>Karl Koepping hat die Grundlage seines</Unicode>
                </TextEquiv>
            </TextLine>
            <TextLine id="r1l81" custom="readingOrder {index:80;}">
                <Coords points="771,2419 923,2399 1594,2429 1672,2415 1673,2369 771,2362"/>
                <Baseline points="782,2404 826,2405 870,2406 914,2407 958,2407 1002,2408 1046,2408 1090,2409 1134,2409 1178,2409 1222,2410 1266,2410 1310,2410 1354,2410 1398,2410 1442,2410 1486,2410 1530,2410 1574,2410 1618,2410 1662,2409"/>
                <TextEquiv>
                    <Unicode>schließt. Gleichwohl sind die Werke, die Zeugnis</Unicode>
                </TextEquiv>
            </TextLine>
            <TextLine id="r1l82" custom="readingOrder {index:81;}">
                <Coords points="1692,2414 2595,2439 2619,2382 1692,2372"/>
                <Baseline points="1703,2414 1748,2414 1793,2413 1838,2413 1884,2414 1929,2414 1974,2415 2019,2415 2065,2416 2110,2417 2155,2417 2200,2418 2246,2419 2291,2420 2336,2420 2381,2420 2427,2421 2472,2421 2517,2420 2562,2420 2608,2419"/>
                <TextEquiv>
                    <Unicode>Ruhmes mit Reproduktionen gelegt. Er be¬</Unicode>
                </TextEquiv>
            </TextLine>
            <TextLine id="r1l83" custom="readingOrder {index:82;}">
                <Coords points="767,2455 1604,2477 1680,2462 1681,2413 767,2413"/>
                <Baseline points="778,2451 822,2451 867,2451 911,2451 956,2451 1000,2452 1045,2452 1089,2453 1134,2453 1178,2454 1223,2454 1267,2455 1312,2455 1356,2456 1401,2456 1445,2457 1490,2457 1534,2458 1579,2458 1623,2458 1668,2458"/>
                <TextEquiv>
                    <Unicode>ablegen von seiner Beherrschutig auch dieser Form</Unicode>
                </TextEquiv>
            </TextLine>
            <TextLine id="r1l84" custom="readingOrder {index:83;}">
                <Coords points="1683,2471 2617,2476 2617,2416 2281,2436 1683,2413"/>
                <Baseline points="1695,2463 1740,2463 1786,2463 1831,2463 1877,2463 1922,2463 1968,2464 2013,2464 2059,2464 2104,2464 2150,2465 2195,2465 2241,2465 2286,2465 2332,2465 2377,2465 2423,2465 2468,2465 2514,2465 2559,2465 2605,2465"/>
                <TextEquiv>
                    <Unicode>schränkte sich die längste Zeit auf die Wiedergabe</Unicode>
                </TextEquiv>
            </TextLine>
            <TextLine id="r1l85" custom="readingOrder {index:84;}">
                <Coords points="767,2513 887,2487 1052,2521 1349,2503 1601,2529 1684,2509 1685,2465 767,2456"/>
                <Baseline points="778,2495 822,2496 867,2496 912,2497 956,2498 1001,2498 1046,2499 1090,2500 1135,2500 1180,2501 1225,2502 1269,2502 1314,2502 1359,2503 1403,2503 1448,2504 1493,2504 1537,2504 1582,2504 1627,2504 1672,2503"/>
                <TextEquiv>
                    <Unicode>selten und sie stehen auf unserer Ausstellung zu¬</Unicode>
                </TextEquiv>
            </TextLine>
            <TextLine id="r1l86" custom="readingOrder {index:85;}">
                <Coords points="1684,2507 2416,2510 2615,2540 2598,2471 1685,2470"/>
                <Baseline points="1696,2507 1741,2507 1786,2507 1832,2508 1877,2508 1922,2508 1968,2509 2013,2509 2058,2510 2104,2510 2149,2511 2194,2511 2240,2512 2285,2513 2330,2513 2376,2514 2421,2514 2466,2515 2512,2515 2557,2515 2603,2516"/>
                <TextEquiv>
                    <Unicode>von berühmten Originalen nach alten und auch</Unicode>
                </TextEquiv>
            </TextLine>
            <TextLine id="r1l87" custom="readingOrder {index:86;}">
                <Coords points="757,2544 1670,2561 1671,2508 935,2509 882,2487 758,2509"/>
                <Baseline points="768,2540 812,2541 857,2542 901,2543 946,2543 991,2544 1035,2545 1080,2546 1124,2547 1169,2547 1214,2548 1258,2548 1303,2549 1347,2549 1392,2550 1437,2550 1481,2550 1526,2550 1570,2550 1615,2550 1660,2549"/>
                <TextEquiv>
                    <Unicode>rück hinter den Beweisen der Liebe, mit der er,</Unicode>
                </TextEquiv>
            </TextLine>
            <TextLine id="r1l88" custom="readingOrder {index:87;}">
                <Coords points="1680,2560 2588,2574 2621,2540 2508,2515 1680,2514"/>
                <Baseline points="1692,2552 1737,2552 1783,2553 1829,2553 1875,2554 1921,2554 1966,2555 2012,2556 2058,2557 2104,2557 2150,2558 2195,2559 2241,2560 2287,2560 2333,2561 2379,2562 2424,2563 2470,2563 2516,2564 2562,2564 2608,2564"/>
                <TextEquiv>
                    <Unicode>neueren Meistern, wie Rembrand, Frans Hald,</Unicode>
                </TextEquiv>
            </TextLine>
            <TextLine id="r1l89" custom="readingOrder {index:88;}">
                <Coords points="749,2580 859,2611 976,2585 999,2608 1570,2614 1683,2588 1683,2549 749,2545"/>
                <Baseline points="760,2589 805,2590 851,2590 896,2590 942,2591 988,2591 1033,2592 1079,2593 1124,2593 1170,2594 1216,2594 1261,2595 1307,2596 1352,2596 1398,2597 1444,2597 1489,2597 1535,2598 1580,2598 1626,2598 1672,2598"/>
                <TextEquiv>
                    <Unicode>ausgehend von den Tagen seiner Kindheit, bis</Unicode>
                </TextEquiv>
            </TextLine>
            <TextLine id="r1l90" custom="readingOrder {index:89;}">
                <Coords points="1688,2615 2608,2622 2623,2572 1689,2565"/>
                <Baseline points="1701,2598 1746,2599 1792,2599 1837,2599 1883,2600 1928,2601 1974,2601 2019,2602 2065,2603 2110,2603 2156,2604 2201,2605 2247,2605 2292,2606 2338,2606 2383,2607 2429,2607 2474,2608 2520,2608 2565,2608 2611,2608"/>
                <TextEquiv>
                    <Unicode>van Dyck, Tizian, Munkaczy u. a. Indem er</Unicode>
                </TextEquiv>
            </TextLine>
            <TextLine id="r1l91" custom="readingOrder {index:90;}">
                <Coords points="759,2649 1675,2652 1675,2606 1599,2599 760,2594"/>
                <Baseline points="770,2634 814,2634 859,2635 904,2635 948,2636 993,2637 1038,2637 1082,2638 1127,2638 1172,2639 1217,2640 1261,2640 1306,2641 1351,2641 1395,2642 1440,2642 1485,2642 1529,2642 1574,2643 1619,2643 1664,2643"/>
                <TextEquiv>
                    <Unicode>in die Gegenwart herein, sich zur Tierwelt hin¬</Unicode>
                </TextEquiv>
            </TextLine>
            <TextLine id="r1l92" custom="readingOrder {index:91;}">
                <Coords points="1689,2655 2542,2667 2623,2660 2623,2603 1689,2614"/>
                <Baseline points="1701,2648 1746,2648 1792,2648 1837,2648 1883,2648 1928,2648 1974,2648 2019,2648 2065,2648 2110,2648 2156,2648 2202,2648 2247,2648 2293,2648 2338,2648 2384,2649 2429,2649 2475,2650 2520,2651 2566,2651 2612,2652"/>
                <TextEquiv>
                    <Unicode>gleichzeitig für diese reproduktiven Radierungen</Unicode>
                </TextEquiv>
            </TextLine>
            <TextLine id="r1l93" custom="readingOrder {index:92;}">
                <Coords points="752,2685 1672,2700 1649,2650 752,2648"/>
                <Baseline points="763,2686 807,2684 852,2684 897,2683 942,2682 987,2682 1032,2682 1077,2683 1122,2683 1167,2684 1212,2684 1256,2685 1301,2686 1346,2686 1391,2687 1436,2688 1481,2688 1526,2688 1571,2688 1616,2688 1661,2687"/>
                <TextEquiv>
                    <Unicode>gezogen fühlt. Der philosophische Marabu, der</Unicode>
                </TextEquiv>
            </TextLine>
            <TextLine id="r1l94" custom="readingOrder {index:93;}">
                <Coords points="1684,2700 2530,2715 2615,2693 2616,2660 1684,2654"/>
                <Baseline points="1696,2692 1741,2693 1786,2693 1832,2694 1877,2694 1923,2694 1968,2695 2014,2695 2059,2695 2105,2695 2150,2695 2195,2696 2241,2696 2286,2696 2332,2696 2377,2697 2423,2697 2468,2698 2514,2698 2559,2699 2605,2700"/>
                <TextEquiv>
                    <Unicode>Platten wählte, die über die sonst üblichen Maße</Unicode>
                </TextEquiv>
            </TextLine>
            <TextLine id="r1l95" custom="readingOrder {index:94;}">
                <Coords points="755,2730 1682,2739 1682,2706 1404,2684 756,2687"/>
                <Baseline points="767,2734 812,2732 857,2730 902,2729 947,2729 992,2729 1037,2729 1083,2730 1128,2730 1173,2731 1218,2732 1263,2733 1308,2734 1353,2735 1399,2735 1444,2736 1489,2736 1534,2735 1579,2734 1624,2733 1670,2731"/>
                <TextEquiv>
                    <Unicode>königliche Löwe, der possierliche Bär das vor¬</Unicode>
                </TextEquiv>
            </TextLine>
            <TextLine id="r1l96" custom="readingOrder {index:95;}">
                <Coords points="1675,2746 2625,2765 2610,2689 2533,2714 1676,2700"/>
                <Baseline points="1686,2736 1732,2737 1778,2737 1825,2738 1871,2738 1917,2739 1964,2739 2010,2740 2056,2740 2103,2741 2149,2741 2195,2741 2242,2742 2288,2742 2334,2743 2381,2743 2427,2744 2473,2745 2520,2745 2566,2746 2613,2747"/>
                <TextEquiv>
                    <Unicode>erheblich hinaus gingen, und in seinen Licht. und</Unicode>
                </TextEquiv>
            </TextLine>
            <TextLine id="r1l97" custom="readingOrder {index:96;}">
                <Coords points="753,2795 987,2771 1070,2799 1606,2798 1670,2787 1671,2737 753,2731"/>
                <Baseline points="765,2777 809,2776 854,2776 899,2775 944,2776 988,2776 1033,2776 1078,2777 1123,2778 1167,2778 1212,2779 1257,2779 1302,2780 1346,2780 1391,2780 1436,2780 1481,2780 1525,2779 1570,2778 1615,2777 1660,2775"/>
                <TextEquiv>
                    <Unicode>sintflutliche Nilpferd, der, trotz der fatalen ver¬</Unicode>
                </TextEquiv>
            </TextLine>
            <TextLine id="r1l98" custom="readingOrder {index:97;}">
                <Coords points="1683,2784 2612,2805 2612,2752 1683,2745"/>
                <Baseline points="1695,2780 1740,2781 1785,2781 1830,2782 1876,2783 1921,2783 1966,2784 2011,2785 2057,2785 2102,2786 2147,2786 2192,2786 2238,2787 2283,2787 2328,2788 2373,2788 2419,2788 2464,2789 2509,2789 2554,2789 2600,2789"/>
                <TextEquiv>
                    <Unicode>Schattenabstufungen eine Zartheit entwickelte, die</Unicode>
                </TextEquiv>
            </TextLine>
            <TextLine id="r1l99" custom="readingOrder {index:98;}">
                <Coords points="752,2826 1675,2839 1654,2784 752,2794"/>
                <Baseline points="763,2825 810,2824 857,2823 904,2822 952,2822 999,2822 1046,2822 1094,2822 1141,2823 1188,2823 1236,2824 1283,2825 1330,2825 1378,2826 1425,2826 1472,2826 1520,2826 1567,2826 1614,2826 1662,2825"/>
                <TextEquiv>
                    <Unicode>wandtschaftlichen Komplikationen, in die er durch</Unicode>
                </TextEquiv>
            </TextLine>
            <TextLine id="r1l100" custom="readingOrder {index:99;}">
                <Coords points="1672,2829 2493,2858 2610,2841 2611,2795 1672,2788"/>
                <Baseline points="1684,2826 1729,2828 1775,2829 1821,2830 1867,2831 1912,2831 1958,2832 2004,2832 2050,2833 2095,2833 2141,2833 2187,2834 2233,2834 2278,2834 2324,2834 2370,2835 2416,2835 2461,2836 2507,2836 2553,2837 2599,2838"/>
                <TextEquiv>
                    <Unicode>direkt zu koloristischen Wirkungen hinleitet, hat</Unicode>
                </TextEquiv>
            </TextLine>
            <TextLine id="r1l101" custom="readingOrder {index:100;}">
                <Coords points="746,2875 1070,2872 1109,2898 1169,2873 1678,2874 1678,2842 1494,2824 746,2827"/>
                <Baseline points="758,2868 803,2868 848,2868 894,2869 939,2869 985,2869 1030,2870 1075,2870 1121,2870 1166,2871 1212,2871 1257,2871 1302,2872 1348,2872 1393,2872 1439,2873 1484,2873 1529,2873 1575,2873 1620,2872 1666,2872"/>
                <TextEquiv>
                    <Unicode>die neuere wissenschaftliche Forschung hinein ge¬</Unicode>
                </TextEquiv>
            </TextLine>
            <TextLine id="r1l102" custom="readingOrder {index:101;}">
                <Coords points="1680,2876 1784,2898 2612,2885 2612,2839 2520,2834 2492,2859 1681,2839"/>
                <Baseline points="1691,2875 1736,2875 1781,2875 1827,2875 1872,2876 1918,2876 1963,2877 2009,2877 2054,2878 2100,2879 2145,2880 2190,2880 2236,2881 2281,2881 2327,2882 2372,2882 2418,2882 2463,2882 2509,2882 2554,2882 2600,2881"/>
                <TextEquiv>
                    <Unicode>er zur Erweiterung des Anhängerkreises der</Unicode>
                </TextEquiv>
            </TextLine>
            <TextLine id="r1l103" custom="readingOrder {index:102;}">
                <Coords points="739,2925 1593,2936 1668,2927 1669,2885 739,2872"/>
                <Baseline points="751,2918 796,2917 841,2917 886,2917 932,2917 977,2918 1022,2918 1068,2919 1113,2919 1158,2920 1204,2920 1249,2920 1294,2921 1339,2921 1385,2921 1430,2921 1475,2920 1521,2919 1566,2918 1611,2917 1657,2915"/>
                <TextEquiv>
                    <Unicode>zogen worden ist, sich immer noch seines Vier¬</Unicode>
                </TextEquiv>
            </TextLine>
            <TextLine id="r1l104" custom="readingOrder {index:103;}">
                <Coords points="1682,2922 2611,2937 2611,2886 2519,2878 1682,2878"/>
                <Baseline points="1694,2918 1739,2920 1784,2921 1829,2922 1875,2922 1920,2923 1965,2923 2010,2923 2056,2923 2101,2923 2146,2923 2191,2923 2237,2924 2282,2924 2327,2924 2372,2925 2418,2925 2463,2926 2508,2927 2553,2929 2599,2931"/>
                <TextEquiv>
                    <Unicode>Radierkunst unendlich viel beigetragen. Erst</Unicode>
                </TextEquiv>
            </TextLine>
            <TextLine id="r1l105" custom="readingOrder {index:104;}">
                <Coords points="754,2971 1665,2976 1649,2920 754,2923"/>
                <Baseline points="765,2965 809,2964 853,2963 898,2963 942,2963 987,2963 1031,2963 1075,2964 1120,2964 1164,2965 1209,2965 1253,2966 1297,2966 1342,2966 1386,2967 1431,2967 1475,2966 1519,2966 1564,2965 1608,2963 1653,2961"/>
                <TextEquiv>
                    <Unicode>händerdaseins erfreuende Affe sind die Favorits</Unicode>
                </TextEquiv>
            </TextLine>
            <TextLine id="r1l106" custom="readingOrder {index:105;}">
                <Coords points="1680,2979 2598,2998 2623,2994 2624,2941 1681,2922"/>
                <Baseline points="1692,2968 1738,2968 1784,2968 1830,2968 1876,2968 1922,2969 1968,2969 2014,2970 2060,2970 2106,2971 2152,2972 2198,2972 2244,2973 2290,2974 2336,2974 2382,2975 2428,2975 2474,2976 2520,2976 2566,2976 2612,2976"/>
                <TextEquiv>
                    <Unicode>später hat der Künstler sich auch zur Herstellung</Unicode>
                </TextEquiv>
            </TextLine>
            <TextLine id="r1l107" custom="readingOrder {index:106;}">
                <Coords points="745,2999 1246,3029 1603,3012 1674,3036 1674,2992 1589,2969 745,2962"/>
                <Baseline points="757,3012 802,3010 847,3009 892,3008 938,3008 983,3008 1028,3008 1073,3009 1119,3010 1164,3010 1209,3011 1254,3012 1300,3013 1345,3013 1390,3014 1435,3014 1481,3014 1526,3013 1571,3012 1616,3011 1662,3009"/>
                <TextEquiv>
                    <Unicode>in seinen Darstellungen. In Geygers graphischen</Unicode>
                </TextEquiv>
            </TextLine>
            <TextLine id="r1l108" custom="readingOrder {index:107;}">
                <Coords points="1678,3012 2619,3039 2619,2993 2559,2979 1678,2976"/>
                <Baseline points="1689,3015 1734,3015 1780,3015 1826,3015 1872,3015 1918,3015 1964,3015 2009,3016 2055,3016 2101,3016 2147,3017 2193,3017 2239,3017 2285,3018 2330,3018 2376,3018 2422,3019 2468,3019 2514,3020 2560,3020 2606,3020"/>
                <TextEquiv>
                    <Unicode>von direkt in die Platte gearbeiteten Original¬</Unicode>
                </TextEquiv>
            </TextLine>
            <TextLine id="r1l109" custom="readingOrder {index:108;}">
                <Coords points="750,3059 1670,3059 1654,3015 750,3004"/>
                <Baseline points="761,3057 805,3057 850,3056 895,3056 940,3056 985,3056 1030,3055 1074,3055 1119,3055 1164,3055 1209,3055 1254,3055 1299,3055 1344,3056 1388,3056 1433,3056 1478,3056 1523,3056 1568,3056 1613,3056 1658,3056"/>
                <TextEquiv>
                    <Unicode>Blättern spielt namentlich der, gelehrtes mensch¬</Unicode>
                </TextEquiv>
            </TextLine>
            <TextLine id="r1l110" custom="readingOrder {index:109;}">
                <Coords points="1672,3050 1752,3076 2552,3081 2612,3070 2613,3030 1672,3025"/>
                <Baseline points="1683,3060 1728,3061 1774,3061 1820,3061 1866,3061 1912,3062 1958,3062 2003,3062 2049,3063 2095,3063 2141,3064 2187,3064 2233,3064 2279,3065 2324,3065 2370,3066 2416,3066 2462,3067 2508,3067 2554,3067 2600,3068"/>
                <TextEquiv>
                    <Unicode>radierungen verstanden, die zwar über wirkliche</Unicode>
                </TextEquiv>
            </TextLine>
            <TextLine id="r1l111" custom="readingOrder {index:110;}">
                <Coords points="749,3103 1248,3102 1301,3130 1340,3107 1669,3108 1669,3057 749,3059"/>
                <Baseline points="760,3103 804,3101 849,3101 894,3100 939,3100 984,3100 1029,3100 1073,3100 1118,3101 1163,3101 1208,3102 1253,3102 1298,3103 1343,3103 1387,3103 1432,3103 1477,3103 1522,3103 1567,3103 1612,3102 1657,3101"/>
                <TextEquiv>
                    <Unicode>liches Tun und Denken ernsthaft nachahmende</Unicode>
                </TextEquiv>
            </TextLine>
            <TextLine id="r1l112" custom="readingOrder {index:111;}">
                <Coords points="1679,3110 2509,3132 2610,3117 2611,3071 1679,3064"/>
                <Baseline points="1691,3104 1736,3105 1781,3106 1827,3107 1872,3107 1918,3108 1963,3108 2008,3108 2054,3109 2099,3109 2145,3109 2190,3109 2235,3110 2281,3110 2326,3110 2372,3111 2417,3112 2462,3112 2508,3113 2553,3114 2599,3116"/>
                <TextEquiv>
                    <Unicode>Einfigurendarstellungen nicht hinausgingen, hier</Unicode>
                </TextEquiv>
            </TextLine>
            <TextLine id="r1l113" custom="readingOrder {index:112;}">
                <Coords points="757,3164 1316,3146 1611,3168 1670,3155 1671,3109 1339,3107 1291,3132 1247,3102 758,3100"/>
                <Baseline points="768,3150 812,3148 857,3147 901,3146 946,3146 990,3146 1035,3146 1079,3146 1124,3147 1168,3147 1213,3148 1258,3149 1302,3149 1347,3150 1391,3150 1436,3151 1480,3151 1525,3151 1569,3150 1614,3149 1659,3148"/>
                <TextEquiv>
                    <Unicode>Affe eine gewichtige Rolle. Der Künstler hat</Unicode>
                </TextEquiv>
            </TextLine>
            <TextLine id="r1l114" custom="readingOrder {index:113;}">
                <Coords points="1676,3160 2605,3179 2591,3112 1676,3111"/>
                <Baseline points="1686,3152 1731,3152 1776,3152 1822,3152 1867,3152 1912,3153 1958,3153 2003,3153 2048,3154 2094,3154 2139,3155 2184,3155 2230,3156 2275,3156 2320,3157 2366,3158 2411,3158 2456,3159 2502,3160 2547,3160 2593,3161"/>
                <TextEquiv>
                    <Unicode>aber gleichfalls durch Tiefe der Zeichnung und</Unicode>
                </TextEquiv>
            </TextLine>
            <TextLine id="r1l115" custom="readingOrder {index:114;}">
                <Coords points="753,3201 1418,3193 1673,3219 1655,3152 753,3155"/>
                <Baseline points="764,3198 808,3196 853,3195 898,3194 943,3193 988,3193 1033,3193 1078,3193 1123,3193 1168,3194 1213,3194 1257,3195 1302,3195 1347,3196 1392,3196 1437,3196 1482,3196 1527,3196 1572,3196 1617,3195 1662,3195"/>
                <TextEquiv>
                    <Unicode>gelehrt tuende Affengruppen, ohne der Lockung</Unicode>
                </TextEquiv>
            </TextLine>
            <TextLine id="r1l116" custom="readingOrder {index:115;}">
                <Coords points="1674,3199 2608,3212 2608,3171 2544,3163 1674,3160"/>
                <Baseline points="1685,3201 1730,3200 1776,3200 1821,3200 1867,3200 1913,3200 1958,3200 2004,3200 2049,3201 2095,3201 2141,3202 2186,3202 2232,3202 2277,3203 2323,3203 2369,3204 2414,3204 2460,3204 2505,3205 2551,3205 2597,3205"/>
                <TextEquiv>
                    <Unicode>warme Fühligkeit des Fleisches dem Künstler eine</Unicode>
                </TextEquiv>
            </TextLine>
            <TextLine id="r1l117" custom="readingOrder {index:116;}">
                <Coords points="745,3237 1674,3252 1674,3215 1603,3202 745,3205"/>
                <Baseline points="757,3246 802,3243 847,3242 892,3241 938,3240 983,3239 1028,3239 1073,3239 1119,3240 1164,3241 1209,3241 1254,3242 1300,3242 1345,3242 1390,3243 1435,3243 1481,3242 1526,3242 1571,3240 1616,3238 1662,3236"/>
                <TextEquiv>
                    <Unicode>zur witzelnden Persiflage im geringsten nachzu¬</Unicode>
                </TextEquiv>
            </TextLine>
            <TextLine id="r1l118" custom="readingOrder {index:117;}">
                <Coords points="1672,3240 1816,3264 2615,3252 2615,3202 1672,3201"/>
                <Baseline points="1684,3241 1732,3242 1780,3244 1829,3244 1877,3245 1925,3246 1974,3246 2022,3247 2070,3247 2119,3247 2167,3247 2216,3247 2264,3248 2312,3248 2361,3248 2409,3248 2457,3249 2506,3249 2554,3250 2603,3251"/>
                <TextEquiv>
                    <Unicode>Vorzugsstellung anwiesen. Es sind Werke aus</Unicode>
                </TextEquiv>
            </TextLine>
            <TextLine id="r1l119" custom="readingOrder {index:118;}">
                <Coords points="752,3284 1267,3313 1317,3290 1669,3297 1669,3247 752,3249"/>
                <Baseline points="762,3290 806,3288 851,3287 896,3286 941,3286 986,3286 1031,3286 1075,3286 1120,3287 1165,3288 1210,3288 1255,3289 1300,3289 1345,3290 1389,3290 1434,3290 1479,3290 1524,3289 1569,3288 1614,3287 1659,3284"/>
                <TextEquiv>
                    <Unicode>geben, mit der Radiernadel wiederholt gezeichnet</Unicode>
                </TextEquiv>
            </TextLine>
            <TextLine id="r1l120" custom="readingOrder {index:119;}">
                <Coords points="1673,3307 2609,3304 2609,3258 2499,3251 1673,3252"/>
                <Baseline points="1684,3290 1729,3291 1775,3292 1820,3292 1866,3293 1912,3293 1957,3294 2003,3294 2049,3294 2094,3294 2140,3294 2186,3294 2231,3294 2277,3294 2323,3294 2368,3294 2414,3294 2460,3295 2505,3295 2551,3295 2597,3296"/>
                <TextEquiv>
                    <Unicode>beiden Perioden in großer Zahl in die derzeitige</Unicode>
                </TextEquiv>
            </TextLine>
            <TextLine id="r1l121" custom="readingOrder {index:120;}">
                <Coords points="752,3343 1672,3350 1647,3292 1235,3312 753,3288"/>
                <Baseline points="763,3335 807,3334 852,3333 897,3332 942,3332 987,3332 1032,3332 1076,3332 1121,3333 1166,3333 1211,3334 1256,3334 1301,3335 1346,3335 1390,3335 1435,3335 1480,3335 1525,3335 1570,3334 1615,3333 1660,3331"/>
                <TextEquiv>
                    <Unicode>und eines dieser Blätter — es stellt eine, in Er¬</Unicode>
                </TextEquiv>
            </TextLine>
            <TextLine id="r1l122" custom="readingOrder {index:121;}">
                <Coords points="1673,3337 1976,3362 2616,3344 2593,3300 1673,3300"/>
                <Baseline points="1683,3336 1729,3336 1775,3337 1821,3338 1867,3338 1913,3339 1959,3339 2005,3340 2051,3340 2097,3341 2143,3341 2189,3342 2235,3342 2281,3342 2327,3342 2373,3342 2419,3342 2465,3342 2511,3342 2557,3342 2604,3341"/>
                <TextEquiv>
                    <Unicode>Ausstellung aufgenommen, die in ihrer stillen</Unicode>
                </TextEquiv>
            </TextLine>
            <TextLine id="r1l123" custom="readingOrder {index:122;}">
                <Coords points="756,3379 1552,3400 1671,3379 1671,3349 1533,3335 756,3342"/>
                <Baseline points="768,3380 812,3379 857,3379 901,3378 946,3378 991,3378 1035,3377 1080,3377 1124,3377 1169,3377 1214,3378 1258,3378 1303,3378 1347,3378 1392,3378 1437,3378 1481,3378 1526,3379 1570,3379 1615,3379 1660,3378"/>
                <TextEquiv>
                    <Unicode>örterung der Darwinistischen Deszendenzlehre um</Unicode>
                </TextEquiv>
            </TextLine>
            <TextLine id="r1l124" custom="readingOrder {index:123;}">
                <Coords points="1677,3381 2203,3413 2433,3381 2497,3407 2622,3393 2622,3340 1677,3354"/>
                <Baseline points="1689,3380 1735,3381 1781,3381 1827,3382 1873,3382 1919,3383 1965,3384 2011,3384 2057,3385 2103,3386 2149,3387 2195,3388 2241,3388 2287,3389 2333,3389 2379,3390 2425,3390 2471,3390 2517,3390 2563,3390 2610,3389"/>
                <TextEquiv>
                    <Unicode>Schönheit eine beruhigende Bürgschaft abgeben</Unicode>
                </TextEquiv>
            </TextLine>
            <TextLine id="r1l125" custom="readingOrder {index:124;}">
                <Coords points="748,3427 1663,3428 1663,3396 1585,3384 748,3388"/>
                <Baseline points="760,3426 804,3425 849,3423 893,3423 938,3422 983,3422 1027,3422 1072,3422 1116,3423 1161,3423 1206,3424 1250,3424 1295,3425 1339,3425 1384,3425 1429,3426 1473,3426 1518,3426 1562,3425 1607,3425 1652,3424"/>
                <TextEquiv>
                    <Unicode>ein fröhlich strampelndes Menschenkindlein ver¬</Unicode>
                </TextEquiv>
            </TextLine>
            <TextLine id="r1l126" custom="readingOrder {index:125;}">
                <Coords points="1683,3437 2499,3450 2536,3444 2537,3398 1684,3387"/>
                <Baseline points="1695,3432 1736,3431 1778,3430 1819,3430 1861,3430 1902,3430 1944,3430 1985,3430 2027,3431 2068,3432 2110,3432 2152,3433 2193,3434 2235,3434 2276,3435 2318,3435 2359,3436 2401,3437 2442,3437 2484,3437 2526,3437"/>
                <TextEquiv>
                    <Unicode>für jeden, der je die Sorge gehegt,</Unicode>
                </TextEquiv>
            </TextLine>
            <TextLine id="r1l127" custom="readingOrder {index:126;}">
                <Coords points="752,3485 1661,3482 1647,3427 753,3435"/>
                <Baseline points="763,3473 807,3472 851,3472 895,3471 940,3471 984,3471 1028,3472 1073,3472 1117,3472 1161,3472 1206,3473 1250,3473 1294,3473 1338,3473 1383,3473 1427,3473 1471,3473 1516,3473 1560,3472 1604,3472 1649,3471"/>
                <TextEquiv>
                    <Unicode>sammelte große Affengruppe dar und befindet sich</Unicode>
                </TextEquiv>
            </TextLine>
            <TextLine id="r1l128" custom="readingOrder {index:127;}">
                <Coords points="1681,3483 2615,3490 2615,3437 1682,3439"/>
                <Baseline points="1692,3475 1737,3475 1783,3475 1828,3475 1874,3476 1920,3476 1965,3477 2011,3477 2056,3478 2102,3479 2148,3480 2193,3480 2239,3481 2284,3481 2330,3481 2376,3481 2421,3481 2467,3481 2512,3480 2558,3479 2604,3478"/>
                <TextEquiv>
                    <Unicode>könne das Überhandnehmen der verschiedenerlei</Unicode>
                </TextEquiv>
            </TextLine>
            <TextLine id="r1l129" custom="readingOrder {index:128;}">
                <Coords points="741,3519 1668,3526 1668,3489 1585,3475 741,3482"/>
                <Baseline points="753,3517 798,3516 843,3516 888,3516 933,3516 978,3516 1023,3517 1069,3517 1114,3517 1159,3518 1204,3519 1249,3519 1294,3519 1339,3520 1385,3520 1430,3520 1475,3519 1520,3518 1565,3518 1610,3516 1656,3514"/>
                <TextEquiv>
                    <Unicode>mit auf unserer Ausstellung, — hat mit beige¬</Unicode>
                </TextEquiv>
            </TextLine>
            <TextLine id="r1l130" custom="readingOrder {index:129;}">
                <Coords points="1679,3531 2392,3521 2598,3551 2613,3489 1679,3485"/>
                <Baseline points="1690,3519 1735,3520 1781,3521 1826,3522 1872,3522 1917,3523 1963,3523 2008,3524 2054,3524 2099,3525 2145,3525 2191,3525 2236,3526 2282,3526 2327,3526 2373,3527 2418,3527 2464,3527 2509,3527 2555,3527 2601,3528"/>
                <TextEquiv>
                    <Unicode>maschinellen Gravüren dem Interesse an diesen</Unicode>
                </TextEquiv>
            </TextLine>
            <TextLine id="r1l131" custom="readingOrder {index:130;}">
                <Coords points="752,3566 1632,3577 1665,3570 1665,3524 752,3529"/>
                <Baseline points="764,3562 808,3562 852,3562 897,3562 941,3562 986,3563 1030,3563 1075,3564 1119,3564 1164,3565 1208,3565 1252,3566 1297,3566 1341,3566 1386,3566 1430,3565 1475,3564 1519,3564 1564,3563 1608,3561 1653,3559"/>
                <TextEquiv>
                    <Unicode>tragen, Ruf und Ruhm des Künstlers weit über</Unicode>
                </TextEquiv>
            </TextLine>
            <TextLine id="r1l132" custom="readingOrder {index:131;}">
                <Coords points="1675,3578 2600,3589 2600,3532 1676,3532"/>
                <Baseline points="1686,3566 1731,3566 1776,3567 1821,3568 1866,3568 1911,3569 1956,3569 2001,3569 2046,3569 2091,3570 2137,3570 2182,3570 2227,3570 2272,3570 2317,3571 2362,3571 2407,3572 2452,3572 2497,3573 2542,3573 2588,3574"/>
                <TextEquiv>
                    <Unicode>von Künstlerhand gearbeiteten Drucken ernstlichen</Unicode>
                </TextEquiv>
            </TextLine>
            <TextLine id="r1l133" custom="readingOrder {index:132;}">
                <Coords points="740,3622 1670,3625 1670,3576 1615,3567 741,3574"/>
                <Baseline points="751,3608 796,3607 841,3607 887,3607 932,3607 977,3607 1023,3608 1068,3608 1113,3609 1159,3609 1204,3609 1249,3610 1295,3610 1340,3610 1385,3610 1431,3610 1476,3610 1521,3609 1567,3609 1612,3608 1658,3606"/>
                <TextEquiv>
                    <Unicode>die Grenzen seines Vaterlandes hinaus zu be¬</Unicode>
                </TextEquiv>
            </TextLine>
            <TextLine id="r1l134" custom="readingOrder {index:133;}">
                <Coords points="1682,3613 2609,3619 2609,3585 2554,3575 1972,3575 1930,3598 1682,3576"/>
                <Baseline points="1694,3611 1739,3612 1784,3613 1829,3614 1874,3615 1920,3615 1965,3616 2010,3616 2055,3616 2100,3616 2146,3616 2191,3616 2236,3616 2281,3616 2326,3616 2372,3616 2417,3616 2462,3616 2507,3617 2552,3618 2598,3619"/>
                <TextEquiv>
                    <Unicode>Abbruch tun. So lange die Maschine keine Seele</Unicode>
                </TextEquiv>
            </TextLine>
            <TextLine id="r1l135" custom="readingOrder {index:134;}">
                <Coords points="741,3667 755,3664 783,3680 799,3663 810,3672 824,3658 849,3669 877,3657 902,3666 930,3656 950,3660 950,3621 915,3622 890,3611 860,3623 832,3610 740,3621"/>
                <Baseline points="753,3656 779,3656 805,3655 832,3654 858,3652 885,3652 911,3653 938,3655"/>
                <TextEquiv>
                    <Unicode>festigen.</Unicode>
                </TextEquiv>
            </TextLine>
            <TextLine id="r1l136" custom="readingOrder {index:135;}">
                <Coords points="1679,3666 2597,3677 2597,3636 2478,3617 1680,3630"/>
                <Baseline points="1692,3658 1736,3659 1781,3660 1826,3661 1870,3662 1915,3662 1960,3662 2004,3663 2049,3663 2094,3663 2139,3663 2183,3663 2228,3663 2273,3663 2317,3663 2362,3663 2407,3663 2451,3663 2496,3663 2541,3664 2586,3664"/>
                <TextEquiv>
                    <Unicode>erhält und der Künstler sich nicht zur Maschine</Unicode>
                </TextEquiv>
            </TextLine>
            <TextLine id="r1l137" custom="readingOrder {index:136;}">
                <Coords points="782,3687 837,3717 1663,3704 1663,3658 1530,3644 782,3660"/>
                <Baseline points="794,3695 836,3695 879,3696 922,3697 965,3697 1008,3698 1051,3698 1094,3699 1137,3699 1180,3700 1223,3700 1265,3701 1308,3701 1351,3701 1394,3701 1437,3701 1480,3701 1523,3701 1566,3700 1609,3699 1652,3699"/>
                <TextEquiv>
                    <Unicode>Unter den hier ausgestellten Plastiken Geygers</Unicode>
                </TextEquiv>
            </TextLine>
            <TextLine id="r1l138" custom="readingOrder {index:137;}">
                <Coords points="1678,3715 2563,3731 2618,3715 2619,3685 1678,3669"/>
                <Baseline points="1690,3705 1735,3706 1781,3707 1827,3708 1873,3709 1919,3709 1965,3709 2011,3709 2057,3709 2103,3709 2149,3708 2194,3708 2240,3708 2286,3708 2332,3708 2378,3708 2424,3709 2470,3710 2516,3711 2562,3713 2608,3715"/>
                <TextEquiv>
                    <Unicode>degradiert, ist der Eintritt eines solchen Wandels</Unicode>
                </TextEquiv>
            </TextLine>
            <TextLine id="r1l139" custom="readingOrder {index:138;}">
                <Coords points="746,3735 797,3762 1673,3746 1673,3718 1623,3707 896,3714 746,3689"/>
                <Baseline points="757,3744 802,3745 847,3747 892,3748 938,3749 983,3750 1028,3750 1073,3751 1119,3751 1164,3751 1209,3751 1254,3751 1300,3751 1345,3751 1390,3751 1435,3750 1481,3750 1526,3749 1571,3748 1616,3748 1662,3747"/>
                <TextEquiv>
                    <Unicode>das Hauptstück zeigt einen lebensgroß in Bronze</Unicode>
                </TextEquiv>
            </TextLine>
            <TextLine id="r1l140" custom="readingOrder {index:139;}">
                <Coords points="2363,3779 2409,3776 2442,3761 2478,3779 2518,3773 2529,3783 2547,3777 2575,3783 2577,3730 2561,3724 2504,3708 2471,3719 2458,3711 2416,3717 2407,3709 2366,3710"/>
                <Baseline points="2376,3749 2402,3750 2429,3750 2456,3750 2483,3750 2510,3752 2537,3754 2564,3759"/>
                <TextEquiv>
                    <Unicode>H. E. W.</Unicode>
                </TextEquiv>
            </TextLine>
            <TextLine id="r1l141" custom="readingOrder {index:140;}">
                <Coords points="1672,3778 1755,3787 1780,3771 1856,3773 1890,3760 1929,3785 1980,3769 2017,3787 2072,3769 2072,3730 2051,3734 2014,3711 1918,3718 1881,3695 1844,3720 1755,3707 1672,3716"/>
                <Baseline points="1683,3754 1708,3755 1733,3757 1758,3757 1783,3758 1809,3759 1834,3759 1859,3759 1884,3758 1909,3758 1935,3758 1960,3757 1985,3757 2010,3756 2035,3756 2061,3755"/>
                <TextEquiv>
                    <Unicode>nicht zu befürchten.</Unicode>
                </TextEquiv>
            </TextLine>
            <TextLine id="r1l142" custom="readingOrder {index:141;}">
                <Coords points="740,3802 959,3827 1695,3818 1695,3756 798,3761 740,3726"/>
                <Baseline points="752,3794 798,3795 845,3796 891,3796 938,3797 985,3797 1031,3797 1078,3798 1124,3798 1171,3798 1218,3798 1264,3798 1311,3798 1357,3798 1404,3798 1451,3797 1497,3797 1544,3796 1590,3796 1637,3795 1684,3794"/>
                <TextEquiv>
                    <Unicode>gearbeiteten Pavian, der im gemächlichen Aus¬</Unicode>
                </TextEquiv>
            </TextLine>
            <TextEquiv>
                <Unicode>box 15/2
Kakadu
gruene
Der
9.3 S  n anan un 
zuoger. Lrrensgroße hingematten Franen eine; halt er sie, auf drei Handen stehend, mit der
viel größere „Tat“ bedeutet. Denn die hier an¬
i vierten weit von sich ab, um sie mit der Be¬
gewandten Farbenmassen auch nur so auf die
dächtigkeit des Denkers zu betrachten, der gewohnt
Fläche zu übertragen, daß sie nicht als Chaos
ist, jeder Sache auf den Grund zu gehen. Wenn
wirken, sondern die gewollte Absicht des Malers
Der gelehrte Gestus des Anthropomorphen bei
immerhin deutlich erkennen lassen, ist schon eine
einzelnen Beschauern auch Heiterkeit erregen mag,
Arbeit, die nicht zu unterschätzen ist. Aber eben
so ergibt sich diese eben nur aus unserer eigenen
doch nur Arbeit. Das Kunstwerk aber darf den
anmaßlichen Neigung, alles lächerlich zu finden,
Beschauer die Mühen des Schaffens auch nicht
was in den Tier- und insbesondere in den Be¬
entfernt ahnen lassen für diesen muß das Kunst¬
wegungen des Affen an menschlich Art erinnert,
werk vielmehr eine Art Geschenk sein einer Gott¬
ohne daß wir in unserem Recht##ußtsein so¬
heit, das dem zu beneidenden Glücklichen wie im
weit gekommen wären, auch jenen das Recht der
Traume zugefallen ist. Das „Kasperle=Theater“
Gegenseitigkeit einzuräumen, das doch so nahe
obwohl gleichfalls noch ohne Anspruch
liegt. Dem Künstler aber war es bei diesem
auf Einwertung als einwandfreies Kunstwerk,
einen so wenig wie bei irgend einem seiner on¬
wirkt doch schon durch seine kleineren Verhält¬
deren Tierbilder um einen Witz zu tun, er hat
nisse geschlossener und darum auch bildgemäßer
eben hier wie stets in seinen Werken lediglich
als jene übergroße Tafel.
auf Grund seiner ganz eminenten Naturbeobach¬
tung gestaltet. Geyger lebt in Florenz und
die Ausstrahlungen der in dieser glücklichen Stadt
Ernst Moritz Geyger zählt zu den künst¬
wie in einem Brennglase zusammenschießenden
lerischen Adelsnaturen. Wo immer er ansetzt,
köstlichen Kunsteindrücke treten u. a. in zwei
als Maler, Graphiker und Plastiker schafft er
Handspiegeln zu tage, die, in Silberguß ge¬
Großes. Seine persönliche Neigung gilt vor¬
arbeitet, von Cellinischer Anmut erfüllt sind. Den
nehmlich der Graphik und mehr als dieser noch
Handgriff des einen Spiegels bildet eine männ¬
der Plastik. Wir haben ihn im Frühjahr dieses
lichte Naktfigur, den des zweiten, reiches, alt¬
Jahres an der Hand einer, in dem alten Kunst¬
florentinisches Rankenornament. Die Rückenfläche
salon Commeter, Hermannstraße 46—48, it
beider Spiegel ist mit figürlichen, deutungsreichen
Bedacht ausgewählten Sammlung von Kunst¬
Darstellungen geschmückt. Der ersterwähnte
blättern als Radierer kennen gelernt. Jetzt wird
Spiegel ist in je einem Exemplare von der deut¬
er uns an derselben Stelle in einer, an Zahl
schen Kaiserin und den kunstgewerblichen
kleinen, für die Kennzeichnung der Eigenart des
Museen von Berlin und Dresden erworben.
genialen Mannes aber ungemein charakteristischen
Zugleich mit den Arbeiten Geygers ist in
Auswahl seiner Werke auch als Plastiker bekannt
dem alten Ausstellungssalon Commeter eine
gemacht. Unter den Radierungen Geygers, die
große Anzahl von Radierungen von Karl
ebenfalls jetzt mit ausgestellt sind, befindet sich
Koepping ausgestellt, die als Höchstleistungen
eine Radierung nach Botticelli, „Der Frühling“,
dessen angesprochen werden können, was die
die jeden Zweifel über des Künstlers meisterliche
deutsche Kunst auf diesem Gebiete heute bietet.
Vertrautheit mit der menschlichen Form aus¬
Karl Koepping hat die Grundlage seines
schließt. Gleichwohl sind die Werke, die Zeugnis
Ruhmes mit Reproduktionen gelegt. Er be¬
ablegen von seiner Beherrschutig auch dieser Form
schränkte sich die längste Zeit auf die Wiedergabe
selten und sie stehen auf unserer Ausstellung zu¬
von berühmten Originalen nach alten und auch
rück hinter den Beweisen der Liebe, mit der er,
neueren Meistern, wie Rembrand, Frans Hald,
ausgehend von den Tagen seiner Kindheit, bis
van Dyck, Tizian, Munkaczy u. a. Indem er
in die Gegenwart herein, sich zur Tierwelt hin¬
gleichzeitig für diese reproduktiven Radierungen
gezogen fühlt. Der philosophische Marabu, der
Platten wählte, die über die sonst üblichen Maße
königliche Löwe, der possierliche Bär das vor¬
erheblich hinaus gingen, und in seinen Licht. und
sintflutliche Nilpferd, der, trotz der fatalen ver¬
Schattenabstufungen eine Zartheit entwickelte, die
wandtschaftlichen Komplikationen, in die er durch
direkt zu koloristischen Wirkungen hinleitet, hat
die neuere wissenschaftliche Forschung hinein ge¬
er zur Erweiterung des Anhängerkreises der
zogen worden ist, sich immer noch seines Vier¬
Radierkunst unendlich viel beigetragen. Erst
händerdaseins erfreuende Affe sind die Favorits
später hat der Künstler sich auch zur Herstellung
in seinen Darstellungen. In Geygers graphischen
von direkt in die Platte gearbeiteten Original¬
Blättern spielt namentlich der, gelehrtes mensch¬
radierungen verstanden, die zwar über wirkliche
liches Tun und Denken ernsthaft nachahmende
Einfigurendarstellungen nicht hinausgingen, hier
Affe eine gewichtige Rolle. Der Künstler hat
aber gleichfalls durch Tiefe der Zeichnung und
gelehrt tuende Affengruppen, ohne der Lockung
warme Fühligkeit des Fleisches dem Künstler eine
zur witzelnden Persiflage im geringsten nachzu¬
Vorzugsstellung anwiesen. Es sind Werke aus
geben, mit der Radiernadel wiederholt gezeichnet
beiden Perioden in großer Zahl in die derzeitige
und eines dieser Blätter — es stellt eine, in Er¬
Ausstellung aufgenommen, die in ihrer stillen
örterung der Darwinistischen Deszendenzlehre um
Schönheit eine beruhigende Bürgschaft abgeben
ein fröhlich strampelndes Menschenkindlein ver¬
für jeden, der je die Sorge gehegt,
sammelte große Affengruppe dar und befindet sich
könne das Überhandnehmen der verschiedenerlei
mit auf unserer Ausstellung, — hat mit beige¬
maschinellen Gravüren dem Interesse an diesen
tragen, Ruf und Ruhm des Künstlers weit über
von Künstlerhand gearbeiteten Drucken ernstlichen
die Grenzen seines Vaterlandes hinaus zu be¬
Abbruch tun. So lange die Maschine keine Seele
festigen.
erhält und der Künstler sich nicht zur Maschine
Unter den hier ausgestellten Plastiken Geygers
degradiert, ist der Eintritt eines solchen Wandels
das Hauptstück zeigt einen lebensgroß in Bronze
H. E. W.
nicht zu befürchten.
gearbeiteten Pavian, der im gemächlichen Aus¬</Unicode>
            </TextEquiv>
        </TextRegion>
    </Page>
</PcGts>
