3436 4224
242 128 1844 238 9.4. Der gruene Kakadu zyklus
758 965 1156 1027 Telefon 12801.
477 1042 1480 1163 Unternehmen für Zeitungs-Ausschnitte.
1362 1105 1551 1169 Ausschuftt
1377 1153 1637 1269 Nr. 79
643 1146 1300 1283 „OBSERVER“
248 1272 1695 1354 L. österr. behördl. oene. Bureau für Zeitungsberichte u. Personalnachrichten
430 1334 1530 1436 Wien, IX/1. Türkenstrasse 17.
663 1423 1303 1504 Filiale in Budapest: „Figyeló“
348 1485 1619 1579 Vertretungen in Berlin, Chioage, London, Newyork, Paris, Stockholm.
256 1611 735 1722 Ausschnitt aus
712 1631 912 1757 82—
936 1673 1591 1791 Vorwärts, Berlin
486 1734 894 1848 Ll.S 90.
261 1777 496 1869 vom
859 2119 1212 2229 Notizen. 0
436 2153 1591 2283 — Ein Drama von Erich Schlaikjer: „Heinrick
367 2236 1592 2317 WLorusen, ein bürgerliches Trauerspiek in drei Aufzügen“, ist vor
359 2280 1600 2383 der „Neuen Freien Volksbühne“ zur Aufführung an¬
366 2349 630 2411 genommten. —
460 2349 1600 2438 — Schnitzlers=Einakter=Cyklus „Die Gefährtin“, „Paracelsus“
364 2395 1600 2478 und „Der grüne Kakadu“ wurden im Münchener Residenz¬
382 2431 1609 2512 Theater plotzlich abgesetzt, da „die Tendenzen des „Grünen
366 2475 1471 2585 Kukadu“ in höheren Kreisen Mißfallen erregt haben“ sollen. —
732 3010 1318 3097 Bezugs-Bedingungen.
300 3067 1469 3171 Für 50 Zeitungsauschnitte (Artikel oder Notizen) fl. 7.50
1498 3083 1693 3149 inolusive
1208 3119 1434 3188 „ 14.—
1503 3138 1669 3186 Porto.
329 3143 487 3211 „ 100
1338 3157 1447 3209 25.—
1339 3173 1677 3243 53.—1. Zahlbar
330 3182 499 3246 „ 200
331 3224 498 3282 " 500
1272 3189 1711 3296 100.— im Voraus.
333 3263 499 3334 „ 1000
432 3261 1756 3359 im Gegensatze zu anderen Bureaux für Zeitungsausschnitte ist das
307 3327 1764 3396 Abonnement durch keine bestimmte Zeitdauer begrenzt; — auch steht es den
317 3370 1601 3445 Abonnenten frei die aufgegebenen Themen zu ergänzen oder zu ändern.
1988 115 2438 216 box 16/1
2258 990 2674 1075 Telefon 12801.
1976 1084 2976 1214 Unternehmen für Zeitungs-Ausschnitte.
2864 1146 3054 1225 Ausschnttt
2134 1214 3149 1314 „OBSERVER“ Nr. 78
1763 1287 3207 1422 L. österr. behördl. conc. Bureau für Zeitungsberichte u. Personalnachrichter
1939 1377 3031 1479 Wien, IX/1. Türkenstrasse 17.
2162 1454 2839 1568 Filiale in Budapest: „Flgyelö“ —
1854 1535 3138 1652 Vürtretungen in Berlin, Chioago, London, Newyork, Paris, Stockholm.
1757 1579 3007 1769 Rascheik unnt er-et
1773 1728 3301 1908 KStso dackn
2171 1967 2837 2076 Münchener Brief.
2629 2015 3149 2112 München, 17. Mai 1899.
1910 2078 3190 2196 Ein Schnitzler=Abend im Residenztheater. „Die Gefä hrtin“.
1916 2137 3208 2249 „Paracelsus“ — „Der grüne Kakadn“, drei Einacter. Mit diesen
1844 2188 3196 2288 drei Stückchen hat uns die Intendanz einen genußreichen Abend ver¬
1829 2234 3194 2361 schafft, und mit dem „Grünen Kakadn“ sich einen sogenannten „Schlager“.
1838 2277 3209 2401 erworben, der in finanzieller Beziehung, wie wir wünschen wollen,
1838 2332 3203 2435 dem „Weißen Rößl“ nicht nachstehen soll. Die Handlung des Einact ers
1849 2391 3200 2495 „Die Gefährtin“ ist in Kürze folgende: Ein alter Professor, der
1849 2448 3215 2542 um die Untreue seiner viel jüngeren Gattin gewußt, großmüthig aber
1843 2481 3222 2598 dazu geschwiegen hat, erfährt nach dem Tode seiner Frau, daß diese
1856 2543 3224 2642 neue Liebe nur eine flüchtige Spielerei gewesen ist und beschließt mit
1857 2574 3227 2689 einem Seufzer, die Unwürdige zu vergessen. Die Herren Schneider
1859 2632 3184 2747 und Lützenkirchen thaten ihr Möglichstes. Frl. Heese war —
1863 2687 3216 2780 wie immer — sehr gut. Das scenische Arrangement des Herrn Savits
1863 2728 3206 2835 war voller Poesie. — Schnitzler's zweites Stückchen war „Paracelsus.“
1855 2770 3218 2872 Ein grober Waffenschmied läßt seine Roheit an einem Doctor aus.
1857 2823 3227 2939 Der Doctor sucht Rache. Er suggerirt der jungen und zugleich hübschen
1864 2877 3229 2982 Hausfrau eine Liebschaft mit einem Junker. worauf der Schmied vor
1871 2907 3244 3018 Eifersucht zu rasen anfängt. Er läßt sich erst durch vieles Bitten
1861 2968 3232 3086 beruhigen, den Bann der suggerirten Wahnvorstellung zu brechen. Die
1873 3025 3238 3129 Aufführung war keine glänzende. Herr Basil gab den „Doctor“ zu
1883 3072 3214 3182 feierlich, zu sehr gelehrt. Herr Geis zeigte als „Waffenschmied“
1880 3129 3245 3234 sehr viel Grobheit, nur überschrie er sich zu oft. Der Junker des
1890 3171 3239 3277 Herrn Remond fiel in's Wasser. Herr Wohlmuth gab den
1879 3217 3251 3325 Doctor Copus sehr brav. Die Justina des Frl. Dandler, besonders
1889 3278 3248 3373 in der Gestaltung des hypnotischen Zustandes, war sehr gut. Den
1879 3309 3256 3417 meisten Beifall erntete der „Grüne Kakadu“, von welchem wir bereits
1910 3385 2683 3463 in der vorigen Nummer Notiz nahmen.
1858 3387 3140 3515 Abonnenten trei' die aufgegebenen Themen zu ergänzen oder zu ändern.
