3436 4256
1007 81 1191 128 tor bei
994 117 1193 174 lide ver¬
994 161 1198 217 is zum
995 205 1196 262 Mannes
997 245 1191 305 lebhafte
970 324 1192 389 alen oder
973 374 1202 435 ir einen
969 415 1196 481 ches Ver¬
981 465 1196 522 in dem
957 505 1182 562 ärkere ge¬
953 551 1186 611 dem Ab¬
1087 591 1183 653 d so
1102 639 1179 696 ög¬
1078 687 1191 742 chten
1060 732 1179 786 ßider¬
913 772 1183 823 Mann noch
890 813 1181 874 l. Hoffentlich
890 857 1185 919 cht sein wird,
880 901 1184 960 hört auch ein
892 947 1182 1015 des gewalti¬
891 1034 1183 1116 Gärten und
868 1092 1186 1162 chönsten Zier¬
866 1142 1190 1204 ntrauben gar
867 1189 1179 1247 on einer in¬
872 1230 1177 1288 i er von der
861 1264 1180 1331 ist. Vor allem
875 1316 1177 1377 und verbiete
878 1405 1179 1481 1 Nachnittag
869 1463 1183 1526 der 19jährige
880 1513 1180 1571 ole hantierte,
878 1555 1186 1611 de Mutter
898 1600 1180 1663 en und war
887 1696 1172 1767 das schwach¬
990 1750 1171 1807 Sie war
911 1792 1172 1855 Charlotten¬
883 1837 1181 1898 jewesen und
894 1882 1174 1948 Im Montag
902 1927 1181 1983 esehen wor¬
902 1970 1179 2030 agte. Dort
903 2009 1171 2070 on der Ver¬
891 2056 1168 2117 je usw. sind
897 2144 1175 2206 ertem Rock,
908 2191 1182 2251 Ritteilungen
909 2234 1182 2312 chstreße 10,
937 2314 1177 2401 Hoboisten
917 2388 1166 2442 d getrieben.
895 2429 1163 2485 osstraße 17,
906 2474 1167 2529 nst vermißt.
895 2515 1180 2582 en sie seine
899 2598 1178 2669 Der Bäcker¬
902 2660 1175 2719 ir in ange¬
961 2698 1169 2758 Er geriet
976 2747 1173 2810 Ohrfeige.
989 2789 1172 2845 tlich an¬
1054 2829 1178 2889 rper¬
966 2832 1053 2885 rKö
1031 2878 1177 2932 s ver¬
1033 2917 1169 2977 hatte
937 2963 1173 3022 Tatsachen
915 3007 1175 3083 licht zurück¬
930 3047 1170 3111 Geldstrafe
899 3098 1174 3161 gene Tasche
916 3143 1180 3201 c war von
914 3178 1179 3246 fahren und
913 3230 1167 3296 rkauft ohne
923 3270 1173 3337 den schon
1063 3316 1169 3371 We¬
916 3357 1169 3416 olgung von
915 3403 1183 3467 cher Albert
931 3446 1173 3519 verurteilt.
920 3504 1173 3571 ach seinem
934 3554 1177 3612 opulär ge¬
931 3599 1173 3662 es großen
950 3644 1173 3698 mit voll¬
949 3684 1117 3750 stspiel.
943 3730 1181 3808 in Char¬
948 3790 1176 3853 irg Hart¬
963 3836 1177 3892 1 Opern¬
971 3879 1178 3940 jetzt der
991 3926 1185 3983 Kobur¬
965 3972 1175 4025 ich aus¬
966 4017 1163 4072 azu hat
963 4057 1175 4111 erdinand
1568 37 1827 104 e
1226 98 2443 136 m.ann, der beurlaubt war, zur Beerdigung eingetroffen war
1212 138 2425 197 erfährt Professor Pilgram, so heißt der moderne Marke,
1219 170 2436 226 daß Hausmann schon seit zwei Jahren verlobt ist — mit
1217 218 2437 262 Wissen der Verstorbenen und jagt darauf den
1216 267 2433 315 Schänder seines Heims aus dem Hause. Max Reimer spielte
1215 305 2435 361 den Professor mit schlichter Einfachheit, und wirkte durch¬
1218 360 2441 425 aus natürlich. Auch die Olga Merholm wurde von Hedwig
1226 387 2422 444 Pauly vortrefflich verkörpert. Konrad Wiene ver¬
1208 439 2436 485 mochte die große Anziehungskraft Dr. Hausmann's auf
1218 484 2428 545 weibliche Wesen durchaus nicht glaubhaft zu machen; für
1217 522 2438 570 den „Hausfreund“ machte er einen viel zu ehrpusseligen
1211 571 2429 625 Eindruck. Wenn auch der Schmerz um die Tote und die
1219 621 2420 676 Tennahme an dem Hinterbliebenen, die mehr der trotzalle¬
1212 663 2427 718 dem großen Verehrung des Gelehrten als der Reue über
1205 705 2426 750 den Verrat an ihm entspringt, den Ernst der Situation ge¬
1221 749 2429 817 bietet, so darf der Entlarote doch nicht wie ein ertappter
1220 786 2434 834 Schuljunge vor seinem Lehrer stehen. Ein undefinierbares
1215 826 2435 902 Etwas muß erkennen lassen, daß freventlicher Leichtsinn
1205 869 2422 926 und trauriger Mut zusammengewirkt hatten bei dem in¬
1206 915 2436 988 timen Ve hältnis, in das sich der junge Arzt mit der Frau
1217 955 2419 1025 seines Meisters eingelassen hatte, dem er großen Dank schul¬
1222 1012 2431 1071 dete für das freundschaftliche Verhältnis, in dem er zu ihm
1210 1052 1654 1108 gestanden hatte. —
1653 1063 2437 1118 Der zweite Einakter, der nach dem
1204 1103 2426 1158 Willen des Dichters als erster zu geben gewesen wäre das
1203 1143 2430 1211 Versspiel „Paracelsus“ wurde vortrefflich durchgeführt.
1209 1185 2435 1246 Die Titelrolle spielte H. F. Gerhard allerdings nach
1209 1228 2426 1272 meiner Auffassung zu verbissen und auch zu dämonisch; die
1202 1282 2425 1335 Rache, die er an dem glücklicheren Waffenschmied Cyprian
1202 1321 2421 1378 nahm, der die auch von Paracelsus seiner Zeit heißbegehrte
1200 1368 2423 1420 Justina heimgeführt hat, hätte nach dem finsteren Ge¬
1213 1409 2421 1467 bahren dieses Paracelsus weit gefährlicher als mit einem
1200 1461 2431 1518 tragikomischen Spiel enden müssen. In Wirklichkeit ist es
1211 1495 2423 1540 ja doch nur „ein Tropfen Fegefeuer“, den der Wunderdoktor
1208 1543 2430 1592 dem glücklicheren Freier zu verspüren gibt. Hrn. Gerhard
1197 1582 2427 1649 aber erging es wie so manchem Mephistodarsteller, der das
1207 1629 2413 1676 Wort vergißt: „Von allen Geistern, die verneinen, fällt mit
1198 1671 2422 1741 der Schalk am wenigsten zur Last“. Auch er vergaß
1204 1713 2424 1760 ganz darauf, daß dem Wunderdoktor eine gute Portion
1200 1771 2424 1828 überragenden Geistes zu eigen ist, daß er also durchaus
1203 1802 2417 1864 keine Rattenfängerfigur darstellt, die schwere Rache zu
1204 1845 2422 1901 nehmen hat. Ausgezeichnet fand sich dagegen Else Wasa
1206 1889 2421 1937 in die Rolle der Justina, sie bot in der Tat eine meister¬
1198 1936 2412 1995 hafte Leistung und sah obendrein noch entzückend aus.
1205 1992 2423 2040 Etwas zu schwer spielte Helene Alma die jüngere
1203 2026 2403 2078 Schwester Justina's; man hätte sie ihrem Wesen nach fast
1203 2076 2409 2133 für die ältere Schwester halten können, wenn nicht aus der
1196 2098 2428 2174 Sachlage das Gegenteil hervorgegangen wäre. Sehr frisch
1202 2156 2413 2203 war der Waffenschmied Heinz Bernecker's; er traf
1191 2201 2419 2252 alle Gefühlswandlungen dieser erfreulichen Gestalt aus¬
1202 2251 2431 2299 gezeichnet. Paul Bildt brachte die komische Figur des
1207 2281 2425 2335 Stadtarztes zu bester Geltung. Alfred Braun gab den
1199 2347 2411 2388 Junker zu schülerhaft und allzu aufdringlich. — Die Gro¬
1196 2417 2416 2472 ausgearbeiteten Schriftstellerlaune als einem Theaterstück,
1196 2459 2422 2514 auch wenn man der bühnendichterischen Licenz die weitesten
1198 2504 2422 2552 Grenzen zieht. Wenn dem Dichter die Schilderung des
1194 2541 2417 2596 Milieus auch vortrefflich gelungen ist so wirkt die „Gro¬
1204 2596 2424 2647 teske“ doch weit peinlicher als manche verwegenere Sache
1197 2636 2412 2701 der Neuzeit. Daran mochte allerdings zum Teil die zu sehr
1192 2691 2415 2738 auf das Pathologische hinausgespielte Rolle Grain's die
1207 2723 2428 2781 Schuld tragen, die Konrad Wiene zu Rollerhaft durchführte
1199 2770 2416 2831 im Sinne des soeben vom Galgen Geschnittenen nämlich.
1201 2812 2415 2861 Er spielte sie nicht nur so, sondern wählte auch die
1204 2851 2419 2904 Maske entsprechend und das war zu viel, viel zu viel! Vor¬
1202 2899 2419 2956 züglich war dagegen Hedwig Pauly als Marquise Lansac;
1198 2945 2424 2993 sie traf den leichtsinnig=frivolen Ton dieser Lebedame des
1200 2983 2425 3053 18. Jahrhunderts vortrefflich, während die Maske Max
1199 3020 2416 3081 Reimer's als Dichter viel zu philistiös war, um ihn als
1200 3075 2420 3126 Liebling der Marquise legitimieren zu können. Richard
1203 3116 2427 3179 Wirth verfiel in den Fehler, den Wirt und ehemaligen
1193 3163 2411 3222 Theaterdirektor von Anfang an zu verbissen zu spielen, so
1196 3203 2419 3263 daß die Steigerung versagen mußte, als auch er sich als
1199 3251 2410 3309 stiller Revolutionär entpuppt. Georg Paeschke stellte
1192 3306 2426 3352 den Herzog von Cadignan als etwas zu femininen Helden
1195 3337 2420 3411 auf die Bretter, dem man nicht recht glauben wollte, daß
1199 3379 2411 3425 er schon einige Zweikämpfe mit tötlichem Ausgang hinter
1198 3430 2412 3483 sich habe. Besonderes Lob verdient Else Wasa, die die
1208 3483 2416 3527 Schauspielerin leichtesten Geblütes Leocadie mit verblüffen¬
1197 3510 2420 3569 der Natürlichkeit verkörperte. H. F. Gerhard vermochte
1202 3552 2417 3610 die Komödiantenlinie nicht mehr zu verwischen als er auf¬
1199 3599 2416 3660 hören mußte, Komödiant von Beruf zu sein; auch die
1202 3648 2416 3699 „Nuance“, den Herzog von vorne anzufallen und ihm dabei
1210 3692 2405 3749 den Dolch in den — Rücken zu stoßen war zu theatralisch.
1260 3742 2418 3786 Die Gesamtaufführung war sorgfältig vorbereitet sowohl
1200 3784 2411 3836 bezüglich des „Grünen Kakadu“ wie hinsichtlich der anderen
1202 3835 2415 3878 Einakter. Alfred Walter=Horst hat sich daher als ein
1206 3864 2417 3923 würdiger Gedenkfest=Regisseur erwiesen, soweit die Szenen¬
1197 3913 1747 3989 Regie in Betracht kommt.
