3532 4352
270 220 1342 300 9. 3. Der vruene Kakadu
523 273 1337 309 AA S AA ARARSeSeAASASAsSseRsassAAaAArAAAAaee:
1486 216 1919 301 box 15/3
2239 159 2773 209 Francois, Vicomte de Nogeant,
2597 181 2965 245 Mr. Cyril Chadwick
2224 203 2845 283 François, Vicomte de la Tremouilie.
2614 258 2962 300 Mr. Gregorz Kelly
2209 274 2965 335 Marquis de Lansac Mr. Fuller Mellish
2224 325 2971 365 Severine Miss Merle Maddern
2211 336 2967 403 Rollin. Mr. R. W. Tucker
2214 382 2972 433 Prospere Mr. Henry Stephenson
2213 412 2975 461 Henrl M.. Holbrook Blinn
2217 438 2977 497 Gulllaume Mr. R. Owen Meech
2227 470 2977 527 Scaevola Mr. Paul Scardon
2214 496 2965 557 Jules Mr. Harold Matthews
2217 530 2970 582 Michette Miss Helena Van Brugh
2219 554 2972 620 Flipoté. Miss Veda McEvers
2223 593 2978 646 Leocadie Miss Allee John
2217 641 2978 696 Grasset Mr. Sheldon Lewis
2221 670 2977 708 Lebret Mr. Robert Owen
2216 705 2977 758 Grain. Mr. Wilfred Buckland
2209 732 2983 797 The Commissaire. Mr. T. N. Heffron
2501 765 2703 827 EANNELE.
2214 780 2972 859 Hannele Mrs. Fiske
2225 836 2980 891 Gottwald Mr. Holbrook Blinn
2215 872 2981 922 Sister Martha. Miss Alice John
2227 901 2973 957 Tulpe Miss Florine Arnold
2220 932 2979 991 Hedwig. Miss Mabel Reed
2232 962 2967 1021 Pleschke. Mr. Sheldon Lewis
2217 997 2964 1055 Hanke. Mr. R. W. Tucker
2221 1036 2963 1091 Seidel Mr. Edward Mackay
2229 1065 2967 1123 Berger. Mr. Paul Scardon
2224 1096 2972 1147 Schmidt Mr. T. N. Heffron
2218 1128 2978 1189 Dr. Wachler. Mr. Henry Stephenson
2219 1166 2976 1225 Mattern Mr. Fuller Mellish
2223 1196 2985 1250 A Woman’s Figure.Miss Virginia Kline
2227 1237 2982 1271 A Tall. Dark Angel.Mr. Wilfred Bückland
2218 1265 2989 1314 First Angel. Miss Merle Maddern
2217 1297 2976 1348 Second Angel. Miss Veda MeEvers
2227 1318 2979 1386 Third Angel. Miss Helena Van Brugh
2205 1350 2979 1412 Sister Martha Miss John
2233 1386 2973 1449 The Village Tailor Mr. R. Owen Meech
2209 1402 2974 1476 Gottwald Mr. Blinn
2236 1456 2978 1510 Pleschke Mr. Lewis
2230 1493 2968 1538 Hanke Mr. Tucker
2223 1518 2974 1583 Seidel Mr. Mackay
2235 1552 2983 1615 A Stranger. Mr. Blinn
2259 1608 2983 1681 To the Theatrical Profession:—The
2228 1665 2976 1706 HERaLD’s accounts of #first nights' are
2227 1690 2974 1751 invariably cabled to Parts for publication
2228 1725 2978 1788 on the following dag in the European
2220 1754 2407 1806 edition.
2237 1817 2995 1895 No stranger dramatie combination can
2223 1872 2978 1931 well be lmagined than the two plays that
2225 1906 2981 1967 wére grouped in one bill at the Lyceum
2229 1959 2983 2014 Theatre last night. It was the beginning
2213 1992 2970 2071 of the third week of Mrs. Fiske's en¬
2225 2040 2993 2103 gagement, and the plays offered were Mr.;
2228 2081 2986 2141 Arthur Schnitzler’s “grotesquerie“ called
2220 2113 2967 2184 The Green Cockatoe,“ translated by
2225 2162 2978 2235 Mesers. Philip Littell and George Rubles.
2215 2206 2982 2261 followed by Mr. Gerhart Hauptmann's
2229 2246 2972 2302 #dream poem“.Hannele,“ adapted into
2222 2291 2984 2356 English by Miss Mary J. Saff  and Mr.
2225 2340 2556 2396 Percy Mackaye.
2241 2378 2983 2436 Both plays have been seen here before,
2223 2422 2974 2481 and both are weil worth seeing, though in
2215 2469 2981 2529 thls combination they scarcely add to each
2220 2503 2973 2567 other’s effectiveness, But bothwere ex¬
2219 2536 2979 2607 cellently acted, and credit is due Mrs.
2223 2578 2989 2642 Fiske for seeking unusual stage works and
2231 2630 2873 2676 giving them adequate performance.
2240 2674 2986 2729 In The Green Cockatoo“ Mrs. Fisks
2226 2716 2982 2773 does not appear at all. It is a one act
2212 2753 2970 2807 ptay, full of stirring action andpresenting
2220 2787 2987 2840 fine opportunity for individual eptsodes
2224 2836 2990 2888 and for an effective final mob scene. Mr.
2225 2880 2981 2931 Holbrook Blinn was capltal as a mummer
2220 2924 2991 2974 who is stirred to kill the betrayer of his
2232 2965 2970 3021 wife and Miss Alice John was charmingly
2218 3006 2663 3064 picturesque as the wife.
2239 3049 2986 3108 Mr. Edward Mackay was good in the
2224 3085 2990 3145 röle of the betrayer, and Mr. Henty
2229 3127 2979 3177 Stephenson was a zmug keeper of an odd
2227 3163 2976 3212 Paris cabaret. The smaller parts, of which
2226 3201 2974 3240 there are many, were most adequately
2226 3222 2970 3284 filled, and the one thing needed was a bit
2219 3271 2983 3308 more speed in the action, which will doubt¬
2214 3300 2902 3341 less come with further performanges.
2243 3339 2976 3375 In“ Hannele“ Mrs. Fiske played the title
2224 3358 2964 3414 röle with the sincerity that marks all her
2221 3397 2973 3444 work. She refrained from over acting, and
2221 3419 2974 3484 by volce effectively simulated a child's
2228 3466 2975 3513 plaints, fears and delirium. She found
2227 3492 2978 3541 excellent support in Mr. Blinn’s portrayal
2229 3526 2986 3590 lof the simple schoolmaster and in Miss
2222 3562 2886 3602 Allce John’s acting of the deaconess.
2244 3579 2985 3633 Mr. Fuller Melish, as the stepfather, was
2220 3623 2981 3669 dramatie, and the many other röles were
2228 3651 2981 3699 all acted with spirit. The varlous dream
2225 3684 2983 3737 visions were convincingly set forth and the
2224 3717 2969 3771 play seemed to impress the audience, par¬
2226 3753 2972 3805 ticularly at the close. This was scarcely
2225 3792 2967 3831 so at the beginning, as the overture was
2230 3826 2975 3864 interrupted by the applause of impatient
2228 3839 2984 3903 ones who wished the curtaln to rise and
2227 3879 2986 3925 seemed to have had enough of music. The“
2232 3926 2998 3977 latter was specially composed for this
2220 3941 2717 4000 play by Mr. Max Marshalk.
