3436 4256
2031 156 2502 266 box 15/5
1080 166 1435 244 Kakadn
858 185 987 249 11e1
260 198 1928 295 9. 4. Der pr. ZVKInS
465 1093 3325 1189 Finnland, das dis 1809 zu Schweden gehörte, und! Das „Prage! Tagblalt heorsheldot; daß dersja Die anderen Fractionen wa
371 1161 3330 1241 das in seinem Landtag unter 294 Mitgliedern noch bei Gedanke der Kreisämter auch den Deutschen seit geraumer jenigen zu erzählen, welche nig
383 1237 3305 1295 158 Schweden zählt, wird in seiner Selbständigkeit von Zeit nicht ferne liege. Das Blatt meint, der springende Punkt nicht geleugnet werden, daß
374 1284 3325 1324 Schweden=Norwegen als ein werthvolles Unterpfand für in der Frage sei, ob bei der geplanten Kreiseintheilung die dem Rücktritte Plener's vom
479 1365 3312 1450 Von der Zusammenfassung seiner einactigen Stücke gewesen. Die erstere Suggestion wird zur Züchtigung früher Theaterdirector war,
384 1459 3313 1510 „Paracelsus“, „Die Gefährtin“ und „Der grüne Kakadu“ des allzu selbstbewußten Herrn Cyprian, die zweite wirdcessionirte Verbrecherkneipe
376 1511 3294 1551 durch einen Gesammttitel hat Schnitzler abgesehen. Er zur Lection für Paracelsus selbst. Das ist Alles. Ein einen schrecklichen Ruf a
373 1519 3327 1602 überläßt es den Leuten, die sonst nichts Besseres zu hübscher Gedanke, aber keine Handlung. Stoff genug engagirten Schauspieler Pr
382 1579 3325 1657 thun haben, einen solchen Titel, den verbindenden Ideen= für eine zierliche Novelle, aber keine Schauspielidee. In treten, um einem hohen
1553 1610 3332 1687 guten Versen plätschert das dahin, vielleicht recht ange= würdigen Publicum ein geli
389 1639 1569 1690 faden zu suchen. Das ist zwecklose Tändelei. In Wahr¬
2719 1658 3333 1740 dem Abend soll der Star
1555 1661 2742 1726 nehm zu flüchtiger Lectüre, aber öde und ermüdend im
375 1685 1566 1757 heit besteht nicht die geringste Verbindung zwischen dem
387 1725 3334 1799 Sinn der drei Stücke. Oder richtiger gesagt, die Ver= Schneckengang über die Bühne. — Das zweite Stück, spieler Henri, zum letzten
2724 1756 3324 1827 seine langjährige Geliebte,
378 1767 2745 1857 bindung, die künstlich hergestellt ist, läßt sich zwischen das einactige Schauspiel Die Gefährtin“ führt uns in
381 1818 3309 1901 allen erdenklichen Einactern herstellen. Es bedarf dazu die Villa des Professors Robert Pilgram. Er hat soeben geheiratet und will mit ihr
395 1886 3324 1952 lediglich einer Aeußerlichkeit, einer Redewendung, irgend seine Frau zu Grabe geleitet. Nun ist er — endlich Dorf hinaus, wo er daheim
2722 1897 3300 1981 in der Verbrecherspelunke
387 1910 2743 2000 eines „und“, irgend eines „aber“, das sich füglich allein. Denn seine Frau war ihm seit Jahren entfremdet,
2726 1946 3337 2025 Tric zurechtgelegt. Er kon
385 1962 2744 2055 überall findet. Wenn man das nachsichtig als Ideen= sie hatte mit dem Assistenten des Professors, Dr. Haus¬
2726 2001 3318 2070 Leocadie aus dem Theater
1558 2002 2738 2091 mann, ein gemüthliches, häusliches Liebesverhältniß unter¬
394 2032 1566 2095 connex anerkennen will, dann ist ja Alles in Ordnung.
1558 2023 3336 2128 halten. Pilgram wußte das. Nun kommt Hausmann Garderobe gedrungen, hab
386 2076 1573 2137 Wirklich gemeinsam ist den drei Einactern Schnitzler's
394 2128 3327 2190 blos der flache, epische Verlauf, der vollständige Mangel aus Scheveningen und der Professor erwartet, er werde Situation mit dem jungen
397 2141 3333 2233 jeder dramatischen Verknotung und Lösung. Das haspelt in wildem Seelenschmerz vor ihm zusammenbrechen. Er ist troffen und habe den Herzo
400 2190 3328 2288 sich in der That herunter wie ein dreigetheilter Strähn bereit, ihn liebevoll zu erheben und zu trösten. Aber der und spielt er so naturwahr
398 2225 3330 2321 weicher Strickwolle. Nach moderner Auffassung ist es Schwerenöther Hausmann hat sich an der Nordsee ver=wahrscheinlich, daß Prosper
387 2285 3337 2376 daher höchste dramatische Kunst. Nach urwüchsiger lobt, während seine Geliebte starb. Das erst ruft die ihn thatsächlich mit dem He
399 2372 3295 2427 Empfindung aber ist es einfach — langweilig. Dabei moralische Entrüstung des merkwürdigen Eheheiligen dieser eben die Treppe
391 2423 3324 2486 fehlt, was sonst bei Schnitzler überreichlich geboten ist, Professor Pilgram wach. Er jagt Hausmann über die stürzt sich Henri auf ihn
401 2427 3337 2537 die Milieuschilderung. Da ist nichts als Convention. Schwelle. Man weiß nicht, warum erst jetzt. Und nun nieder. Um diese anekdotisch
395 2486 3338 2584 Im ersten Stück, dem einactigen Schauspiel „Para= erfährt Pilgram auch noch, daß seine liebe Frau von splitter mosaikartig angeord
394 2531 3341 2606 celsus“, werden wir in das Haus des ehr= der Verlobung Hausmann's wußte und dagegen gar der wenig erquicklichen Sce
393 2620 3329 2693 samen Baseler Waffenschmiedes Cyprian geführt, nichts einzuwenden hatte. Er hat also seinen Assistenten geschwängerten Atmosphäre
409 2668 3338 2723 zur Zeit, da der berühmte Arzt, Chemiker und doch zu früh hinausgeworfen. Er legt den Kranz Haus= wegs aufregend. Man erw
1581 2678 3335 2750 mann's auf den Schreibtisch der Verstorbenen und geht Erregung, auf Erschütterung
398 2694 1589 2778 Theosoph Paracelsus in der Stadt erscheint und durch
1573 2728 3334 2806 schlafen. Man darf beruhigt annehmen, er werde eine schieht nichts, was solche A#
397 2749 1588 2808 seine wunderliche Art wie durch seine Wundercuren Auf¬
1573 2773 3345 2866 gute Nacht haben. Schluß. Auch das ist eine Erzählung, Denn der Comödiantendolch
411 2794 1587 2868 sehen erregt. Cyprian lädt den Wundermann in sein
404 2854 3333 2923 Haus, nicht nur, um sich von ihm für einen Gasttrunk aber kein Schauspiel, ein Spiel psychologischer Augenblicks= That wird, ist ein stark vel
1573 2863 3333 2937 wandlungen, eine Art Seelenkinematograph, aber gewiß man muß noch sehr naiv se
407 2897 1583 2963 etwas vorgaukeln zu lassen, sondern auch, um sich an
1575 2916 3321 2987 keine dramatische Arbeit. Man mag mit Interesse diesen werden. Auch dieses Stück
407 2931 1580 3020 dem Erstaunen seiner Frau zu weiden, um die Paracelsus
1586 2960 3328 3051 zittrigen Seelenbildern folgen, aber daß sie zu fesseln, Stoff in scenischer Form, k
406 2991 1589 3054 einst, da er noch als Bombastus von Hohenheim die
2747 3015 2938 3095 Inhalt.
1581 3025 2757 3098 zu erschüttern vermöchten, wird wol Niemand ernsthaft
407 3044 1587 3112 Baseler Hochschule besuchte, gefreit hatte. Paracelsus
2823 3039 3346 3128 Wie der epische Char
1581 3049 2764 3142 behaupten wollen. Der dritte Einacter, die „Groteske“
409 3089 1582 3151 versetzt die tugendsame Bürgersfrau Justina in hypnotischen
1588 3121 3337 3190 „Der grüne Kakadu“, läßt uns in die Spelunke des actern Schnitzler's auch eine
412 3139 1595 3202 Zustand und suggerirt ihr, daß sie mit dem schmucken
405 3164 3330 3246 Junker Anselm sündhaften Umgang gepflogen habe und Bürgers Prospère zu Paris an dem Tage eintreten, da tischer“ Wendungen gemein
407 3229 3343 3325 dann, daß sie so wahr sein solle, wie sie es nie noch die Bastille erstürmt wird. Der pfiffige Prospère, der scenischen Antithesen, der
