3436 4256
2022 204 2509 305 box 15/5
268 223 1894 339 9.4. Der gruehe Kakadn zvkIns
109 1346 3249 1461 im Hauptzwecke auch die hänger der 67er Gesetze bekannte und dafür Solge Ulüg.kiufen seitens der liveralen Partei begrußt, den Saal. Där
1392 1435 1478 1501 —
552 1447 681 1520 S
683 1463 3250 1565 denn wir sind nun gottlob so sehr gut erzogen; und wir be= licher Rath anbietet, lockt ihn nicht. Dies ist ein Costümstück.
131 1524 3244 1616 PTOl¬E,dürfen der Illusionen, an die wir uns doch nicht mehr halten Ein Vorposten, an dem eben nicht viel liegt, wenn er ver¬
710 1582 2231 1665 können. Sie zerrinnen stündlich. Wir aber leben davon, daß wir toren geht.
2079 1590 3254 1676 „Die Gefährtin“ spielt in der Gegenwart. Professor Pil¬
106 1630 1989 1725 sen Tagen. An## C(uns für das eine Trugbild, das uns eben entschwand, einen
1967 1655 3251 1727 gram hat eben seine Frau begraben. Zehn Jahre haben sie neben¬
716 1658 1977 1770 neuen Regenbogen an die graue Wolkenwand unseres Lebens
129 1698 728 1784 ie Gefährtin Schauspiel;
1960 1707 3251 1767 einander gelebt. Zwei davon waren Jahre des Glückes. Seine
727 1735 929 1809 träumen.
150 1730 730 1812 Drei Einacter von Arthur
1966 1753 3253 1847 Gefährtin war sie nie. Er war zu alt, sie aber mochte nicht
829 1743 1988 1835 Gemeinsam ist ihnen Eines: in die Welt des Scheines
160 1795 744 1868 zum erstenmale aufgeführt am
1983 1787 3259 1869 mit ihm dahin, wo sie an seiner Seite hätte fußen können. Er
716 1815 1988 1900 drängt sich in allen Dreien die Wirklichkeit. Sie gewinnen somit
135 1829 266 1902 899.)
1973 1843 3249 1919 weiß das. Er weiß auch, daß sie ihn mit dem Jüngeren, mit
721 1867 1997 1934 ihre Kraft aus jenem Gegensatz, aus der die Kunst überhaupt
123 1861 734 1967 sund Otto Erich Hartleben ist
733 1884 3258 1992 ihre besten Wirkungen zieht. Sie sind vornehm in ihren Mitteln seinem Assistenten betrogen hat. Aber, hoffentlich war sie mindestens
161 1940 736 2003 ## Einactercyklus heraus¬
731 1937 3250 2030 und technisch mit jener vollendeten Sauberkeit gemacht, die an dem mehr als ein Spielzeug. Er hat immer erwartet, die Beiden
109 1973 735 2060 den Stucken mit einem Gesammt¬
1987 1990 3263 2067 würden vor ihn treten, ihre Freiheit und ihre ehrliche Vereinigung
121 2005 1980 2086 in, die ihnen eigentlich nicht sich allen Lobes werth ist. Denn wer in der Form hudelt, der
142 2090 3265 2145 vielleicht nicht eben schwer sudelt gern auch am Geiste. Es ist ein wohlthuendes Gefühl, fordernd. Damit ist es nun nichts. Aber auch jene Illusion,
124 2136 3259 2199 immung oder Empfindung, wie einen Mann bei der Arbeit zu sehen, der jeden Handgriff sicher die ihm die ehebrecherische Frau rein erscheinen ließe, muß zer¬
710 2175 3258 2237 hat und mit unfehlbarer Fertigkeit immer das thut, was der rinnen. Die Wahrheit dringt durch den Schein. Sie war auch
1972 2180 3263 2266 dem Assistenten nicht die Gefährtir; die hat er sich eben erst im
110 2210 1130 2281 kpielen sie. Sehr ungleich sind Augenblick fordert.
1978 2245 3258 2296 Seebad fürs Leben gefunden. Und sie wußte darum; sie
829 2238 1992 2317 Am schwächsten in diesem Dreiklang ist wohl „Paracelsus“.
143 2273 750 2353 in einer Reihe ernsthaft zu
1990 2277 3262 2346 schien sich selber nicht zu gut dafür, wofür sie der Betrogene,
123 2296 1994 2370 (Talent ist vielleicht für diese Zeit: Beginn des sechzehnten Jahrhunderts. Ort: Basel. Schau¬
1987 2323 3252 2399 der am Leben wissende Gatte eigentlich doch noch zu gut gehalten
134 2334 1997 2436 imt. Ihm gerathen die ersten platz: Das Haus eines reichen Waffenschmiedes, der mit seiner
729 2377 3249 2470 Frau in einer ehrbar gesättigten Ehe lebt. Der große Markt= hatte. Wir haben halt immer noch eine zu hohe Meinung von
138 2407 737 2493 in einer Geschlossenheit, die
738 2417 3254 2520 schreier, der in dieser Stadt seine Lehrjahre verbracht, spricht den Weibern. Und mit dieser Erkenntniß, daß er keine Gefallene,
128 2464 736 2542 ihrung der Handlung aufthut.
724 2509 3256 2563 wieder zu, erregt die Menge durch die Wunder seiner suggestiven daß er eine Dirne neben sich gehabt, und daß er den Deckmantel
143 2510 750 2584 sch und mannigfaltig; Beides
1979 2511 3259 2591 für ein unsauberes und den Betheiligten vollkommen klares
722 2536 2002 2610 Kunst. Als Gast kommt er ins Haus des Waffenschmiedes,
158 2566 747 2642 seine Stoffe mehr aus, als
151 2624 3258 2673 ie Kraft liegt, echt dichterisch, dessen schönes Weib einmal den jungen Schüler gerne, sehr gerne Spiel gewesen sei, bleibt der Professor allein. Auch aus dem
136 2666 3259 2720 ine Einacter so durchaus er=gesehen. Nun bedrängt sie ein Junker mit seiner Grabe heraus dringt die Erkenntniß, sie, die so traurig ist
1195 2666 3260 2744 der denn doch der Wunsch nach und die auch dorthin leuchtet, wo man in sich gerne etwas
957 2694 1220 2759 sie, in
139 2707 972 2783 nd kunstvoller Rhythmus des Werbung,
1979 2728 3263 2778 Schatten möchte, nur so viel, daß eben eine kleine, heimliche
719 2716 1999 2796 einem heißeren Glück schläft, als das ihr der Gatte
1980 2761 3267 2832 Illusion zusammengekauert Raum fände. Es ist ein verzagtes und
132 2765 1996 2860 aber liegt in einem stillen gibt. Paracelsi Kunst bringt Offenbarung; in den Schein eines
1985 2804 3258 2874 ein müdes Stück: mit eitel Stacheln, die schmerzen und aufreizen.
154 2825 2002 2910 ich sein — und er kann es ehelichen Glückes zieht er die sündigen Gedanken, die durch die
121 2852 3271 2965 icht mehr; freudig — aber das Seele der jungen Frau geistern, und bringt so den Gatten zur Aber, es ist voll Maß und weiser Oekonomie und von einer
1988 2903 3260 2971 vornehmen Schlichtheit. Reich an glücklichen Wendungen und
125 2912 2004 3000 keine Kraft kehren? Müdigkeit Einsicht seiner Pflicht im höheren Sinne. Niemals hat er
1990 2948 3263 3031 Worten, bezwingend in seiner Art. „Der grüne Kakadu" und
136 2956 1999 3062 Faust gebraucht hat, weil er geahnt, daß es derlei gebe. Dann, nachdem Paracelsus noch
1985 2984 3265 3075 „Die Gefährtin“ — zwischen ihnen muß man schwanken, und sie
133 3022 1993 3102 reinschlagen. Ein elegisch ver= die Schwester des Rüstmeisters mit jenem Junker vereinigt, der
129 3057 3279 3156 ßen, das gerne zürnen möchte, ihrer Schwägerin nachgestellt, zieht der Unstete weiter. Die sind die schönen und weithin sichtbaren Marksteine, die Schnitzler
138 3102 2783 3218 wir regen uns nicht mehr auf, Stelle des zweiten Stadtarztes von Basel, die ihm ein lob= bisher seinem Schaffen aufgerichtet hat.
