3484 4256
1387 219 1854 309 box 15/3
698 229 1278 299 ruene Kakadu
184 229 603 320 9.3. Der
435 250 1246 333 Der gruche nakada
1967 917 3193 1001 Stuckes, als er weder innerlich noch äußerlich etwas erlebt, inso¬
746 940 1983 1011 cavalleria apachiana benennen. Aber es wäre toricht, woulte man
1978 972 3185 1043 fern nämlich, als das äußerliche Erlebnis sein Innerstes auch
739 991 1976 1051 darüber schelten, wenn im Theater Theater gespielt wird; wenn
138 979 721 1073 der Dürergesellschaft
1959 1000 3208 1086 nicht im entferntesten berührt. Seine Schlußworte lassen dies
750 1022 1976 1093 es eben mit dem Anstand und der künstlerischen Handhabung eines
1978 1038 3196 1114 deutlich genug erkennen. Ein Erlebnis haben nur die beiden
161 1046 686 1138 Rater. J4440
752 1074 1971 1140 Schnitzlers geschieht, so hat das Werk seine Berechtigung in sich.
2557 1082 3200 1155 Es ließe sich über die Charakte¬
1969 1102 2583 1155 Frauen, jede in ihrer Weise. —
862 1128 1964 1177 Schnitzler nennt seinen „Grünen Kakadu“ eine Groteske,
159 1109 731 1199 er und „Der Kammersänger“
1976 1119 3184 1193 ristik des Kammersängers wie über die ganze Anlage dieses ent¬
746 1150 1983 1210 eine Groteske freilich mit bitterem Beigeschmack. Wedekind gab
159 1170 335 1223 kind.
1977 1166 3207 1230 schieden genial gesehenen Werkes noch viel plaudern, was uns
750 1202 1986 1258 seinem „Kammersänger“ keine Gattungsbezeichnung auf den
1974 1219 3199 1271 indes hier zu weit führen würde; nur eines muß noch erwähnt
181 1208 723 1279 Stettin, 10. November.
758 1240 1968 1292 Weg, der alte Spötter; damit wurde er freilich selbst daran schuld,
1971 1248 3204 1299 werden: man täte dem Dichter sicherlich unrecht, wenn man
183 1262 737 1318 g der Dürergesellschaft war,
750 1271 1968 1337 daß der tiefere Sinn des Werkes nicht überall richtig erkannt
1970 1284 3204 1351 meinte, er habe sagen wollen, ganz speziell die Bühnenkünstler
152 1299 758 1367 tlich eine kleine Blamage für
747 1308 1973 1360 wurde. Man könnte sich versucht fühlen, ihm den Grabbeschen
1972 1332 3198 1378 seien im Gegensatz zu der bürgerlichen Sentimentalität abge¬
159 1345 757 1411 ne. Daß es wirklich erst der
743 1343 1972 1410 Untertitel zu geben: „Scherz, Satire, Ironie und tiefere Bedeu¬
1985 1365 3199 1424 brühte Egoisten; was Wedekind dem Kammersänger in den Mund
146 1380 751 1437 sellschaft bedurfte, um diese
750 1377 1980 1455 tung“, aber es handelt sich tatsächlich um eine Tragikomödie, die
1984 1398 3202 1463 legt, gilt mutatis mutandis von jedem Künstler, und Wedekind ist
151 1417 756 1482 khr ganz neuen Werke dem
760 1435 1982 1492 sich freilich zu einer echten Tragödie auswächst. Der Titel ist
1987 1448 3198 1501 vorurteilslos genug, um anzuerkennen, daß die Kunst und ihre
145 1454 743 1526 mTeil von ihm, vorzustellen!
757 1468 1982 1538 irreführend. Nicht der Kammersänger ist der Held des Stückes,
1981 1480 3196 1533 Verkünder egoistisch sein müßten, sonst „kommen sie eben nicht
148 1496 743 1553 hnenfähigkeit längst erwiesen.
758 1511 1969 1572 sondern es ist das Publikum, das hier in zwei Vertretern vorge¬
2240 1530 3197 1586 Ihr Los ist das Alberichs, der der Liebe abschwor,
1978 1521 2258 1591 in Betracht.“
161 1545 759 1597 es sei in Stettin kein Interesse
761 1549 1975 1606 führt wird, dem kleinen schwärmenden Mädel und der reifen,
1976 1557 2719 1634 um das Nibelungengold zu erringen.
153 1572 755 1644 it stellte man doch dem Kunst¬
754 1579 1969 1641 leidenschaftlichen Frau. Die Szene des Professors Dühring dient
2079 1600 3200 1667 Jedenfalls wird der Dichter Wedekind uns nicht den Vor¬
159 1617 756 1681 u klägliches Zeugnis aus, denn
751 1626 1992 1699 nur der Kontrastwirkung, sie hat mit der inneren Handlungnich
1976 1649 3206 1712 wurf machen können, daß wir sein Werk hinter dem der Darsteller
163 1650 746 1724 ist eher ein schlechtes als ein
759 1676 1992 1729 zu tun. Die beiden Frauen reprasentieren jenes Publikum, das.
1979 1688 3205 1744 zurücktreten ließen. Denn bei der Betrachtung der Aufführung
165 1687 756 1751 Grund nur zu oft in einer
757 1686 1986 1765 die Welt des Scheins nicht von der des Seins, den Künffiler nicht
1975 1719 3212 1796 selbst müssen wir uns notgedrungen etwas kurz fassen. Die
176 1743 752 1799 wenn wir hier auch an der
762 1741 1973 1800 von der Rolle, die Person nicht von der Sache trennen kann.
1988 1756 3199 1822 männliche Hauptrolle in jedem der beiden Stücke hatte Herr
148 1765 757 1834 decten Tafel der Schauspiel¬
755 1777 1984 1841 Beide Frauen lieben ja gar nicht den Mann, sondern den Künstler.
1975 1803 3208 1861 Pötter inne. Sein Henri im „Grünen Kakadu“ war unein¬
147 1805 757 1871 When, daß kaum ein paar Lust¬
751 1815 1976 1882 Die Jüngere kennt ihn überhaupt nur vom der Bühne, ihre un¬
1977 1835 3214 1893 geschränkt prachtvoll. Pötters starkes Temperament konnte sich
146 1852 752 1920 Fallen, dann muß schließlich das
754 1857 1979 1922 reife Schwärmerei kann nur ein tragikomisches Ende nehmen;
1983 1877 3212 1943 hier voll ausleben, es ist ja überhaupt eine mit äußerstem Bühnen¬
139 1892 744 1949 Anen. Unsere Künstlerschar für
747 1887 1991 1946 Helene glaubt zwar, den Künstler näher zu kennen, sie hat es
1988 1923 3207 1983 geschick hingestellte Figur Schnitzlers. Nicht so aber erfüllte Herr
144 1922 757 1989 Aern ganz klar, ist doch immer¬
760 1926 1975 1992 aber einfach überhört, daß er ihr nie Versprechungen gemacht hat,
1980 1955 3213 2022 Pötter alls darstellerischen Anforderungen des Kammersängers.
165 1976 749 2036 guter Regie auch einmal mit
754 1974 1976 2038 aber sie hat nicht die innere Kraft, unter dem idealen Künstler
1986 1991 3204 2062 Der Künstler ist schon an sich eine viel zu scharf profilierte
162 2010 530 2077 are absehen kann.
755 2006 1808 2077 den realen Menschen zu erkennen. Daran zerbricht sie.
1980 2040 3194 2108 Bühnenerscheinung, mehr Charakterspieler als Tenor. Vor allem
875 2039 1978 2115 Daß Wedekind in dem Kammersänger und dem, was er
154 2054 748 2118 indert natürlich das Verdienst
1981 2065 3207 2126 aber verschwendete Herr Pötter viel zu viel Intelligenz, er prägte
751 2088 1980 2156 spricht, zugleich eine sehr feine Satire auf seine Kollegen schuf,
147 2092 752 2162 ise, vor allem aber war auch
1990 2117 3212 2181 jedes Wort so aus, als handelte es sich bei den Reden des Kammer¬
751 2120 1980 2197 zugleich auch Seitenhiebe hierhin und dorthin austeilt, auf den
143 2141 759 2193 n Werke eine recht glückliche.
1986 2157 3197 2222 sängers wirklich um Aeußerungen einer reifen, philosophisch
757 2174 1982 2227 lächerlichen Wagnerkult, auf falsche Sentimentalität usw., das
166 2171 756 2238 e Gemeinschaft, in beiden dreht
1977 2188 3206 2265 durchdachten Lebensanschauung. Das war natürlich Wedekinds
742 2200 1979 2267 kommt erst in zweiter Linie. Die Feinheit der Wedekindschen Ar¬
158 2215 749 2281 der Welt des Scheins mit der
1987 2229 3202 2285 Absicht nicht, den Kammersänger als besonders scharfen Denker
745 2238 1994 2323 beit steckt in der Art, wie er gewissermaßen die Gewichte gleich¬
153 2251 751 2312 m und Darsteller Spieler und
1989 2262 3204 2330 hinzustellen. Bewahre, was er ihn verkünden läßt, ist die bequeme
755 2280 1989 2342 mäßig verteilt, nicht Schwarzweißkunst gibt, sondern Spieler und
156 2292 758 2357 klerischen Absichten der beiden
1976 2309 3217 2369 Lebensanschauung derer, die Erfolg gehabt haben, die Philosophie
759 2334 1988 2379 Gegenspieler mit gleichen Waffen ausrüstet. Ist der Kammer¬
150 2334 749 2401 er verfolgt in seinem „Grünen
1987 2340 3216 2411 des satten Magens, nüchtern, rein, utilitaristisch. Als praktische
761 2366 1975 2418 sänger ein verächtlicher Mensch? Nie und nimmer, aus keinem
165 2375 752 2428 nicht tadelnswerte Absicht: ein
1982 2393 3201 2454 Menschen müssen wir allem, was er sagt, durchaus recht geben.
765 2411 1987 2457 Worte kann man schließen, daß er nicht wirklich ein bedeutender
154 2408 752 2472 n, Wedekinds „Kammersänger“
1983 2427 3208 2491 aber unser innerstes Gefühl bäumt sich doch dagegen auf. Nicht
759 2449 1974 2498 Künstler ist. Wenn er einmal sagt: er sei nur Wagnersänger und
146 2450 756 2510 wir noch zu sprechen kommen.
1986 2481 3216 2523 ohne Absicht, zugleich wieder mit feiner Ironie über den Bildungs¬
760 2481 1989 2541 verstehe daher keine andere Kunst, so darf man dieses Wort nicht
142 2478 756 2547 ution wird ja von den Dra¬
1983 2512 3213 2569 grad so mancher Bühnensänger, läßt Wedekind seinen Kammer¬
763 2521 1978 2582 pressen. Aber er ist ein Wirklichkeitsmensch, lebenstüchtig durch¬
165 2527 760 2579 benutzt, und das mit gutem
1990 2538 3211 2614 sänger einen ehemaligen Tapeziergehilfen sein, und seine Lebens¬
767 2559 1986 2613 aus, auch ein im Grunde anständiger Charakter. Er aber kennt
154 2576 763 2625 unermeßlichen tragischen Mög¬
1986 2590 3215 2637 anschauung ist auch danach. Wir zweifeln, wie schon gesagt, nicht
760 2595 1982 2663 sich und kann seine Kunst von seiner Person trennen. Das Publi¬
158 2607 749 2662 r an die Hand gibt, von den so
1991 2621 3213 2678 daran, daß dieser Mann ein bedeutender Künstler ist, aber ein
767 2645 1990 2692 kum vergißt ja nur zu leicht das Handwerksmäßige in der Kunst,
163 2647 762 2707 k untergehenden und einer ent¬
1988 2666 3207 2726 großer Mensch ist er nicht. Aus dieser viel zu bedeutenden Zeich¬
759 2656 1985 2742 insbesondere in der nachschaffenden, verwechselt sie mit der schaf¬
172 2693 751 2741 e Vorgänge weit genug zurück,
1987 2702 3209 2758 nung die Herr Pötter seiner Rolle angedeihen ließ, ist es auch
763 2722 1989 2771 fenden, trennt nicht das Verdienst des Dichters oder Komponisten
152 2726 754 2797 e gewahrt bleibt, aber sie sind
1996 2727 3214 2797 erklärlich, daß der Künstler mit den Schlußworten des Kammer¬
758 2754 1980 2799 von dem des Darstellers. Wedekinds Kammersänger ist sich über
165 2762 756 2819 zu ihrem Verständnis keiner
1988 2769 3218 2836 sängers nichts rechtes anzufangen wußte. Er sprach sie so laut
771 2794 1982 2851 diesen Punkt wohl klar, wenn er sagt: „Als Tannhäuser konnte
159 2796 757 2861 Kommentar im weitesten Sinne
1992 2817 3211 2882 und prononziert, als seien sie die eigentliche Pointe des Stückes.
762 2834 1987 2884 ich doch nicht anders aussehen“, was doch wohl sagen soll, für die
155 2837 765 2905 Beispiel der Dichter durch die
1986 2849 3220 2902 Das sind sie nicht, wie wir bewiesen haben. Sie bedeuten eigent¬
759 2870 1985 2922 Wirkung dieser Rolle bin ich doch nicht allein verantwortlich. Der
160 2876 766 2934 einem kurzen Wink und ohne
1987 2898 3220 2962 lich nichts anderes, als ein Achselzucken, mit dem der Kammer¬
759 2912 1989 2969 Mann hat eigentlich mit jedem Worte, das er sagt, vollkommen
158 2921 764 2975 mal der Spaß Ernst geworden
2875 2935 3223 2993 Die weiblichen
2801 2944 2897 2994 —
2001 2933 2827 2996 sänger all das Erlebte von sich abschüttelt.
774 2946 1996 3003 recht; wenn wir seine Zeichnung dennoch als Satire empfinden, so
160 2961 770 3020 pannung, denn wir lauern nun
1989 2983 3207 3032 Hauptrollen spielte in beiden Stücken Dora Ottenburg.
764 2989 1989 3042 ist eben nur der Umstand daran schuld, daß sich unser Innerstes
155 2976 769 3050 Arden wird. Technisch ist ja das
1999 3029 3213 3067 Sowohl die Leocadie als die Helene weisen keine besonderen
777 3033 1991 3090 gegen die Auffassung sträubt, als sei hier der Typus des Bühnen¬
159 3037 764 3095 immert; man achte nur darauf,
1997 3058 3234 3121 Klippen der Charakteristik auf, es sind leidenschaftliche Frauen,
767 3063 2001 3128 künstlers und nicht nur eine besondere Abart gekennzeichnet. Das
150 3063 771 3139 nden Momente zu verwenden
1997 3099 3211 3147 die durch ihre Leidenschaft zugrunde gehen. Echte Frauenschicksale,
773 3120 1991 3165 große Publikum wenigstens will es nicht wahr haben, daß sein
154 3102 775 3176 ibt sich fast von selbst aus der
1985 3134 3214 3202 die Dora Ottenburg lebensecht und mit heißer Empfindung
778 3144 1992 3203 idealer Lohengrin und Tannhäuser den großen Beifall der Kritik
153 3157 774 3222 lick hat sie Schnitzler umrissen,
2001 3170 3219 3226 vor uns erstehen ließ. Recht drollig und doch innerhalb der er¬
762 3166 1999 3253 und eben dieses Publikums bei nächster Gelegenheit in bare Münge
170 3188 775 3249 grade nur soviel auf den Weg,
1993 3206 3223 3279 larbten Grenzen gestaltete Frl. Leopold die Szene der kleinen
761 3236 1991 3286 umsetzt, indem er den Direktor zu einer Gagenerhöhung zwingt.
167 3232 772 3284 ition braucht. Auch das Motiv
187 3286 3214 3350 originell, man möchte es: 1 Wedekinds Kammersänger ist schon darum nicht der Held des 1 verliebten Miß Isabel; Herr Lützenkirchen bewährte seine
