3436 4256
-5 1791 84 1844 igen
17 2054 78 2111 sich
-14 2188 75 2239 inen
-9 2233 76 2287 sich
-6 2271 81 2338 u5g
-15 2318 87 2374 iner
-14 2443 72 2503 Auf
22 2844 81 2923 m
-6 2934 82 2999 enb
17 2988 84 3050 gey
2131 187 2579 285 box 15/5
360 203 1987 308 9.4. Derarnene Kakadu Zukins
1880 1444 2001 1513 W
223 1481 708 1549 in seiner wundersam ge¬
705 1496 3028 1565 wenigen Stunden begraben. Aber wie lebendig wird sie herunter in die kleine Schenke und das Geheul
228 1523 702 1593 ist in diesen drei Stücken
717 1540 1869 1616 unter den Reden der Zurückgebliebenen. Ihr Gatte hat sie
1872 1567 3025 1627 des entfesselten Pöbels. Hier unten fälscht man
208 1566 714 1637 ien des Gemäldes, sie ist
714 1579 1865 1674 für treulos gehalten, aber er dachte sie einem Anderen in
1871 1605 3030 1651 noch die Ereignisse, die droben schon in bluttriefender Echt¬
219 1611 707 1679 Linien auf einen großen
709 1630 1871 1722 ewiger Liebe verbunden. So hatte er neben ihr gelebt, ohne
1862 1649 3020 1707 heit sich erheben. Und morgen, in der nächsten Stunde schon
217 1657 706 1725 die Tiefen der Landschaft
702 1682 1867 1764 Groll über eine gebrochene Treue, die er, der alternde
1867 1693 3019 1745 wird auch da, im „grünen Kakadu“ der Spaß zum Ernst.
231 1702 699 1766 e, der Abends durch ver¬
705 1718 1869 1794 Mann, nicht mehr forderte. Aber er wird rasch belehrt. Und
1866 1732 3016 1784 Diese Leute werden auseinandergesprengt, die Einen, die vor¬
239 1747 707 1815 verborgenen Sinn der
710 1759 1869 1845 da steigt aus den Enthüllungen das Leben dieser gestorbenen
1871 1786 3018 1836 geblichen Mörder und Brandstifter, werden hinausziehen und
237 1790 700 1860 kleine Staffagefigur im
714 1804 1863 1891 Frau empor. Man sieht sie, eine hübsche, gedankenlose
1878 1822 3022 1874 ihre Hand an erlauchte Häupter legen, und die Anderen, die
231 1837 696 1894 n. Fast überall aber ist
707 1849 1861 1934 Mondaine, ohne tieferes Fühlen, ohne eigentliches Gewissen,
1867 1863 3026 1932 jetzt noch ironisch, belustigt Beifall klatschen, wenn
214 1885 700 1940 er die Menschen hinaus¬
702 1897 1859 1969 auf einen amusanten Genuß bedacht, weil derlei Abenteuer
1874 1899 2666 1973 von Brand und Todtschlag die Rede
2657 1912 3019 1972 ist, ihnen wird
219 1931 699 1992 eginnt, stehen sie da, un
704 1936 1863 2024 nun einmal gestattet zu sein scheinen. So hat sie in
1875 1956 3025 2013 dieses vornehm amüsirte Lächeln noch verzerrt um die
232 1968 688 2048 ig geschehener Dinge in
705 1979 1855 2070 diesem Hause gelebt, an der Seite eines stark empfindenden,
1871 1995 3024 2064 bleichen Lippen schweben, wenn ihre abgeschlagenen Köpfe
707 2027 1855 2107 groß denkenden Mannes, hat sich in kleine Liebeshändel ein¬
2657 2048 2877 2109 grinsen.
206 2045 704 2135 ensatte Schwertfeger, der
699 2074 1854 2162 gelassen, wer weiß in wie viele. Was dann übrig bleibt,
1867 2079 1998 2142 dann
2009 2085 3010 2140 kommt der Schluß des Stückes. Da, wo
218 2120 684 2171 isch, wie man ihn heute
700 2114 1854 2202 ist die Erkenntniß in diesem Manne, wie naiv doch ein
1867 2135 3011 2195 das Meer der Revolution hereinbrandet in die kleine
227 2158 693 2220 über den landflüchtigen
694 2164 1853 2240 ehrlicher Mensch selbst in seinem Verdachte noch ist, wie er
1865 2161 3010 2237 Schenke, wo der Komödiant den Herzog wirklich ersticht,
223 2193 689 2268 daß er die Braut heim¬
693 2204 1853 2275 immer zu Ueberschätzungen sich aufgelegt fühlt. Mit großer
1862 2226 3012 2277 weil er wirklich der Liebhaber seiner Frau gewesen. Er
225 2238 688 2301 l er sie kleidet, weil er
698 2246 1849 2318 Vollendung ist dieses weit ausgreifende Lebensbild in einen
1865 2262 3014 2319 ermordet ihn genau in dem Moment, in welchem es allge¬
229 2288 691 2346 Sicherheit des Besitzes
693 2286 1861 2364 kleinen Act gedrängt, mit einer meisterhaften Klarheit wird
1864 2307 3020 2365 mein beliebt wird, Herzoge umzubringen. Mit diesem
205 2329 682 2393 uth, der sich auf nichts
689 2337 1853 2399 Alles, was gewesen und was geschieht, knapp enthüllt, und
1863 2347 3010 2404 Dolchstoß wird die gespielte Revolution im „Grünen Kakadu“
214 2368 689 2440 Proterwerb gründet. Wie
691 2380 1856 2451 von einer poetischen Wehmuth ist der Abschluß; wie der
1857 2398 3013 2467 zur wirklichen Revolution, das Morden wird proclamirt
213 2418 678 2485 nd wie oft glauben sie,
689 2412 1846 2499 völlig Enttäuschte, völlig Aufgeklärte nun auch an dem
1864 2438 3014 2494 auf der Straße droben, wo man die Bastille erstürmt hat,
221 2467 686 2532 Gaukler und Zauberer
694 2465 1856 2538 Gedächtniß der Gestorbenen die Hinrichtung vollzieht, wie
1859 2489 3012 2552 und in der Schenke unten, wo man die verhaßten
215 2508 685 2572 der nach Jahren wieder¬
688 2511 1851 2591 er den Kranz des Liebhabers auf den Schreibtisch legt und
1850 2527 3018 2595 aristokratischen Zuseher und Nebenbuhler erschlägt. Und
219 2552 687 2613 mit einem Wort den
682 2566 1848 2650 dann das Zimmer von Außen absperrt, für lange, für immer
1853 2570 3012 2632 che noch die Dämchen dieser im Augenblick ent¬
220 2598 676 2658 schlagen könnte. Er läßt
690 2606 1600 2676 vielleicht, als das Grab erledigter Gemeinheit.
1857 2611 3013 2661 thronten Gesellschaft ihre Lust genießen können an tder
216 2640 687 2704 ele thun, dort hinein, wo¬
1856 2658 3003 2715 neuen Sensation eines Herzogsmordes, wäscht eine Welle
770 2646 1840 2730 Am stärksten hätte Schnitzler mit dem „Grünen Kakadu“
217 2686 674 2752 n können. Eine Ahnung
1849 2705 3002 2754 von draußen herein und schwemmt sie Alle hinweg, die
683 2692 1837 2778 wirken müssen, wenn dieser prächtig groteske und tiefsinnig
226 2731 675 2797 von jener Menschen,
1849 2751 2997 2807 Marquisen und die Dirnen, die Gankler und die Grafen;
676 2735 1835 2816 humoristische Einfall richtig verstanden worden wäre. Die
200 2749 677 2844 Duften in ein Mädchen¬
1846 2776 3008 2845 die Einen auf's Schaffot, die Anderen in den Convent. Von
673 2777 1844 2874 verkommene Gesellschaft des „ancien régime“ unterhält sich
204 2815 675 2889 ner höheren Art zu be¬
1855 2837 3002 2895 einem halb fröhlichen, halb wehmüthigen Spott ist dieses
686 2827 1828 2900 am Vorabend der Revolution mit ihren Henkern von morgen.
221 2863 672 2924 e nur noch ein paar
1851 2877 3012 2930 geistreiche Stückchen erfüllt, von einem frischen, gestaltungs¬
673 2874 1841 2944 Diese verluderten Aristokraten vernehmen ahnungslos die
215 2900 669 2970 dieser Paracelsus nicht
1857 2920 2998 2981 kräftigen Temperament durchdrungen. Mit einer famosen
677 2914 1842 2990 fersten Geräusche des Zusammenbruches. Sie hören, wie der
206 2935 678 3011 nder, menschlicher, direct
1859 2966 3000 3022 Sicherheit hingesetzt auf den mächtig belebten Grund der
682 2962 1835 3040 Bau des Staates in allen Fugen kracht, und begreifen nicht,
204 2976 676 3060 nter dem hypnotischen
1850 2997 3012 3073 großen Revolution, wirkt es, wie eine aufregende Strophe
681 3015 1828 3077 was vorgeht. Sie sitzen in der Schenke „zum grünen Kakadu“,
219 3039 672 3105 tzten Dinge sagen möchte.
1855 3054 2997 3118 der Marseillaise oder wie ein lebendig gewordenes, figuren¬
672 3041 1834 3131 und mit der Lust der Verfallszeit an pikanten Perversitäten
223 3083 674 3147 eFrau nur noch als
1848 3103 2998 3166 reiches Capitel aus Taine. Es gehört zu den ergreifendsten
672 3084 1834 3182 lassen sie sich von Komödianten komödiantische Verbrechen
224 3125 1836 3220 Da draußen, wo man vorspielen. Derweil berennt das Volk draußen die
1851 3135 2998 3203 und sonderbarsten Theaterstücken seit dem „Hannele“ und ist,
246 3180 1838 3282 blickt, wurde sie vor  Bastille, das dumpfe Dröhnen der Kanonen dröhnt
1852 3187 3033 3276 wie dieses, gleichsam aus einer unbegreiflich arbeitenden
1841 3230 2314 3301 Phantasie entsprungen.
3124 1508 3407 1580 Um den „Gri
3034 1544 3416 1625 lichkeit und somitt
3033 1599 3411 1671 bringen, hätte es
3031 1649 3413 1717 aber zeigten sich un
3026 1694 3390 1758 der Regie waren
3030 1738 3383 1810 lichster Sorte. I
3023 1769 3399 1844 vorging, verlor
3033 1825 3396 1894 zahllosen Pointen
3030 1868 3386 1937 einander, fielen
3032 1912 3408 1971 zu Boden. Dabe
3036 1957 3413 2028 vortrefflich. Vor
3032 2001 3407 2062 der Marquise eine
3030 2045 3406 2113 und Lüsternheit ga
3031 2088 3405 2148 Rollin mit einer
3030 2137 3412 2195 spielte. Fräulein B#
3026 2180 3399 2241 charakteristische Tön
3014 2230 3410 2285 der an einem klei
3025 2266 3398 2332 geradezu glänzend
3024 2314 3403 2383 war für Henri zu
3016 2352 3377 2421 Dafür gab er
3005 2391 3319 2469 mit großer
3024 2435 3406 2505 Grain im „Kak
3017 2488 3387 2549 der „Gefährtin“ un
3024 2530 3352 2589 Abgang. Am s
3026 2567 3408 2635 „Paracelsus“. Hier
3014 2625 3393 2692 merkte, wie Einer
3011 2665 3376 2725 ginne. Es war
3019 2707 3375 2776 den Schwertfeger
3011 2754 3355 2812 fragen. Frau E
3014 2789 3404 2857 nur machte sie kein
3015 2834 3394 2902 und der bewußten
3016 2886 3411 2943 als eine Art tödtl
3011 2931 3407 2990 einem höhnischen G
3017 2980 3401 3033 führungen wieder g
3014 3018 3401 3074 Stücken verbrochen.
3009 3058 3408 3132 den Willen hätten,
3011 3105 3158 3175 lassen.
