3436 4352
952 146 1260 214 Kakadu
713 164 914 218 uenc
190 154 595 232 9.3. Der
1408 137 1824 219 box 15/3
2321 84 2397 122 wed
2472 86 2985 142 Hannele, a play br Mr. Ger¬
2293 109 2598 152 hart Hauptmann.
2261 130 2702 187 Emile, Duc de Cadignan,
2619 175 2985 222 Mr. Edward Mackay
2259 192 2811 260 Francois, Vicomte de Nogeant,
2621 242 2997 287 Mr. Cyril Chadwick
2253 257 2880 310 François, Vicomte de la Tremouille,
2661 306 2982 347 Mr. Gregory Kelly
2246 304 3003 386 Marquis de Lansac Mr. Fuller Mellish
2247 356 3002 415 Severine. Miss Merle Maddern
2259 389 2993 450 Rollin. Mr. R. WV. Tücker
2248 425 3000 469 Prospere Mr. Heury Stephenson
2251 460 3008 512 Henri Mr. Holbrook Blinn
2261 488 2998 543 Guillaume. Mr. R. Owen Meech
2264 516 3006 574 Scaevola Mr. Paul Scarden
2255 551 2998 601 Jules Mr. Harold Matthews
2250 588 2989 636 Michette Miss Helena Van Brugh
2251 612 2990 675 Flipote. Miss Veda MeEvers
2250 652 2997 704 Leocadie. Miss Allee John
2253 681 2988 745 Grasset. Mr. Sheldon Lewis
2244 713 3000 767 Lebret. Mr. Robert Owen
2251 735 2991 802 Grain Mr. Wilfred Buckland
2245 767 3003 838 The Commissaire.. Mr. T. N. Heffron
2525 811 2718 868 HANNELE.
2243 834 2990 910 Hannele Mrs. Fiske
2253 875 2985 945 Gottwald Mr. Holbrook Blinn
2239 918 2989 979 Sister Martha. Miss Allee John
2243 933 2989 1013 Tulpe. Miss Florine Arnold
2240 969 2998 1041 Hedwig. Miss Mabel Reed
2244 1007 2980 1074 Pleschke Mr. Sheldon Lewis
2251 1043 2980 1109 Hanke. Mr. R. W. Tucker
2244 1071 2985 1142 Seidel Mr. Edward Mäckay
2259 1110 2985 1177 Berger. Mr. Paul Scardon
2251 1135 2985 1204 Schmidt Mr. T. N. Heffron
2245 1184 2978 1233 Dr. Wachler. Mr. Henry Stephenson
2249 1204 2971 1261 Mattern Mr. Fuller Mellis
2253 1237 2981 1299 A Woman’s Figure Miss Virginla Kline
2246 1272 2990 1332 A Tall. Dark Angel. Mr. Wilfred Bückland
2255 1304 2983 1364 First Angel. Miss Merle Mäddern
2256 1332 2981 1391 Seçond Angel. Miss Veda Memfers
2251 1364 2981 1430 Third Angel. Miss Helena Van Brügli
2261 1402 2979 1457 Sister Martha. Mi John
2247 1438 2981 1490 The Village Tailor Mr. R. Owen Maech
2249 1469 2993 1525 Gottwald. M B
2251 1499 2996 1557 Pleschke Mr. Lewis
2247 1521 2985 1593 Hanke Mr. Tucker
2250 1566 2992 1627 Seidel Mr. Macksy.
2875 1610 2915 1636 12
2247 1597 2994 1671 A Stranger. Mr. Bln
2262 1664 2989 1733 To the Theatrical Profession:—The
2244 1706 2981 1769 HERALD’S accounts of #first nights' are
2237 1747 2990 1800 invariably cabled to Paris for publication
2239 1770 2981 1846 onthe folloicing das in ihe European
2236 1796 2401 1852 jedition.
2257 1859 2979 1937 No stranger dramatic combination can
2226 1915 2981 1979 well be imagined than the two plays that
2232 1962 2977 2023 were grouped in one bill at the Lyceum
2227 1999 2980 2068 Theatre last night. It was thé beginning
2225 2044 2972 2112 of the third week of Mrs. Fiske’s en¬
2227 2075 2980 2147 gagement, and the plays offered were Mr.
2232 2116 2985 2176 Arthur Schnftzler’s “grotesquerle' called
2244 2163 2980 2245 The Green G###atoo,“ translated by
2218 2203 2981 2273 Messrs. Phillp L.,ttell and George Rublee,
2221 2242 2982 2325 followed by Mr. Gerhaft Hauptmann’s
2233 2292 2982 2359 "dream poem“ Hannele,“ adapted into
2232 2342 2982 2412 English by Miss Mary J. Safford and Mr.
2223 2380 2567 2436 Percy MacKaye.
2243 2424 3015 2475 Both plays have been sgen here before,
2227 2459 2989 2533 and both are well worth seeing, though in
2224 2499 2980 2567 this combination they scarcely add to each
2225 2562 2986 2623 other’s effectiveness. But both were ex;
2221 2594 2973 2644 cellently acted, and credit is due Mrs:
2219 2635 3001 2706 Fiske for seeking unusual stage works and.
2227 2689 2870 2732 giving them adequate performance.
2246 2725 2999 2781 In The Green Cockatoo“ Mrs. Fisken
2223 2760 2989 2827 does not appear at all. It is a one acth
2229 2808 2983 2868 play, full of stirring action and presenting
2229 2849 2973 2910 fine opportunity for individual episodes
2218 2884 2968 2952 and for an effective final mob scene. Mr.
2229 2941 2980 2996 Holbrook Blinn was capital as a mummer
2229 2980 2973 3027 who is stirred to kill the betrayer of his
2225 3013 2966 3080 wife and Miss Allce John was charmingly
2235 3055 2675 3115 picturesque as the wife.
2245 3096 2978 3155 Mr. Edward Mackay was good in thel
2224 3133 2967 3194 Tröle of the betrayer, and Mr. Henry
2241 3184 2965 3222 Stephenson was a smug keeper of an odd
2233 3218 2968 3267 Paris cabaret. The smaller parts, of which
2240 3252 2960 3293 there are many, were most adequately
2239 3284 2961 3332 filled, and the one thing needed was a bit
2235 3318 2962 3353 more speed in the action, which will doubt¬
2238 3351 2886 3394 less come with further performances.
2255 3369 2969 3427 In" Hannele“ Mrs. Fiske played the title
2229 3409 2969 3464 röle with the sincerlty that marks all her
2236 3453 2974 3484 work. She refrained from over acting, and
2227 3485 2961 3528 by volce effectively simulated a child’s
2226 3514 2957 3566 plaints, fears and delirium. She found
2232 3557 2950 3592 excellent support in Mr. Blinn’s portrayal
2230 3580 2950 3635 of the simple schoolmaster and in Miss
2230 3616 2883 3653 Alice John’s acting of the deaconess.
2234 3632 2972 3695 Mr. Fuller Melish, as the stepfather, was
2229 3676 2961 3709 dramatie, and the many other röles were
2221 3700 2964 3752 all acted wäth spirit. The various dream
2225 3734 2962 3787 visions were convincingly set forth and the
2228 3767 2967 3825 play seemed to impress the audience, par¬
2214 3798 2949 3834 Iticularly at the close. This was scarcely
2220 3829 2955 3889 so at the beginning, as the overture was
2215 3863 2956 3914 Vinterrupted by the applause of impatient
2219 3897 2955 3959 ones who wished the curtain to rise and
2204 3932 2955 3984 seemed to have had enough of music. The
2213 3957 2977 4033 latter was specially composed for this
2197 4001 2697 4056 play by Mr. Max Marshalk.
