3392 4352
1385 193 1846 293 box 14/8
654 196 1259 273 ruene Kakadu
175 206 1268 298 9.3. Der gruche nandau
143 1235 3109 1302 esidenztheater. sie überfluthete bricht der Wahnsinn aus und sie kann aushülfsweise in mehr oder minder „naiven“ Rollen be¬
793 1281 3113 1337 sich die Nacht über nicht von dem Leichnam trennen, der schäftigt wird, von jeher für ein starkes Talent gehalten,
159 1295 804 1355 tterarischen Gesellschaft.
797 1319 3110 1380 in ihren Armen erkaltet. Auf dieser Vorgeschichte ist der war aber doch überrascht, mit welchem Grad von mimischer
150 1350 814 1424 hnen, Litterarischen Gesellschaften
816 1363 1960 1417 Einakter aufgebaut. Die Wahnsinnige lebt auf einer ein¬
1955 1363 3120 1422 und oratorischer Vollendung unsre Schwarz die Wahn¬
154 1398 818 1452 haben sich's hier wie anderwärts
804 1402 1954 1457 samen Villa mit ihrer Schwester, der Pflegerin und dem
1950 1393 3131 1460 sinnige spielte. Den Eindruck des Widerwärtigen, den
152 1445 820 1499 en, die aus irgend einem Grunde
806 1447 1964 1504 Arzt, die Alle ängstlich Sorge tragen, daß nicht einmal
1958 1451 3116 1499 das Stück bei der römischen Premiere auf Hrn. v. Werther
150 1489 822 1539 tlichen Bühnen nicht zur Auf¬
815 1491 1962 1535 eine rothe Rose unter dem üppigen Flor von Frühlings¬
1940 1490 3121 1538 ausgeübt hat, habe ich nicht empfangen, eher den des Er¬
167 1508 820 1582 einem geladenen Publikum vor¬
817 1520 3122 1591 blumen sich finde, um das Entsetzen der Wahnsinnigen vor schütternden. Frl. Schwarz wurde von den Damen
153 1557 810 1631 gel aber alles, was einigermaßen
816 1570 3110 1629 Blut fernzuhalten. Nichtsdestoweniger kommen sie auf die Brünner, Giesecke und Schwartz, die nur viel zu
148 1623 812 1678 rksam ist, von unsern Theatern
805 1618 1964 1680 thörichte Idee, den Bruder des Ermordeten, der nach jener
1943 1617 3119 1672 leise sprach, und den HH. Schneider und Rémond
148 1659 809 1721 mmen derlei Gesellschaften von
808 1661 3129 1709 blutreichen Nacht Isabellen den Leichnam aus den Armenge=wirksam unterstützt. Das Publikum nahm das interessante
155 1686 819 1756 ehr Nieten als Treffer zu bieten.
811 1706 3128 1770 nommen, nach längerer Zeit ihr vor Augen zu bringen, um sielliterarische Experiment mit getheilten Empfindungen auf:
159 1734 820 1798 ng der Münchener Litterarischen
806 1732 1961 1798 dadurch zum Bewußtsein zurückzuführen! Natürlich fällt der
1958 1745 2884 1806 es wurde ebenso stark applaudirt wie gezischt.
151 1787 819 1842 nich in der That eigentlich nur
812 1791 1966 1840 Unseligen die furchtbare Nacht mit allen Einzelheiten ein
2022 1769 3118 1862 Der zweite Einakter, Mein Fünst“ von Wilhelm
152 1818 823 1892 ressanten literarischen That: der
808 1825 1173 1888 und damit ist —
1148 1832 1964 1891 für die große Schauspielerin (die Duse)
1953 1840 3119 1903 v. Scholz, wurde überhaupt zum erstenmal aufgefuhrt.
171 1857 824 1927 „Macht der Finsterniß“ denn
807 1871 1961 1923 gesorgt: sie kann nun auf die heiter kindliche Frühlings¬
1950 1879 3109 1931 Er ist im Aprilheft der hier herausgegebenen Monat¬
156 1898 827 1967 ig und vermeintliche Neubelebung
805 1921 1956 1969 stimmung hin in schönem Kontraft die „aufgelösten Haare
1955 1914 3121 1973 schrift für Literatur und Kritik „Frühling“ erschienen.
154 1954 815 2019 us und Cressida“ wird man doch
796 1960 1966 2018 mit Blut aneinanderkleben lassen!“ — Die Duse gab die
1954 1949 3120 2016 Die Aufnahme dieses Stückes war weit wärmer, nament¬
156 1989 1964 2053 kbare That, als einen Erfolg an=tragende Rolle vor zwei Jahren zum ersteumal in Rom,
1958 2004 3117 2066 lich von Seite der Jugend; es ist aber viel weniger
154 2044 1962 2099 neue Leitung der Gesellschaft ist der Erfolg war ein rein persönlicher der großen Künst¬
1956 2045 3118 2111 werth als die beiden anderen. Auch „Mein Fürst“ ist
156 2095 3129 2155 esen. Sie wählt mit mehr Ge=lerin. In der That ist der „Traum eines Frühlings= kaum etwas anderes als eine garnirte Soloscene, und
153 2130 821 2194 ffensiv in ihrer Auswahl. Ein
807 2128 1966 2183 morgen“, welcher Titel in schneidendem Kontrast zum
1950 2136 3123 2193 zwar des Bibliothekars Dr. Berg, der von seinem Fürsten
162 2171 812 2229 ist es aber, im Residenztheater
804 2172 1962 2228 schaurigen Inhalt steht, kaum viel mehr als eine Soloscene
1961 2183 3116 2242 und einstigen Schüler einer revolutionären Rede wegen
154 2216 1954 2268 äcke aufführen zu lassen, die dann für die Darstellerin der Wahnsinnigen. Man muß von
1959 2224 3117 2280 entlassen und in Abschiedsaudienz empfangen, durch eine
153 2254 1953 2314 Bühne übergehen können. Die allen alten und berechtigten Forderungen des Dramas
1955 2267 3114 2319 glänzende Rede über seine Geschichtsauffassung den Sinn
136 2301 823 2363 durch die Wahl und sozusagen
810 2301 1961 2356 absehen, um sich an der gluthvollen Poesie der Natur¬
1949 2314 3119 2358 des auf Abwege gerathenen Fürsten im Innersten wendet.
152 2346 1963 2400 hofbühne kommt auf diese Weise schilderung, an den reichen malerischen Effekten und an
1963 2353 3118 2407 Es ist dies beiläufig die Auffassung, die der Leipziger
147 2372 336 2442 hiläten.
802 2392 1957 2461 der feinen Beobachtung psychiatrischer Vorgänge genügen
1949 2392 3114 2438 Professor K. G. Lamprecht in seinen Schriften „Alte und
158 2409 815 2485 n drei hier noch unbekannte Ein¬
812 2438 1952 2493 zu lassen. All dies, zumal die Musik der Sprache,
1962 2412 3131 2490 neue Richtungen in der Geschichtswissenschaft“ (1896) und
805 2463 1963 2544 tritt natürlich im italienischen Original weit mehr zutage
152 2473 827 2525 te wiederholt werden, von denen
1958 2479 3120 2534 in seiner „Deutschen Geschichte“ mit Eifer vertritt, die Auf¬
147 2516 1962 2564 keines in den Spielplan übergehen als in der deutschen Uebertragung, deren Antor nicht ge¬
1956 2522 3122 2589 fassung, daß es nur nationale „Unterströmungen" seien, welche
142 2553 1968 2621 abriele d'Annunzio's „Traum nannt war. Wir hören, es sei Ludwig Ganghöfer,
1955 2572 3117 2624 „Geschichte machen“. Diese Ansicht hat, gut vorgetragen,
150 2616 3127 2672 rgens“ (Sogno d'un mattino der Vorstand der Gesellschaft, und gratuliren, denn es für den ersten Moment etwas bestechendes; es ist aber
178 2656 3118 2704 durchaus klare Handlung, diesist ihm wunderbar gelungen, die Poesie, ja fast auch schwer verständlich, wie man im Zeitalter eines Bismarck,
158 2697 3117 2737 e des Dramas liegt, hat Julius den musikalischen Reiz dieser reinen Stimmungsdichtung der doch Geschichte gemacht hat wie kaum ein Anderer, sich in
151 2734 3121 2782 in unsrer „Beilage“ (Nr. 40) wie in unser geliebtes Deutsch herüber zu retten. Diese bewußten Gegensatz zu der in den Thatsachen doch ungleich
140 2771 1243 2823 nna Isabella ist der Liebhaber seine Ueberraschung
1304 2780 1895 2839 Ganghofer als Uebersetzer
1948 2777 3121 2836 besser begründeten individualistischen Auffassung Ranke's
139 2815 822 2875 n Herzog (der Dichter läßt im
816 2818 3122 2887 wurde von einer anderen unterstützt: Frl. Schwarzssetzen kann. Gut, ja meisterhaft vorgetragen wurde frei¬
149 2863 3122 2918 hr Gemahl war) erstochen worden. in einer Duse=Rolle als Wahnsinnige. Ich habe zwar lich die Scholz'sche Apologie durch Hrn. v. Possart, der
155 2914 3143 2959 aus dem Munde des Ermordeten sunsre ehemalige Naive, die schon lange fast nur mehr den Bibliothekar in einer prächtigen Maske spielte. Er
1819 2957 1959 3039 W
143 3317 800 3389 Zimmer, elektrisch beleuchtet.
147 3369 774 3421 vergleichliche Wellenbäder.
153 3400 770 3470 len Besitzer J. H. Kuntz. (5127)
458 3433 802 3507 bilden vorzugsweise
145 3461 795 3554 de Anlage die Retten erstere
149 3523 689 3606 gesellschaften.
141 3581 378 3640 Kunft ertheilt
593 3574 782 3644 (2n)
139 3612 814 3690 Häft, München, Bahnhofplatz7.
153 3672 807 3749 Wochenberichte an Interessenten.
198 3719 785 3801 Spezialabthellung für Loden,
228 3757 603 3836 Anzüge nach Masse 7
