3436 4256
1232 80 2294 154 Gegenstand einer amusanten Planderei im „Verl Tagehl.“.
1227 132 2288 180 dessen Wiener Correspondent einen Besuch bei der Heroine
1240 175 2289 251 des Burgtheaters in folgender Weise erzählt: „Eben, als
1241 222 2290 300 ich ankam, entfernte sich ein bekannter Wiener Theater¬
1240 262 2117 348 agent — die Krisis war auf ihrem Höhepunkt.
1329 320 2285 400 „Mein Fräulein“, erlaubte ich mir nach der Er¬
1230 376 2276 449 örterung der unmittelbaren Aergernisse zu bemerken, „die
1236 425 2265 503 Direction behauptet, daß Sie genügend beschäftigt seien.“
1322 481 2281 546 „Genügend beschäftigt? Seit Februar des ver¬
1222 521 2282 597 gangenen Jahres habe ich keine neue Rolle gespielt oder
1226 574 2281 641 zugetheilt erhalten. Ist das genügende Beschäftigung für
1224 622 2283 707 eine moderne Schauspielerin, wie ich bin, die mit der
1228 667 2273 730 Dichtung der Zeit in Fühlung bleiben will, für die erste
1219 722 2279 808 Heroine des Wiener Burgtheaters.? Ich spiele eigentlich
1218 778 2273 842 nur zwei Rollen — die Messalina und die Kleopatra,
1222 813 2275 902 dann wieder die Kleopatra und die Messalina. Alle meine
1220 874 2272 952 Bitten, mich Anderes, Neueres spielen zu lassen, blieben
1220 925 2275 977 vergebens. Die Stücke, in welchen ich in der Aera Burck¬
1218 976 2273 1047 hard mit Mitterwurzer auftrat, stehen nicht mehr auf dem
1227 1015 2278 1112 Spielplan. Ich bat, mich „Hedda Gabler“ oder „Die
1211 1064 2269 1150 Frau vom Meere“ spielen zu lassen. Man sagte mir,
1218 1130 2272 1197 die Stücke seien abgeleiert. Ich flehle, endlich mit der
1210 1165 2282 1252 „Maria Magdalena“, die ich seit vier Jahren studire,
1207 1236 2266 1302 heraustreten zu können. Man hat es bis heute nicht er¬
2287 1269 2448 1339 nclusive
1019 1270 2284 1340 Für 50 möglicht. Ich komme wochenlang nicht dazu, auf der
2278 1323 2416 1361 Porto.
1118 1303 2260 1405 100 Bühne des Burgtheaters zu erscheinen. Wissen Sie, was
2258 1342 2428 1392 Zahlbar
1126 1348 1217 1399 200
2265 1380 2456 1428 im Vora#s
1127 1379 1217 1429 500
1212 1377 2265 1451 ich im letzten Winter gethan habe, um mich mit irgend
1057 1422 2511 1505 1000 etwas zu beschäftigen, um nicht im Nichtsthun zu ver¬ ste ist das
1202 1473 2520 1555 kommen? Ich habe sechsundzwanzig Paar Strümpfe ge= feht es den
1042 1508 1196 1562 Abonne
1209 1520 2393 1614 strickt — so viel Muße ließ man der Heroine des Burg=Idern.
1034 1555 1192 1623 Aboeine
1199 1568 1413 1639 theaters!“
1307 1613 2254 1708 „In der That, mein Fräulein, diese sechsundzwanzig
1209 1669 2251 1756 Paar Strümpse sind sechsundzwanzig vernichtende Anklagen.
1190 1717 2253 1806 Wenn die dem Herrn Director im Traume erscheinen —“
1295 1777 2265 1869 „Und wissen Sie, was ich heuer begonnen habe?
1196 1818 2258 1905 Ich habe alle meine Möbel frisch angestrichen. Blicken
1197 1887 2261 1963 Sie um sich! Da sehen Sie in neuen Farben prangen,
1201 1938 2263 2016 grün, gelb, blau, wie Sie wollen. Dort sind noch die
1202 1977 2261 2064 Pinsel und Farbentöpfchen. Hier meine Hände, sehen
1204 2031 2241 2098 Sie nur, tragen noch die Spuren der Beschäftigung —“
1294 2084 2255 2138 „Ja, ich begreise aber nicht, weshalb man Ihnen
1188 2116 2247 2217 eine hohe Gage bezahlt, wenn man Sie nicht beschäftigen
1204 2177 1330 2234 will?“
1294 2221 2257 2313 „Man bezahlt sie eben nicht. Der größere Theil
1198 2259 2255 2350 meiner Gage besteht leider im Spielhonorar, und das
1202 2330 2255 2410 fällt einsach weg, wenn man mich nicht auftreten läßt.
1187 2376 2261 2469 Ich müßte wenigstens dreimal wöchentlich spielen, um
1187 2429 2265 2514 für die Bedürfnisse meines Haushaltes und meiner Toi¬
1186 2485 2252 2547 lette aufkommen zu können. — Sie begreisen, welches
1192 2541 2254 2606 Deficit bei dei derzeitigen Uebung entsteht. Aber alles
1189 2569 2248 2639 das wiegt gering gegenüber dem künstlerischen Verfall,
1187 2630 2248 2694 dem ich preisgegeben bin, wenn sich die Verhältnisse
1183 2679 2249 2740 nicht ändern. Seit anderthalb Jahren bin ich einfach
1184 2727 2245 2809 kalt gestellt. Man gibt mir keine Rollen, weder alte noch
1183 2792 2247 2857 neue. Nun wird die „Jungfrau von Orleans“ wieder¬
1188 2838 2244 2918 gegeben, man weist die Titelrolle Fräulein Medelsky zu.
1187 2886 2251 2946 Die Rolle würde mir gebühren, doch ich sage nichts.
1185 2928 2244 3017 In Schnitzler's „Vermächtniß“ wird die Hauptrolle wieder
1178 2993 2243 3059 einer Anderen zugewiesen, trotzdem ich seinerzeit der
1175 3028 2242 3108 „Liebelei“ zu einem großen Erfolge verholsen habe. Auch
1180 3094 2238 3159 darin muß ich mich ergeben. Mich aber nach anderthalb
1173 3131 2251 3216 Jahren in einer unbedentenden Mutterrolle hinausstellen
1180 3197 2240 3256 zu lassen, während ich für jugendliche Heroinnen ver¬
1183 3240 2236 3313 pflichtet wurde — nein, dem muß ich mich nicht jügen!“
1279 3290 2241 3371 „Und was wollen Sie thun, wenn man Ihnen die
1173 3328 1714 3403 Entlassung nicht bewillig!?“
1269 3381 2238 3472 „Ich werde es auf das Aeußerste ankommen lassen.
1178 3437 2230 3511 Man wird mich doch nicht mit Gewalt auf die Bühne
1181 3477 2235 3551 schleppen! Ich will weg von diesem Theater, wo man
1183 3532 1580 3600 mich zu Tode quält.“
1272 3575 2224 3665 Als ich von der Künstlerin schied, bat sie mich,
1171 3639 2219 3702 mich ihrer anzunehmen. „Ich habe Niemanden, Herr
1167 3693 2215 3758 Doctor, der mich vertheidigt, und Alle sind gegen mich.“
1234 3776 2228 3862 Im Antichambre stieß ich mit einem neuen Be¬
1153 3810 2221 3913 sucher zusammen — es war ein zweiter sehr bekannter
1159 3862 1564 3937 Wiener Theateragent.
1239 3917 2218 4020 Die Theateragenten scheinen doch für Fräulein
1113 3931 1533 4036 -Sundrock zu sein.“
