3484 4256
2167 181 2643 278 box 15/5
396 186 2027 291 9.4. Der Bruehe Kakadu ZykIus
3253 1303 3368 1522 8
419 1512 3343 1581 Sprache für den Stil der Comödie halten, welche bei ihr ertappt haben will. Ermordet hätte er ihn Diesen „grünen Kakadu“ halte ich ungeachtet
413 1574 3345 1617 von den Stammgästen des „grünen Kakadu“ all= sogar! Und da die Zuhörer wissen, daß Leocadie in seines Titels „Groteske“ für eine der ernsthaftesten
413 1610 3348 1661 abendlich vorgeführt wird. Unter diesen Stamm= aller Wahrheit Beziehungen zu Cadiguan habe, so Dichtungen, die je geschrieben wurden. Ich glaube
419 1654 1405 1714 gästen sind hervorragende schauspielerische Talente,
2356 1651 3335 1716 nicht, daß es eine schneidigere und gedankenreichere
1395 1659 2355 1717 halten sie Henri's Spiel nicht für Comödie, sondern
424 1694 1402 1756 darunte ein gewisser Henri (Herr Sonnenthal), der
1386 1687 2350 1761 für Mittheilung eines wirklich vollbrachten Mordes.
2344 1708 3330 1755 Satire auf die zum Sterben reife Menschheit un¬
413 1741 1399 1807 sein Brot als Künstler auch auf einer regelmäßigen
1387 1746 2351 1802 Selbst der Wirth und Schauspieldirector Prospere
2345 1744 3345 1805 mittelbar vor Ausbruch der französischen Revolution
422 1785 1390 1841 Bühne gut verdienen könnte, sich aber hier, im
1387 1779 2348 1850 theilt diese Meinung und ruft seinem Künstler
2348 1794 3334 1842 gibt, so viele Revolutionsdramen auch schon ge¬
414 1830 1389 1903 Stegreifspiele, besser gefällt. Ein merkwürdige Patron,
1388 1834 2359 1891 Heuri zu: „Wahnsinniger!“ Denn der Herzog von
2358 1829 3337 1891 schrieben worden sind. Schnitzler ist hier hoch hinaus
414 1874 1392 1926 dieser Henri! Ein verlumptes Genie, in dem die
1386 1875 2350 1933 Cadiguan ist ein Liebling des Königs und sein
2344 1873 3337 1928 über Alles gewachsen, was er je zuvor geschrieben hat.
425 1920 1400 1981 guten und bösen Geister nur so wühlen. Er hat
1384 1916 2369 1988 Mörder wird nicht geschont werden. Henri ist in
2423 1920 3332 1977 Ueber die ersten zwei Stücke darf ich mich
418 1958 2354 2028 soeben seine Collegin Leocadie (Frl. Witt) geheirathet! Folge dieses Zurufs Prospère's zunächst selbst ver¬
2347 1960 3344 2029 kürzer fassen, obwohl sie in ihrer Art nicht minder
417 2000 2360 2070 obwohl er weiß, daß sie eine gemeine Dirne ist. Er blüfft von der Wirkung seines Spiels, und als ihm
2345 2010 3331 2068 vollkommen sind, doch habe ich ihren Inhalt schon
410 2054 1399 2105 träumt echt rousseauisch davon, sich auf's Land, in
1383 2048 3332 2116 Prospere vollends zur Flucht räth, schreit er: Nein, kurz berichtet. „Paracelsus“ ist meisterlich in der
420 2097 1395 2155 eine Idylle zurückzuziehen, um das Glück der Liebe
1390 2095 3332 2142 es ist nicht wahr! Ich habe ja doch nur gespielt !Charakteristik des Gegensatzes von seiner selbst ge¬
410 2133 1389 2188 ohne Störung mit ihr zu genießen. So toll ist er
1389 2141 2356 2196 Der Herzog lebt!“ Im selben Augenblicke aber
2357 2125 3324 2191 wissem, aber darum doch nicht bornirten Spieß¬
425 2162 1404 2227 in seiner Verliebtheit, daß er auch auf seine Kunst
1388 2179 2344 2237 dringt die Nachricht vom Falle der Bastille in die
2354 2181 3336 2239 bürgerthum mit der steptischen, aber darum doch
416 2217 1402 2279 verzichten will, so verblendet sich durch nichts von
1391 2230 2359 2284 Spelunke herein, man hört Kanonenschießen, die
2349 2224 3331 2289 auch nicht frivolen Boheme, die zwischen Himmel
423 2266 1401 2338 seinem Plane will abbringen lassen! Und dabei
1387 2270 2351 2331 Rufe: „Freiheit! Freiheit!“ Nun meint der Wirth,
2351 2275 3341 2333 und Erde mehr Geheimnisse sieht, als sich Profes¬
425 2306 1400 2361 eifersüchtig, wie ein Othello! ... Aber wir be¬
1384 2310 2352 2374 nachdem die königliche Herrschaft gestürzt wäre,
2344 2323 3337 2373 sorenweisheit träumen läßt. Die kleine Handlung
422 2349 1393 2404 finden uns am Abend des 14. Juni 1789, an dem
1393 2360 2361 2408 drohe Henri keine Gefahr mehr, und ruft ihm zu:
2354 2362 3340 2426 dieses Einacters ist mit sehr viel Anmuth und
427 2386 1395 2449 die Bastille gestürmt wurde. Die Pariser Luft ist
1392 2402 3338 2456 „Jetzt brauchst Du Dich nicht mehr zu fürchten, jetzt Feinheit geführt. Herr Robert hat nur leider in
421 2439 1385 2504 mit Sturm geschwängert. Eine Nervosität hat die
1387 2436 3337 2512 kannst Du's in die Welt hinausschreien. Ich hätte seiner Darstellung des Paracelsus den Charakter zu
419 2481 1397 2543 ganze Stadt überkommen, daß schon jedes Kind
1383 2483 3337 2553 Dir schon vor einer Stunde sagen können, daß sie düster aufgefaßt und dargestellt, indeß Schnitzler ihn
429 2532 3332 2597 fühlen muß: etwas Ungeheuerliches bereitet sich vor. die Geliebte des Herzogs ist. Bei Gott, ich bin nahe als einen kühnen Weltfahrer, zwar verwittert, aber
418 2568 2356 2636 Alles ist auf den Straßen, die Anarchie guckt schon daran gewesen, Dir's zu sagen“ . . . Und die an¬
2342 2578 3335 2631 doch auch weltüberlegen gedacht hat. Robert
417 2603 1388 2675 aus jedem Kellerloch heraus. Nur die Aristokraten
1381 2617 2363 2676 deren Schauspieler bestätigen Prospere's Rede. Aber
2343 2625 3343 2694 spielte eben nur wieder einen — guten Robert. Der
429 2663 1393 2717 merken das nicht, so wollen sich noch immer amu¬
1383 2657 2347 2714 damit macht er's noch schlimmer, denn nun erwacht
2353 2666 3332 2740 mittlere Einacter: Die Gefährtin“ ist eigentlich
424 2687 1396 2758 siren, sie verachten noch immer das Volk von ihrer
1391 2692 2362 2757 Henri vollends aus seinem künstlerischen Taumel
2350 2702 3335 2771 nur eine dramatisirte Novelle, eine Auseinander¬
419 2748 1390 2806 souveränen Höhe herab. Sie halten es für unmöglich,
1380 2749 2359 2817 und der Othello in ihm gewinnt die Oberhand. Im
2338 2750 3320 2815 setzung zweier Menschen mit einander über eine Ab¬
412 2774 1402 2843 daß sie, selbst im Kothe wandelnd, schmutzig werden
1387 2794 3323 2872 selben Moment kommt aber auch der Herzog Cadi=geschiedene. Aber mit solch technischer Vollendung,
426 2833 1397 2884 könnten Diese Aristokratie hat Schnitzler mit wahrer
1390 2847 3322 2897 guan wieder in die Spelunke zurück. Da wirft sich daß man mächtig ergriffen wird. Herr Sonnenthal
413 2879 3323 2952 Meisterschaft knapp und scharf geschildert. Und nun Henri mit einem Satze auf ihn und durchbohrt ihm spielte den alten Professor ausgezeichnet und wurde
427 2922 1388 2980 geschieht etwas Entsetzliches: im Handumdrehen
1376 2926 2358 2981 den Hals. So hat das Spiel mit dem Verbrechen
2340 2930 3325 2989 von Frl. Bleibtreu und Herrn Zeska ebenbürtig
423 2966 1398 3028 wird nämlich die Comödie zum blutigen Ernst und
1380 2974 2355 3028 ein blutiges Ende genommen. Das Volk draußen
2338 2973 3334 3023 secundirt. Dieser Einakter—Schnitzlers Abschied von
407 3005 1393 3057 die blinden Aristokraten zahlen die Zeche. Der
1380 3011 2355 3072 jubelt über die erlangte Freiheit — die Aristokraten
2337 3015 3327 3074 seiner „Anatol“=Poesie — machte die stärkste Wirkung.
417 3049 1399 3115 Schauspieler Henri, der wohl weiß, welchen Ruf
1383 3052 3333 3116 aber — so deutet der Dichter die nahende Schre= Länger halten aber dürfte sich doch der „grüne
422 3094 3336 3167 seine junge Frau Leocadie hat, tragirt dem Publicumickenszeit am Schlusse an — waren unverbesserlich; Kakadu“, sobald nur die Burgschauspieler werden
421 3137 2770 3221 im „grünen Kakadu“ eine Eifersuchtsscene auf dens sie mußten ganz weggefegt werden, um die Wieder= besser eingespielt sein.
3064 3150 3286 3224 M. N—r.
415 3189 2183 3244 Herzog von Cadiguan (Herr Reimers) vor, den erl geburt der Menschheit möglich zu machen.
3293 4086 3442 4167 ——
