3484 4256
2045 168 2526 272 box 15/5
1108 183 1190 256 K
282 183 1920 282 9.4. Der gruehe-Kakadu ZukIus
1067 1401 1468 1502 FIERFE A  R
1794 1410 2062 1509 S
2129 1494 2224 1549 3Ur
853 1490 2057 1566 Beiden; das eine Individuum wird Instrument, das andere
2041 1508 3231 1583 „Gefährtin“ gerade begraben. Sie war zwanzig Jahre
144 1470 785 1619 uilleton. I
870 1546 2052 1619 wird Versuchsobject — ich will nicht sagen Versuchskaninchen.
2048 1567 3237 1632 jünger als ihr Gefährte, ein alternder Professor. Die Liebe,
317 1576 402 1648 —
882 1596 2064 1671 Eine gesunde ästhetische Empfindung würde also an Stelle
2057 1607 3231 1670 welche ihr in der Ehe versagt blieb, hat sie durch Jahre vom
874 1633 2051 1712 der dramatisch tausendfältig erprobten Suggestion nicht die
133 1627 796 1735 Burgtheater.
2045 1653 3230 1728 Strauch gepflückt; vielleicht von Sträuchern. Der Assistent
869 1702 3231 1777 Hypnose setzen. Doctor Paracelsus kehrt nach langen Reisenl des Professors war der allein oder meist Begünstigte. Er
135 1707 897 1799 huspiel in einem Act. — „Die Ge¬
887 1741 3230 1826 in seine Vaterstadt zurück. Seine einstige Jugendliebe ist hat die Liebelei nicht ernst genommen, hat während der
170 1774 501 1831 in einem Act.
577 1778 902 1838 „Der grüne
884 1786 3219 1860 das Weib eines ehrsamen Waffenschmiedes geworden. Er! Freuden in den Winkeln des dreieckigen Verhältnisses sich sogar
162 1790 902 1895 einem Act von Ar hur Schnitzler.
882 1829 3229 1921 könnte nun, wenn das natürliche Gefühl und nicht ein künst= „reich“ verlobt. Die Frau wußte das, ohne irgendwie be¬
142 1852 657 1932 führung am 1. März 1899.)
883 1888 3226 1955 lich erdachtes Experiment helfen dürfte, durch die Machtl ängstigt zu sein; sie wollte ja nur den Augenblick genießen.
146 1906 890 1997 Initzler's neuen Stücken ist's mir ganz
879 1930 3233 2019 seiner physischen oder geistigen Ueberlegenheit, ja allein Nun ist sie todt; wir erfahren alle diese Dinge; aber sie ist
159 1978 891 2043 der Aufführung nicht in Stimmung
885 1980 2059 2044 durch die Erinnerung an die schönen Jugendtage das Weib
2039 1987 3235 2071 doch todt, dramatisch gleichgiltig für das posthume Stück.
134 2011 885 2095 ttem Willen. Meine Gefühle gingen
881 2022 3224 2108 des Philisters wieder an seine Seite bringen — wie Sieg= Wir haben uns an die beiden „Gefährten“ zu halten. Der
138 2065 888 2141 je das gew sse Nachklingen der Empfin¬
885 2076 2058 2150 mund dem Hunding die Sieglinde abringt. Er könnte aber
2037 2076 3222 2166 Professor hat sich in seiner König Marke=Rolle recht gut
181 2119 897 2186 s dem Hause. Jetzt sind einige Tage
892 2127 2054 2180 auch, wenn das Weib und ihr nüchterner Handwerker¬
2043 2141 3216 2203 gefallen, da er wahre Liebe bei der Gefährtin und ihrem —
143 2155 890 2233 ke das Gehörte und Geschaute, da ich
886 2169 3225 2263 gemahl nur vorübergehend die Macht des höheren Geistes seinem Assistenten vermuthete. Er hatte es sich in den Kopf
145 2229 899 2282 Iglaube bei der Erinnerung mehr als
886 2223 3225 2303 fühlen llen, der schwachen Frau die Geständnisse, welche gesetzt, von wahrer Liebe hintergangen zu werden. Nun er¬
158 2266 904 2332 empfinden. Ich denke die Stücke im
882 2267 2048 2326 den Gatten in Angst jagen, bei wachen Sinnen ab¬
2038 2286 3223 2341 fährt er, daß der Assistent kein Tristan, die Gefährtin keine
161 2312 2050 2390 , daß das Denken mir Manches zu pressen Die Psychologie, auf welche Arthur Schnitzler sich
2041 2325 3222 2388 Isolde gewesen war; nicht einmal die Wonneschauer eines
141 2359 3226 2450 ich bei künstlerischen Dingen sorst das vortrefflich versteht, ist ja der Bühne verwandter als psycho=Liebestodes, sondern einen ganz gemeinen Herzschlag muß er
146 2394 2039 2477 vorauszugehen pflegt. Ich ertappe pathische Experimente . . In der einmaligen Hypnoje hätte
2038 2418 3219 2493 als Todesursache erkennen. Da ehrt er zunächst den Assi¬
139 2439 2051 2522 als Empfangender denselben Proceß ich eine dramatische Wunderlichkeit gesehen; die Wieder¬
2038 2468 3230 2547 stenten durch einen verspäteten Hinauswurf; er selbst geht
138 2496 892 2573 nitzler als Schaffender sich hingegeben
881 2509 3228 2588 holung der Hypnose aber, welche wieder Vergessenheit be= auf Reisen oder schreibt ein neues Buch ... Rechtfertigt
134 2546 896 2622 kie diese Stücke zuerst denken — sein
887 2557 1992 2630 wirken soll, scheint mir vollends ein dramatischer Fehler.
2020 2568 3216 2618 der gewiß sehr interessante Einblick in die Seele einer leicht¬
134 2590 892 2658 ssatze zu unseren modernen Wiener¬
975 2601 3222 2692 Die Pein des Anblickes schwindet mir freilich jetzt in sinnigen, nun todten Frau, der Einblick in die Seele eines
218 2647 888 2716 dann erst wurde das abstract
878 2642 3209 2727 der Erinnerung, welche glücklicherweise nur das Gute und kalt duldsamen, aber nicht etwa duldenden Professors den
150 2688 901 2757 Fühlen geleitet. Das Hypnotisiren ist
881 2696 3220 2774 Beste mir vor den Sinn bringt: die edle dichterische Vers= dramatischen Apparat? Sind Erkenntnisse, die eine Todte
152 2744 3207 2801 um Komischen wie zum Tragischen sprache Schnitzler's, die vielen geistvollen, goldhältigen Ge= betreffen und die Ueberlebenden nicht in starke Conflicte,
129 2787 2042 2861 gang ist darum auf der Bühne nicht danken, die geschickte Einführung und Durchführung des
2032 2794 3209 2874 ja kaum zu einer Veränderung der Lebensweise bringen,
139 2842 3209 2900 die etwa eine klinische Amputation, gewagten Experiments, die durchaus vornehme, feinsinnige virklich werth, den alleinigen Inhalt eines Schauspieles
144 2874 891 2945 peinlich in der Unsicherheit, ob die
879 2895 3222 2979 Gestaltung des Schauspieles. Die fesselnden Gegensätze des zu bilden? Wir hören allerlei Dinge, Nachklänge eines
151 2933 890 2983 ten im nächsten Moment Gelächter
873 2937 2953 3008 genialen Uebermenschen und des Gauchs, an welchen das verfehlten Ehelebens. Was aber schauen wir?
162 2969 2051 3031 erregen wird. Die geistige Ueber= Mädchen der Versorgung wegen sich gehängt hatte, empfinde
2127 2974 3201 3060 Diese Zweifel lassen bei der Aufführung keine Ruhe,
167 3021 2041 3093 ,deren Sinne stark und wach sind, ich jetzt, fern der Hypnose, viel freier und reiner, und das
2031 3007 3220 3120 sie regen Fragen auf; man glaubt im Theater sich selbst
154 3086 3202 3121 dem Augenblicke aber, da dem Doctor Spielen mit dem Experiment tritt für mich hinter das be= eder das Stück nicht auf dem rechten Platze. Heute aber,
161 3134 1448 3180 gelingt, verliert nicht nur die Hyp= wegende Spiel des Geistes.
2023 3141 3205 3202 ii der Erinnerung, bewundere ich einzig die Virtuosität der
157 3154 888 3237 unlos Betrunkene jede dramatische
971 3183 3207 3253 Ein Gedankenstück wie „Paracelsus“ ist auch „Die venigstens scheinbar dramatischen Gestaltung, die psychologischen
162 3200 882 3276 die hypnotisirende Person wird uns
877 3216 3205 3304 Gefährtin“. Es wird ein moralischer Todtenbefund auf= Rechtfertigungen und Folgerungen, Schnitzter's Tiefe der Be¬
153 3264 881 3323 weil ein tüchtiger Spitalsdiener bei
872 3265 2034 3342 genommen; mit der Kälte und Gewissenhaftigkeit, die
2029 3282 3199 3351 cbachtung und Weite der Menschenkenntniß, seinen männ¬
168 3314 2038 3378 dasselbe vermöchte wie der dramatische wir an Amtspersonen, welche viel um Leichen zu schaffen
2032 3321 3202 3382 lichen Ernst, der unbekümmert um äußere Erfolge, seine Kräfte
163 3361 3210 3454 scheidet sich aus dem Verhältniß der haben, bewundern. Da der Vorhang sich hebt, wurde die auch an gewagten dramatischen Stoffen erprobt. Er arbeitet
163 3398 225 3458 —
244 3397 334 3461 —
1032 3405 1173 3462 —
720 3397 868 3458 —
1147 3415 1265 3491 ans
