3436 4224
2127 129 2556 225 box 15/6
311 132 1941 232 9 4. Der gruehe Kakaqn zykIus
1747 1084 1896 1164 1022
1185 1177 2405 1263 geworden über Nacht, mit einem Schlage, — und salche
1190 1249 2411 1331 Reputation drückt wie ein dorniger Kranz die blassen
1189 1310 2409 1376 Schläfen wund. Nun heißt es allherbstlich am Markte
1198 1366 2410 1440 sein mit prangenden FFrüchten, nun heißt es erscheinen und
1189 1426 2417 1489 wieder erscheinen und wohl erworbenen Klang des Namens
1196 1504 2409 1560 mit feuchter Stirn ohn Unterlaß verteidigen und neu ver¬
1182 1546 2405 1600 dienen, — ein gleißend Duldertum. Nun wird jeder Ge¬
1183 1620 2415 1679 danke, der das Hirn schattenhaft kreuzt, mit bebender Hand
1188 1664 2406 1750 gepackt, gewendet und gedreht, ob etwas in ihm sei, was
1194 1729 2416 1781 im Scenenlichte listig zurechtgestutzt und schlau gespitzt
1189 1790 2404 1856 hänglich aufhorchende Hörer erschauern oder gar zittern
1183 1843 2417 1908 machen könnte. Der vordem, ein souveräner Träumer,
1195 1901 2403 1965 königlich geschwärmt und seines Herzens heißem Drange
1184 1969 2416 2026 folgend, in Bingerissenheit geschaffen, ein Bacchant, der
1185 2020 2409 2092 bebend den Nuß der Inspiration auf seiner Stirn gefühlt,
1256 2077 2405 2144 nun ist er ein liebedienerischer Sklav des gelangweilten
1187 2132 2410 2196 Theaterherrn geworden, der auf teuer bezahltem Sitz seiner
1184 2199 2404 2271 Börsensorgen ledig werden will — auf knappe Stunden,
1190 2253 2406 2318 und seinen abgespielten Nerven raffinierteste Reizungen er¬
1177 2307 2407 2374 harrt und erhofft, widrigenfalls er mit geringschätzigem
1192 2375 2406 2441 Lächeln bei seinen Kursen bleibt, und besorgte Kassierer
1181 2428 2423 2518 erbleichenden Direktoren grausam bedrohliche Kassenrapporte
1186 2490 1547 2560 erstatten müssen.
1273 2546 2400 2617 So entsteht ein Stück, wie dieser „grüne Kakadu“ in
1177 2610 2395 2687 welchem ein knatternder Coulissenwitz, den Mlaestro Leon¬
1183 2673 2383 2742 ravallo bereits in den brausenden Tönen der „Bajazzi“
1173 2727 2397 2813 vorweggenommen, den Dorwurf abgiebt zu einem virtuos
1180 2793 2392 2857 gerechneten Bühnenspiel nach dem Muster der durch¬
1187 2862 2395 2930 triebensten Pariser Seenenschwindler Sardouscher Prägung.
1180 2914 2393 2972 Diesen kitzelnden Dorgang, den auch Hauff bereits novellistisch
1184 2967 2408 3039 verwandte, diesen Dorgang, in dessen Verlauf einem rasenden
1186 3037 2405 3087 Histrionen eine verblüffend gespielte Eifersuchtsscene in blutig
