3436 4256
2167 66 2611 167 box 15/6
372 67 2009 185 9.4. Der gruene Kakadn ZukIns
681 1287 735 1339 A
1887 1280 2162 1379 Siste siee h
2444 1246 2525 1378 8
631 1351 1742 1406 umschwärmt. Sie flieht ihren entsetzten Ehemann, der
1807 1360 2910 1442 sitzen innen im kleinen Raum die Menschen zusammen,
643 1381 1730 1455 vergebens Paracelsas bittet, seine unschuldig=schuldige Frau
1808 1418 2913 1479 sehen alles und wissen doch nichts. Niemand kennt sich
642 1430 1746 1506 von ihrem Wahn genesen zu lassen. Erst als Justina
1823 1469 2915 1536 mehr aus, jeder hält das Spiel des anderen für Ernst,
638 1475 1727 1545 auf Befragen die Liebesnacht, die Paracelsus ihr imputirte,
1817 1504 2910 1560 jeder hanhelt unter anderer Voraussetzung von derselben
632 1530 1738 1590 so eindringlich schildert, daß er selbst nicht mehr weiß,
1822 1556 2914 1633 Sache, das Ding an sich vermag keiner zu erkennen, und
626 1576 1738 1642 ob sie Trug oder Wahrheit gewesen, entschließt er sich,
1827 1598 2569 1657 das Schicksol spielt vielleicht mit allen.
630 1617 1739 1685 das Räthsel zu lösen. Er hypnotisirt sie nochmals und
1886 1639 2897 1728 Woßin eine solche grüblerische Anschauung, die ihre
626 1640 1736 1723 befiehlt ihr, bis zum Abend wahr zu sein und ihre ge¬
1813 1698 2903 1762 Zweifel begt und liebt wie theure Kinder, führen kann,
627 1700 1728 1751 heimsten Gedanken zu enthüllen. Nun stellt sich heraus,
1817 1750 2898 1804 zeigte das Leben des Professors Pilgrim in dem dritten
633 1750 1738 1807 daß der Treubruch erst in ihren Gedanken lag, noch
1830 1782 2896 1855 Einakter des Abends „Die Gefährtin“. Der Professor
621 1781 1739 1864 nicht geschehen ist, daß sie Paracelsus einst geliebt und
1822 1822 2905 1892 lebt seit zehn Jahren mit seiner Frau, die er liebt und
621 1835 1734 1890 es nur an ihm lag, sie zu besitzen, daß sie nun aber
1809 1860 2905 1945 die ihn mit seinem Freund und Assistenten betrügt. Er
621 1867 1738 1941 sich mit ihrem guten, wenn auch beschränkten Gatten
1806 1919 2904 1983 weiß es, aber er verbirgt sein Wissen, weil er meint,
624 1936 1729 1987 abfindet. Mit dem Sinken der Sonne wird sie ihr
1806 1952 2900 2031 daß die Jugend, die zusammengehöre, in heißer Leiden¬
624 1961 1728 2031 innerstes Ich vergessen, und Paracelsus verläßt die Stadt,
1793 2005 2898 2070 schaft sich zusammengefunden habe. Nach dem Tode
617 2008 1728 2088 nachdem er durch die That erwiesen, was sein geheimster
1808 2042 2899 2115 seiner Frau erst erfährt er, daß sie für den jungen Freund
623 2057 1729 2105 Gedanke ist und was ihn ruhelos durch die Lande treibt.
1798 2084 2894 2155 nur eine Geliebte war, daß sie wußte, er werde eine
630 2093 1727 2166 In ein Paar hübschen Lersen zum Schluß spricht er es
1803 2137 2884 2203 andere heirathen, und daß zwischen ihnen nicht Liebe,
620 2149 1721 2183 aus: „Was ist nicht Spiel, was wir auf Erden treiben?“
1797 2176 2884 2249 nur Sinnenreiz geherrscht hat. In Erkenntniß seines
622 2184 1722 2250 Wer vermag die Grenze zwischen Sein und Schein zu
1804 2220 2886 2286 Irrthums jagt der Professor den jungen Mann fort.
620 2233 1725 2293 ziehen, wer wagt es zu sagen, dies ist Traum und dies
1800 2266 2884 2333 Mit Unrecht, denn er allein ist Schuld. Hätte er das
625 2268 1725 2334 ist Leben, und wozu alle Aufregung, da wir doch nie
1792 2307 2891 2379 Leben als wahr genommen, statt sich mit philosophischem
623 2319 1725 2386 erfahren können, vo das, was wir für wahr und that¬
1816 2351 2889 2416 Spintisiren hinwegzusetzen über alle Konvention und
633 2357 1345 2421 sächlich halten, auch wirklich existirt.
1809 2392 2886 2459 alles Recht, so wäre es nie so weit gekommen. Nur in
723 2397 1725 2450 Das Problem des Paracelsus ist also der Zweifel
1808 2439 2883 2500 seiner Phantasie bestand das Fatum, dem er erlag.
626 2450 1717 2506 an der Realität. Es ist der gleiche Gedanke, der der
1803 2471 2817 2548 Nur weil er zweifelte an seinem Rechte, verlor er
625 2494 1720 2557 indischen Philosophie entsprossen ist und dem Schopen¬
1799 2528 2894 2581 und kam dahin, das widernatürliche und unmoralische Ver¬
621 2535 1718 2587 hauer nachgedacht und den er weiter entwickelt hat. Der
1796 2572 2886 2639 hältniß im eigenen Hause zu begünstigen. Auch ihm war
616 2580 1701 2643 Schleier der Maya liegt über den Dingen, nichts ist fest¬
1800 2616 2887 2684 versagt, die Grenzen des Vorhandenen von der Gedankenwelt
623 2625 1716 2663 stehend, überall herrscht le grand peut-étre. Genau das¬
1810 2657 2889 2706 klar ziehen zu können. Und so herrschte in seinem Hause
626 2669 1719 2717 selbe Prinzip liegt im grünen Kakadn vor. Während
1800 2700 2888 2777 die furchtbare Negirung aller Gesetze, die die unabweis¬
618 2704 1712 2772 draußen auf der Straße sich mit Blut und Gewalt
1787 2739 2887 2835 liche Konsequenz des Zweisels an der wirklichen Existenz
608 2749 1724 2829 eine neue Weltanschauung Bahn zu schaffen scheint,
2979 1368 3335 1437 der Dinge ist un
2983 1420 3359 1502 scheinungsform den
3050 1469 3352 1524 Von den bei
2984 1501 3352 1567 Sozialismus herv
2976 1554 3350 1619 deutschen die Phan
2975 1594 3318 1663 Peter Altenberg
2973 1639 3349 1703 getheilt. Auch abge
2980 1685 3346 1749 reichs ist das ver
2970 1723 3340 1788 ein festes Panier
2971 1768 3333 1841 währende scheue Z
2964 1817 3354 1878 heit in irgend eine#
2975 1858 3338 1915 der Gedankenthätig
2972 1908 3340 1967 hat dort nie die B
2961 1943 3343 2012 zeichnend genug ist
2963 1994 3353 2044 jetzt zur Umkehr kon
2960 2037 3336 2098 fraglich erscheinen.
2970 2089 3327 2139 neulich schon in
2960 2122 3342 2185 brachte, und jetzt i
2962 2173 3348 2227 alter des geheimn
2964 2203 3346 2272 doppelt bemerkensw
2960 2260 3338 2318 mehr als Arzt em
2952 2299 3357 2359 bedeutsames Zeiche
2960 2348 3344 2405 Naturwissenschaftler
2957 2390 3349 2445 Materialist cans ph
2963 2433 3338 2488 scher oder Häckel'sch
2960 2475 3344 2541 die Grenzgebiete des
2968 2512 3334 2579 Literatur entdecken
2974 2564 3352 2641 die Welt scheinen
