3436 4256
231 173 1325 258 9. 3. Der cruene Kakadu
468 237 1300 304 Dergranhe Ranaan
364 1401 1394 1504 PRUILLETON DU JOURNAE DZS DEBATS
605 1474 1191 1537 du 23 novembre 1903
818 1592 930 1686 LA
372 1662 1400 1811 SEMAINE DRAMATIOUE
357 1874 1386 1955 Athénée-Saint-Germain: Le Scrupule, comédie en
396 1946 1391 2000 trois actes, de M. Jean Sartène. — Représentations
397 1992 1382 2036 du théätre des Capucines. — Chätelet: L’Oncle
388 2031 1391 2087 d'’Amérique, piéce en quatre actes et vingt ta¬
394 2070 1397 2151 bleaux, de MM. Victor de Cottens et Victor Darlay.
451 2124 852 2186 Questions diverses.
391 2181 1379 2261 Tout n’est pas mauvais dans ie Scrupale,
354 2241 1380 2303 pièce donnée la semaine dernière au petit
356 2290 1390 2360 théätre de I'Athénée-Saint-Germain, et il vaut
355 2347 1134 2406 la peine de s’y arrêter un instant.
388 2398 1386 2454 Le sujet n’est pas d’une nouveauté extraordi¬
362 2440 1383 2504 naire, ni d’une originalité confinant à l’excen¬
354 2494 1395 2558 trique. C’est l’amour d’une toute jeune fille
349 2533 1389 2599 pour un homme entre deux äges, sujet tou¬
353 2589 1379 2651 jours un peu pénible, et tonjours très délicat à
347 2637 1371 2689 traiter, et toujours, je ne sais pourquoi, solli¬
347 2683 1378 2744 citant la curiosité et comme alléchant le talent
346 2722 1380 2789 des auteurs jeunes ou vieux, surtout vieux.
341 2771 1380 2861 J’ignore du reste absolument l’äge de M. Jean
347 2821 577 2893 Sartène
399 2850 1377 2929 Cette fois-ci, ily aurait bien quelque chöse à
357 2907 1393 2991 dire sur la façon dont le sujet a été manié, sur
349 2964 1397 3049 certaines invraisemblances et sur maintes ma¬
351 3021 1390 3084 ladresses; mais, cependant, il est incontestable
342 3061 1385 3137 que M. Jean Sartène a du talent, que teile et
358 3111 1389 3178 telle autre scène de son petit drame, pour étre
350 3151 1383 3230 menée un peu gauchement, ne laisse pas,
349 3220 1386 3287 comme par sa force intime, de produire uncer¬
349 3263 1388 3331 tain effet; et je ne vois rien d’impossible à ce
351 3316 1384 3375 que, mienx inspiré une autre fois dans le choix
353 3361 1376 3432 de ses theses, ou méme ne prenant plus de
375 3404 851 3515 Kerehteiten ineretie.
1446 177 1873 267 box 15/1
1406 1399 2414 1489 these du tout — dramatistes, fuyez la thèse; ne
2430 1406 3389 1521 simplentent gai et d’une bonne bouffonn
1396 1462 2426 1538 soyez pas desthésards! — M. Sartènenous donne
2438 1479 2681 1543 copieuse.
1407 1520 2429 1585 quelque chose qui soit uns véritable cuvre,
2455 1524 3395 1614 Entölage, de M. Daniel Jourda, est extré##
1409 1569 2411 1627 digne, non seulement d’étro signalée, mais
2430 1579 3355 1635 ment adroit et bien fait et vraiment dröle:
1404 1608 2059 1685 d’étre analysée en son détail.
2457 1626 3387 1702 Hue, Cocotte Ide MM. Georges Nanteuil
2421 1660 3309 1730 Faverne, peut étre entendu sans ennui.
1428 1697 2433 1782 Tres agréable soirée, lundi dernier aux Ca¬
2453 1708 3399 1789 Deur heures du matin, quartier Marbeufn
1404 1745 2406 1822 pucines. C’est d’ailleurs assez l’ordinaire dans
2428 1755 3388 1845 MM. Jean Lorrain et Gustave Cogniot, est
1396 1802 2423 1869 cetrès hon petit théätre ou Pon sent chez tout
2432 1818 3396 1886 genre du plus ancien athéätre libre: et
1400 1847 2422 1912 le monde un sérieux désir de bien faire. En
2419 1858 3380 1931 plus libre théätre ancien. La hardiesse en
1405 1909 2410 1967 outre des choses déjà vues et déjà signalées à
2431 1921 3387 1983 un peu bien forte; mais la chose est traif
1398 1955 2409 2005 vous par moi, trois petites nouveautés avec
2422 1962 3383 2036 avec vigueur et un certain sens dramatique.
1406 1991 2408 2058 lesquelles il n’est nullement désagréable de
2423 2004 3381 2074 n’est pas indifférent. C’est peut-être condam
1398 2051 2410 2107 faire connaissance. C’est le Péché veniel, bouf¬
2417 2046 3190 2108 ble: mais ce n’est pas méprisable.
1397 2087 2418 2146 fonnerie médiévale ou la verve de M. Franc¬
2459 2104 3388 2177 Ces jeunes gens, fournisseurs oréinaires
1397 2136 2413 2206 Nohain a fait des trouvailles très amusantes,
2423 2147 3377 2220 fournisseurs infatigables, semble-t-il, des Ca
1396 2187 2418 2256 düment relevées par la musique de M. Claude
2419 2216 3390 2276 eines, du Grand-Guignol, des. Mathurins, e
1402 2233 2418 2293 Terrasse, tout cela enlevé avec beaucoup de
2429 2256 3383 2338 et, ne sont pas autre que les Dancourt de n0
1407 2280 2416 2355 brio par MM. Dubosc, Yves Martel, Saidreau;
2421 2299 3378 2366 théätre contemporain. IIs saisissent au vol,
1393 2329 2178 2394 Mmes Marguerite Deval, Maöla, etc.
2417 2339 3381 2413 T’actualité proprement dite, l’actualité ma
1432 2375 2411 2452 Gest encore la Boutique à quaf sous, défilé
2420 2391 3376 2450 rielle, le dernier fait-divers; soit ce qu’on po
1395 2434 2412 2503 de boniments assez dröles, auclore, Jacques
2419 2442 3385 2501 reit appeler l’actualité morale, la derni
1392 2469 1755 2538 Redelsperger.
2422 2497 3381 2560 petite chose dont on cause et dont on dispi
1429 2521 2405 2595 C’est enfin et surtoutune vraiment très jolie
2414 2545 3383 2608 etils portent cela tout chaud sur la scène, a
1402 2584 2402 2635 esquisse de psychologie conjugale, Fin de
2421 2588 3380 2658 un tour de main plus ou moins adroit, queld
1395 2620 2399 2674 veita, un acte de MM. Tarride et Vernayre.
2415 2646 3381 2723 fois vraiment excelient. Gest un peu du jo
1395 2670 2414 2730 Cela, par exemple, est véritablement distingué
2416 2676 2845 2749 nalisme dialogué.
1400 2717 2417 2776 et fin. C’est une véritable comédie. Cela, non
2447 2713 3382 2807 Sercey dirait que, comme le journalis
1401 2770 2405 2823 seulement se laisse entendre, mais se feit écou¬
2409 2747 3380 2851 proprement dit dévore en les dispersant (1
1402 2812 2411 2874 ter. Interprété, du reste, d’une façon supérieure
2411 2825 3370 2896 pis pour la cohérence de la métaphore)
1392 2867 2409 2930 par Mme Thomassin et M. Dubosc, bien secon¬
2422 2882 3385 2950 talents littéraires qui auraient pu s’applique
1389 2915 2234 2988 des par MM. Pierre Achard et Albouy.
2417 2917 3397 2981 choses plus solides, de méme ces journaliste
2411 2957 3384 3041 petits théätres se dépensent en menue monna
1435 2981 2405 3077 Au Grand-Guignol aussi, renouvellement d’af¬
2409 3026 3387 3089 poussent en feuilles et sont perdus pour le#
1398 3066 2408 3125 siche. II offrait, la semaine dernière, cing de
2414 3075 3380 3136 théätre. Certainement il aurait raisen; ma
1397 3107 2409 3164 ces petites pièces promptes et vives qui sont
2410 3119 3381 3176 aussi, comme le prouve l’exemple des Capus
1384 3140 2405 3217 son ordinaire provende. Zes Demi-Feuves (celui¬
2415 3172 3383 3232 des Donnay, il faut bien commencer queld
1394 3202 2408 3256 la devait venir, après tous les autres demt etje
2404 3227 3386 3287 part, et ces années passées à produire de pe
1393 3251 2412 3310 m’étonne qu'il ne soit pas venu plus tôt) sont
2413 3266 3377 3330 actes sont peut-étre de bonnes années d’appr
1401 3306 2405 3357 une saynète de MM. d’Harcourt et de Rauvray.
2409 3304 3373 3387 tissage. L’essentiel est encore de travailler.
1388 3352 2412 3434 Un peu lugubre, un peu sinistre, mais d’une
2452 3373 3380 3436 Seulement, avec un certain sens de l’oppe
1385 3392 1952 3459 fantaisie assez pinçante.
2413 3404 3377 3485 tunité et du g point de maturité  de son tale
1416 3450 3377 3550 Une barbe, de MM. Lant et Jean Rochon, est) comme disait tres bien Büffon, il faut ne
