3484 4256
2053 210 2526 313 hox 15/5
1119 229 1371 299 Kakad
289 226 1917 342 9. 4. Der pruche „naan7VKInS
702 1091 1008 1194 Deutschlaus 90
512 1147 1604 1230 die Gesetzgebung für die drei großen in Aussiche
1591 1174 2119 1267 Ein anderer negt
516 1209 1610 1280 genommenen Social-Institute: die Kranken-, Unfall=,
1572 1217 3338 1312 Reichsregierung auf dem Gebiete der Besserung der der Rede Szells trete nach langer Zeit
511 1261 1571 1345 Invaliditäts- und Alters-Versicherung, in den Er¬
1566 1282 3336 1362 Zustände der Arbeiterschaft der einzelnen Berufs= Glaube an die Gemeinsamkeit der öl
512 1308 1562 1386 fahrungen des Versicherungswesens, der Lebens¬
1573 1328 3343 1421 klassen, zu welcher die Arbeit der Reichs-Commission Oesterreichs und Ungirns hervor. Sein
511 1344 1574 1440 Versicherungs=Gesellschaften, der genossenschaftlichen
1558 1454 3341 1527 unterirdischen Laufe der Gedanken und Gefühle nach. Frau habe seinen Assistenten geliebt.
1558 1488 3327 1554 Ec hypnotifirt die Jugendgeliebte, befiehlt ihr zu daß ich vor zehn Jahren irgend;
803 1473 1320 1628 Feuilleton.
1562 1521 3318 1631 sprechen, und sie enthüllt das Sehnen des Herzens hatte? Das wäre recht thöricht,
1558 1577 3342 1656 nach dem Stelldichein mit einem Junker, der für sie Frau nimmt, die um zwanzig Jahre
1570 1634 3350 1720 schwärmt. Paracelsus suggerirt ihr, daß die Jusammen-swußte ganz gut, daß mir höch
1572 1697 3348 1767 kunft stattgefunden habe. „Unschuldig und dochzwei schöne Jahre bevorstehen. Aber
890 1692 1223 1802 Theater.
2604 1735 3355 1795 ist nicht lang genug, daß man ohne
1575 1750 2615 1826 schuldig, da sie's glaubt, keusch und doch unkeusch,
2605 1789 3346 1863 Jahr des Glücks verzichten dürft
525 1778 1585 1875 Hofburgtheater: „Paracelsus“, Schauspiel in einem
1578 1800 2617 1867 da sie in den Sinnen von wilden Gluten die Er¬
1581 1841 3340 1915 inn'rung trägt“ so will sie Paracelsus, denn er ist tritt, von einer Reise zurückgekehrt,
524 1848 1588 1924 Acte. — „Die Gefährtin“, Schauspiel in einem Acte.
2607 1881 3352 1959 dem Professor mit, er sei seit einen
596 1894 1578 1966 „Der grüne Kakadu“, Groteske in einem Acte von
1577 1901 2616 1972 erbittert, „sieht er solche Frauen, geschaffen, hoher
2616 1941 3350 2005 verlobt. Erst jetzt dürfe er davon sp
533 1948 1576 2023 Arthur Schnitzler. Zum ersten Male aufgeführt am 1. März.
1566 1949 2613 2020 Menschen Glück zu sein, an einen Gauch weggeworfen.
2612 1979 3357 2049 bald wieder zu seiner Braut reisen
1575 2005 2614 2072 Euch nehmen wollt' ich sie, doch keinem geben, rein
572 2015 632 2076 *
643 2014 1587 2092 Drei kleine, aber nicht federleichte Stücke hat
2611 2034 3349 2116 ist darüber empört, daß der Docto
531 2043 2620 2143 Arthur Schnitzler jüngst aufführen lassen. Sie geben soll sie bleiben — nur für Euch beschmutzt". Der
2611 2076 3356 2177 Frau ... betrogen habe, und weis
531 2100 2608 2184 zu sehen, zu hören und zu deuten. Sie haben Per= Dünkelvolle bereut, Paracelsus ist ein guter Prinz,
2623 2120 3347 2207 „Ich hätte Dich vom Boden aufgehe
527 2129 2630 2246 spective; man sieht über den dramatischen Zaun hinaus. er heißt die schöne Frau Alles vergessen, was
2616 2188 3347 2261 der Schmerz gebrochen hätte, aber
531 2225 2623 2290 Schnitzler ist Freund des Wahren, und dennoch forscht er ihr eingeredet, und die Sonne leuchtet
3124 2232 3347 2307 * Die F
2614 2230 3102 2316 Deiner Dirne gemacht.
529 2246 2615 2339 er immer nach dem Wunderbaren in der Natur. Er wieder in dem Basler Bürgerhause, in welchem
2624 2287 3351 2361 Professor auf: „Was die Frau für
1579 2300 2626 2376 die Strafe des Philisters vollzogen werden
542 2316 1582 2399 glaubt nur, was er sieht, möchte aber gern mehr sehen.
2618 2334 3349 2415 gewußt. Er hat sie weder betrogen,
2501 2349 2620 2414 „Es
1582 2347 2454 2432 sollte. — „War's Ernst, war's Spiel?“
542 2364 1599 2439 Am Schlusse des Stückes „Paracelsus“ fragt eine
2612 2368 3347 2453 auf seine Heirat war sie seit lange
1588 2393 2614 2477 war ein Spiel, was sollt' es anders sein?“ wird
545 2423 1585 2486 Person: „Bevor Ihr geht, erklärt Euch, denn ver¬
2615 2427 3349 2511 auf etwas, das sich von selbst ver
1587 2436 2626 2529 geantwortet. Der Dichter hat ein Recht so zu
536 2466 1587 2539 wirrt laßt Ihr uns alle hier zurück. War's Ernst?
2616 2495 3343 2568 ihr's schrieb, hat sie so wenig u
1586 2497 2626 2586 sprechen ..., der Arzt aber sollte nicht hinzusetzen:
541 2519 1588 2591 War's Spiel?“ Paracelsus antwortet: „Ein Sinn wird
2618 2534 3352 2612 als er um sie!“ — Der Professc
1592 2539 2624 2629 „Was ist nicht Spiel, das wir auf Erden treiben?“
540 2581 1583 2658 nur von dem gefunden, der ihn sucht!“ Suchen wir.
2617 2579 3348 2663 Diese Hypertrophie des Natürlichen
1580 2584 2624 2678 Indessen wir haben es in diesem Stücke mehr mit
584 2621 1596 2690 Hohenheim, genannt Paracelsus, kommt zu Beginn
2615 2632 3350 2711 Naturalisten etwas zu stark. Was
1593 2651 2554 2732 dem Dichter zu thun, dem der Arzt nur assistirt.
540 2673 1593 2761 des 16. Jahrhundert nach Basel, wo er jung gewesen,
2628 2692 3359 2757 zeigen? Welch unverbesserliche Ideali
1631 2685 2623 2774 „Die Gefährtin“ führt in unsere Tage.
545 2703 1592 2793 zurück. Die Geliebte ist die Frau eines reichen Rathe¬
3042 2737 3321 2804 sich auch
2629 2744 3061 2817 sind, wenn sie
1600 2751 2633 2826 „Herbstabend des letzten Jahres“ sagt Schnitzler. Die
540 2766 1597 2836 herrn geworden, der sich eisenfest im Besitze seines
2633 2790 3305 2857 Beobachter und Kenner der
1595 2804 2624 2874 Frau eines Professors starb und wurde begraben.
547 2820 1593 2888 Weibes dünkt, seines Heims und Handwerks und auf
2639 2833 3353 2904 spielen? Das wäre noch das Annehn
1586 2853 2633 2914 Eine Freundin bittet, ein Päckchen nachgelassener
554 2873 1598 2937 den fahrenden Arzt mit gnädigem Mitleiden herab¬
2635 2892 3314 2962 Experimente der Beleuchtung
1591 2910 2634 2969 Briefe aus dem Schreibtische der Geschiedenen nehmen
544 2928 1590 2992 sieht. Er fürchtet Erinnerung und Schwärmerei nicht,
2630 2944 3310 3010 Menschen mit Röntgen=Strahlen.
1592 2951 2639 3036 zu dürfen. Der Professor möge verzichten, den Inhalt
543 2974 1593 3046 denn „vom Gegenwärtigen umschlossen und ge¬
2626 2994 3357 3051 „Gefährtin“ das Gespenst des Verisk
1584 3003 2644 3092 zu sehen. Der Mann erklärt, nicht forschen
544 3007 1604 3084 bändigt ist das Weib". Gleich einem Quellen¬
559 3038 3338 3172 sucher geht nun Parcelsus mit der Ruthe dem zu wollen, denn er kenne das Geheimniß. Die die Frau aus dem Spiele, daß
677 3204 1396 3375 Seue
