3436 4224
1446 58 2282 145 Wien, I., Concordiaplatz 4.
1637 129 2073 197 Vertretungen
1311 171 2399 248 in Berlin, Budapest, Chicago, Christiania, Genf. Kopen¬
1329 220 2402 298 hagen, London, Madrid, Mailand, Minneapolis, New-Vork,
1367 261 2371 330 Paris, Rom, San Francisco, Stockholm, St. Petersburg.
1649 308 2071 380 (Quellenaphie ohns der Dar).
1310 323 2479 445 Ausschnitt aus: euel d Seay
1319 456 1661 570 Nom.—
1666 459 2326 564 10 tesse¬
1352 623 2455 709 II pappagallo verde, dranuma in un atto di A. SCHNTT-
1383 684 2453 741 ZLAR. Roma — Teatro Argentina — 25 gennaio 1909.
1388 743 2439 817 Aäppagallo verde & l’ insegna di una di quelle strane
1352 803 2447 872 taverdé, mezzo osterie, mezzo birrerie, di cui ancora oggi
1351 853 2441 910 abbiamöa*Parigi qualche pallido esempio in quei caba¬
1340 896 2443 961 retslchefsofgono nelle vicinanze della Place blanc su al
1353 949 2448 1006 quattiefe eccentrico di Montmartre. Ne conosco diversi, e
1342 997 2444 1049 ognuno di essi si distingue per una particolare fisionomia
1347 1046 2450 1106 per una speciale stravaganza. Vi é ad esempio il cabaret
1350 1110 2438 1149 de la mort, lugubre, impressionante, dove i mobili hanno
1338 1142 2438 1196 forma di casse funebri e le pareti sono aderne di teschi
1346 1191 2433 1253 e ossa di morti e i camerieri cammuffati da becchini ac¬
1339 1238 2210 1306 colgono gli avventori con orazioni funebri!
1390 1297 2436 1350 Vi eil cabaret de tricands dove ogni avventore é ac¬
1338 1333 2435 1403 colto al suo ingresso da grida pazze di gioia e speciali
1342 1384 2433 1439 artisti, specie di giullari, esaltano a voce altissima i ti¬
1334 1438 2433 1502 toli ele doti dei frequentatori del locale, naturalmente
1344 1485 2443 1550 senza conoscerli. Vi è il cabaret du ciel e ve ne sono
1347 1545 2439 1606 cento altri dei quali sarebbe troppo lungo rilevare la stra¬
1349 1576 1482 1635 nezza.
1376 1619 2435 1678 J pappagallo verde potrebbe dunque ascriversi a questa
1344 1679 2440 1731 categoria di locali. Lo Schnitzler finge in esso l’azione
1343 1730 2436 1777 del suo dramma che fa risalire alla sera famosa del 14
1338 1772 1632 1836 Luglio 1789.
1367 1824 2446 1889 Prospero, l’oste proprietario del e Pappagallo verdes, ha
1331 1875 2434 1929 P’abitudine di scritturare dei comici che vengano a reci¬
1344 1922 2445 1989 tare, improvvisando delle scene, per lo piü truci, della
1345 1985 2438 2033 mala vita, nel locale per divertire, strano divertimento
1346 2022 2376 2078 fatto di violente emozioni, gli aristocratici avventori.
1364 2076 2431 2130 Chi viene simulando d’aver commesso un delitto, chi
1338 2132 2431 2182 racconta i particolari terribili di una turpe violenza, di
1343 2166 1922 2230 una rapina, di un incendio..
1381 2218 2435 2266 I giovanotti del gran mondo e le donnine allegre che
1331 2269 2434 2314 formano il pubblico viziato dele Pappagallo verde“, pen¬
1337 2312 2426 2362 dono dalle labbra degli strani e improvvisati attori e ap¬
1339 2362 2438 2422 plaudono a chi, meglio simulando, ottiene efferti pid im¬
1333 2411 1601 2476 pressionanti.
1369 2445 2427 2511 Tra i comici il piu bravo é Enrico. La sera del 14 lu¬
1326 2506 2431 2571 glio, egli é in vena perché si sente felice. Ha sposato il
1326 2547 2436 2624 giorno innanzi Leocadia, un'attrice che egli ama folle¬
1336 2607 2436 2664 mente. Quella sera dunque vuol superarsi, e recita daf
1321 2659 2424 2702 pari suo. Ma viceversa scherza col fuoco. Figuratevi chei
1332 2701 2424 2772 finge di aver sorpreso la moglie in intimo colloquio cof
1326 2760 2435 2805 duca di Cadignan e racconta, con meravigliosa finziond
1328 2811 2095 2872 di particolari, di aver ucciso il rivale.
1366 2853 2435 2921 Disgraziatamente il tradimento della bella Leocadia, che
1324 2911 2439 2973 & una poco di buono, non & che la veritä. E l’oste egli
1334 2953 2432 3020 avventori del & Pappagallo verde  che lo sanno, credono,
1330 3004 2422 3058 che Enrico parli sul serio e lo approvanoe lo eccitano.
1326 3044 2425 3104 Egli alla fine intuisce il veroe la finzione diviene realtä.
1326 3091 2438 3157 Contro il duca di Cadignan. che entra in quel momento,
1327 3152 2429 3193 egli si scaglia furibondo elo uccide, La tela cala mentres
1333 3201 2445 3254 il popolo che ha preso la Bastiglia irrompe sulla scenag
1332 3249 1865 3301 gridando: Viva la libertä!
1361 3292 2428 3348 Questo il dramma dello Schnitzler che, recitato con im¬
1330 3347 2428 3407 pegno dagli attori della Compagnia Stabile, dinnanzi ad
1329 3411 2376 3456 und scarso uditorio, ottenne un successo contrastato.
1371 3437 2431 3504 Eppure i tipi son ben delineati e la trovata non é cat¬
1329 3490 2440 3572 tiva. Nuoce peró un po’ di monotonia nell'azione e ung
1330 3536 1957 3614 po' di artificio mal dissimulato.
1315 3580 2373 3708 Recitarono con efficacia il Mascalchi, il Dondini, ben
1278 3670 1755 3750 sccondati dai compaani.
1317 3676 2385 3797 Al dramma segui la recita di Effetti di luce di Lucio
2189 3727 2369 3786 ELVI.
1292 3749 2000 3853 D'Ambra col Solito buon Successo.
