3392 4256
662 91 2374 184 e en   e  en
2459 126 3067 199 Aeeherenaceeneenen
430 129 666 209 Canimeie
662 174 1866 251 Lebens und der Seele stehend und außerhalb, in
1862 172 3081 242 concerte am 7. d. M. das Händelsche Concert mit Streich¬
427 190 665 266 ützung zur
655 226 3092 297 Folge dessen ein sicherer Erkenner, ein milder gütiger orchester, sowie einige Virtnosenstücke mit Clavierbegleitung zu
1871 268 2038 342 spielen.
659 271 1859 342 Beurtheiler, ein Arzt der kranken Seelen werden kann.
419 295 1876 373 en Kund= Er sieht im Hause seines Gastgebers in Basel die Frau
1950 331 3082 415 (Aristokratische Wohlthätigkeits=Vorstellung.)
655 362 1855 429 desselben und einen schönen ritterlichen Jüngling. Im
1859 387 3080 452 Am 19., 20. und 21. d. M. finden im Palais des Ministeriums
448 421 1856 473 Journale Augenblicke spürt er das Natur=Nothwendige und Unent¬
1864 435 3083 505 des Aeußern zugunsten der Heilanstalt „Alland" Theater¬
418 454 547 535 mnet.
660 469 1855 548 rinnbare der Seele, das ungeborene Sein der Liebe
1855 478 3095 538 vorstellungen statt, welche durch die in denselben mitwirkenden
430 512 1492 578 sich gestern zwischen dem Jüngling und der Frau.
1850 520 2653 616 Personen besonderes Interesse gemie¬
2796 539 3098 624 KLfhig
416 576 675 637 lit Rücksicht
766 565 2122 662 In feiner ansprechender Art wird nun dem ingelangen:
665 601 2074 689 Sicherheiten dahinprotzenden Gatten durch Parazelsus ein Henriette
425 618 660 682 und in den
672 663 2107 729 Einblick in das complicirte, vielfältige und überzarte Kantact
421 669 662 733 egung der
455 714 666 792 Truppen¬
656 712 2122 796 Seelen=Weben einer Frau gewährt, welches nicht mit der vor der ?
661 760 2124 838 Gatten=Liebe anzufangen pflegt und nicht zu enden, wol Fr. v. Ne
663 822 2099 891 aber durch einen weisen, gütigen und milde beobachtenden Eugen G
411 799 665 901 schloss, die
661 862 2117 937 Herren sanft geleitet und zu festerem Frieden gebracht Gräfin Ti
451 870 655 942 Minister¬
670 909 2091 994 werden könnte. Das Ganze ist ein hübscher feiner Vor=Comtessen
438 923 665 992 r, er habe
663 958 1866 1018 wurf, ansprechend durchgeführt. Gespielt wurde er ziem¬
1867 958 2117 1036 und Augu
411 966 659 1048 eshalb von
653 1006 1866 1069 lich uninteressant. Herr Krastel war gut. Frln. Häberle
1864 1020 2126 1085 Grafen Fo¬
654 1061 1855 1121 war sehr lieb. Sie ist immer sehr lieb und anziehend.
422 1040 657 1143 mt doch
1872 1066 2096 1127 Herren v.
766 1107 2126 1179 Ueberhaupt, zu diesem zarten Stücke: Paracelsus Abschluss de
643 1140 2097 1230 könnte man noch folgende Bemerkung machen: Männer, von Graf:
653 1198 2106 1279 Brutale, wachet auf! Werdet Hell=Sichtige! Nicht um die der Hochar
645 1249 1866 1304 [gäußeren Dramen“ handelt es sich im Leben der
1860 1262 2099 1328 Prinzessin
425 1281 657 1356 rest nach
653 1305 1854 1365 edlen Frauen, sondern um die „inneren ver¬
1864 1304 2118 1380 Friedri
416 1339 669 1411 ih zwischen
664 1345 1865 1408 schwiegenen Dramen“ ihrer süßen milden Seelen.
1857 1359 2116 1427 Abende un
428 1403 2107 1455 isender Nicht das „Geschehnis“ welchem Ihr beikommen von#morge
444 1439 1858 1522 Personen, könnt, das „Ungeschehnis“ dieser Seelen ermordet
1862 1453 2116 1521 entgegengen
422 1477 1175 1557 en wurde Euer Glück, Männer!
1860 1501 2117 1587 für den 20
438 1528 667 1597 ediensteten
767 1519 1871 1603 Ihr aber sagt: „Entschuldigen Sie vielmals,
442 1577 659 1654 Passagiere
666 1578 1867 1650 Parazelsus, die „inneren Tragödieen“ meiner Frau geniren
652 1635 1709 1707 mich nicht; wenn sie nur nach außen hin kuscht!“
774 1666 1882 1754 Die Gefährtin. Ein einfaches Schicksal: Ein
471 1669 674 1770 nds nach
660 1706 1885 1805 Gatte steht an der Bahre einer Gattin, welche er längst
500 1740 664 1803 gerieth
462 1783 1873 1852 losion verloren hatte, an einen Anderen. Der „Weisheits=reiche“
478 1836 659 1900 Sechs
654 1830 1888 1901 des Lebens rechtet nicht, er erkennt, erspart seinen
662 1876 1866 1934 Kräften das Kämpfen gegen die Unabwendbarkeiten der
483 1887 661 1951 sechzehn
2055 1868 2108 1926 a
670 1928 1868 2001 Seele, er erspart ihr die sicheren Niederlagen und die
490 1932 656 2010 in das
652 1979 1865 2052 schwächenden entmannenden Verzweiflungen. So überlässt
1851 1993 1907 2038 40
1853 2027 1912 2097 6
655 2025 1862 2090 dieser „Arbeiter im Leben“, er ist Professor, seine Frau
657 2078 1863 2149 dem Anderen, dem Freunde. Aber unsere Seele sucht sich
651 2131 1861 2196 gegen heimtückische Ueberfäkle des Daseins zu schützen
1875 2113 1983 2217 110
440 2096 654 2228 itur.
655 2173 1871 2242 durch Idealismus. Idealismus ist der Versuch einer
636 2219 1867 2291 kranken verwundeten Seele in Gesundheit zu reagiren
645 2274 1858 2334 und die Krankheitsstoffe ihrer selbst aufzuzehren, fort¬
646 2309 1865 2386 zuschwemmen, zu paralysiren. Dieser Professor reagirt
467 2369 1855 2436 nstaltete mit seiner immanenten Gesundheit gegen die Seelen¬
1858 2315 2099 2456 Gros
470 2421 1870 2475 zwei — Wunde, indem er das Verhältnis seines Freundes zu
461 2459 1863 2525 nte —seiner Frau als ein hochstehendes seelisches exzeptionelles
449 2507 1109 2577 en sind. sich erträumt und
1207 2523 1860 2587 den „Dichtungen des
451 2548 1868 2646 i B-dur[Daseins“ als Prosa=Mann sein Opfer darbringt, ruhig
1864 2546 2124 2657 II. Cch
469 2609 1348 2688 gehe ich und im Einklang mit sich selbst.
460 2654 663 2716 i, die ihr
753 2669 1879 2742 Nach dem Tode der Gattin muss er aber erfahren,
1867 2648 2087 2754 des Sei
428 2708 1860 2755 ate Musik, dass die Dame mit dem Herren nur in Sinnenlust ver¬
429 2749 661 2821 empfunden
646 2763 2076 2851 bunden war. Da jagt er den Freund hinaus, betrauert, Händes
428 2805 648 2875 rtes, ver¬
657 2811 2060 2905 ein vertrocknetes Leben, geht ergeben langsam in sein ur 77#
443 2849 661 2922 zu einer
650 2860 1719 2927 Schlafgemach, in Einsamkeiten. Der Vorhang fällt.
1842 2886 2050 2961 Begleitu
431 2900 656 2970 n Seiten¬
762 2900 1852 2966 Wunderschön und einfach ist das durchgeführt und
1846 2943 2051 2998 3. Gesan
424 2951 650 3012 , wird es
651 2959 1849 3011 von Herren Sonnenthal in Würde und unerhörter Ein¬
1837 2981 2041 3057 Orcheste
419 3008 1851 3062 gen. Am fachheit gespielt. Nur eines, Herr Dichter: Halten Sie
1849 3011 2056 3114 5 Brahr
419 3045 1845 3110 nisten im die Bedürfnisse der Rückenmarks=Seele wirklich für
1840 3089 2042 3150 letzter S.
420 3096 1840 3156 t und sehr minder entschuldbar und entrinnbarer als die der Seelen¬
1846 3136 2071 3197 mit verbirs
419 3145 1848 3209 des ersten Seele im Weibe?!? Warum sollte der Professor seinem
1844 3181 2067 3264 Schildorfe
407 3192 1854 3263 ehr kurzer) Weibe unentrinnbare, organische Sehnsuchten ihres jungen,
419 3251 1848 3306 rochen —tyrannischen Leibes weniger verzeihen können als seelische
1841 3243 2061 3346 Sitze à
420 3295 1849 3351 ymphonie=Dinge?!? Man schreibt immer „Dramen der
421 3344 1866 3413 e Künstler Seele“. Man schreibe doch einmal „Dramen des
1876 3345 2072 3449 Das 1#
426 3394 1859 3447 jaden an=[Leibes“. Hat dieser nicht tiefere mächtigere eigen¬
434 3444 1851 3499 erikerblute artigere Complicationen als die Seele?! Sind wir nicht
1842 3438 1906 3535 —
428 3489 654 3552 scher Ver¬
645 3494 1849 3551 mehr und öfter in tragischem Kampfe mit ihm als mit
424 3532 650 3601 ert Fuchs
641 3538 1851 3618 dieser Seele, welche man im Nothfalle immer wieder mit
423 3586 649 3648 hen Fluss
1866 3524 2066 3673 VII
648 3588 1846 3648 Idealismus füttern und beruhigen kann?! Diese Be¬
427 3626 653 3699 t. Sogar
648 3644 1866 3699 merkungen sollen nicht gegen das Stück gehen, sondern
426 3679 646 3747 he Falten
649 3690 1858 3735 nur ein bischen in diskreter Art den Geist und die
452 3727 636 3788 : Brahms
642 3741 1786 3821 Originalität des Besprechers zu Worte kommen lassen.
426 3775 655 3854 instlerische
746 3782 1351 3855 Der grüne Kakadu.
456 3831 652 3903 hat sich
744 3823 1846 3903 Komödie des Lebens und das Leben selbst. Ein
1928 3749 2119 3935 825
433 3866 575 3944 rben.
637 3867 1847 3941 verlockendes Thema für jene Seltenen, die dem Leben
1830 3921 2087 3996 eurepäischer
433 3909 1841 4004 n, in der selbst, in Folge ihrer Reife oder ihrer Erfahrungen, auf
447 3973 2099 4060 1 in der seine Komödie bereits gekommen sind und den Ernst ge¬ Entréc
