3484 4480
1069 136 1167 207 a
1960 135 2425 231 box 16/1
222 140 1828 236 9. 4. Der gruehekadu Zyklus
981 361 1400 438 Telefon 12801.
690 439 1720 564 Unternehmen für Zeitungs-Aussehnitte.
1587 505 1785 580 Ausschnift
861 540 1890 672 „OBSERVER“ N. 24
467 643 1946 775 I. österr. behördl. conc. Bureau für Zeitungsberichte u. Personalnachrichten
660 720 1770 850 Wien, IX/1. Türkenstrasse 17.
892 808 1549 911 Filiale in Budapest: „Figyeld“
573 866 1852 980 Vertretungen in Berlin, Chicago, London, Newyork, Paris, Stockholm.
482 993 1793 1114 Ausschnitt aus: Geonseer-Oazedre
497 1178 849 1278 vom %
1849 1358 2108 1451 S
1796 1443 2947 1530 Assistenten, Doctor Hausmann. Der Professor lennt diesen Ehe¬¬
910 1448 1564 1537 Kunst und Wissenschaft.
1802 1499 2930 1556 bruch, aber er duldet ihn, weil er sich sagt, daß es eine eiserne
971 1524 1518 1616 Literatur und Theater.
1799 1542 2928 1611 Nothwendigkeit sei, daß die Jugend zur Jugend hält. Er wartet
1801 1590 2918 1646 auf den Augenblick, wo sein Weib mit dem Freunde vor ihn hin¬
1038 1587 1448 1662 Neues Theater.
630 1614 2920 1693 Leipzig, 2. October. Dem „Hartleben=Abend“, der dem treten wird und sagen: „Gieb uns frei!“ Ein Charakter ist
1790 1671 2930 1730 dieser Professor jedenfalls nicht, der auf der Bühne Interesse für
668 1677 1799 1751 Theaterpublicum einen Dramencyklus mit dem Collectiviitel
1787 1725 2913 1772 sich beanspruchen könnte. Seine sittlichen Erwägungen haben
668 1738 1788 1781 „Die Befreiten“ brachte, ist ein „Schnitzler=Abend“ gefolgt, der
1791 1766 2911 1828 eiwas sehr Doctrinäres an sich. Mag es auch eine Natur geben
658 1775 1781 1833 allerdings eine Gesammtbezeichnung vermissen läßt, obwohl sich
1794 1805 2914 1862 die in solchem Falle sich in Resignation zurückzieht und den Ehe¬
666 1816 1786 1870 eine solche schließlich auch hätte finden lassen. Haben doch die
1787 1848 2916 1910 bruch gutheißt, jedenfalls ist diese Natur in ihrer feigen Passi¬
665 1850 1271 1918 drei Stücke „Paracelsus“
1260 1856 1792 1921 „Die Gefährtin" und
1789 1898 2923 1951 vität so verächtlich, daß es schon eines sehr gewandten Spieles be¬
675 1912 1790 1959 „Der grüne Katadu“ das gemein, daß es sich in jedem
1799 1935 2911 1996 darf, um das Interesse für sie wachzuerhalten. Ich habe den
674 1946 1791 2013 derselben um Ehebruch handelt, wenn er auch im ersten Stück nur
1797 1979 2920 2042 Eindruck gehabt, daß sich das Publicum langweilte. Vielleicht
659 1982 1480 2047 ein eingebildeter, in der Hypnose erlebter ist.
1785 2024 2911 2064 hat ihn Herr Taeger auch gehabt, sich wohl gar mit gelang¬
735 2009 1792 2076 Arthur Schnitzker, der zu „Jung=Oesterreich“ ge¬
1790 2059 2916 2138 weilt, denn wir sind sonst schärfere Porträts von ihm gewöhnt,
668 2066 1785 2130 rechnet wird, hat auf den deutschen Bühnen Glück gehabt. Nicht
1795 2108 2917 2166 als es dieser Professor war. Markig hob er den Zornesausbruch
668 2126 1791 2177 nur das Wiener Burgtheater, sondern auch die großen Theater
1788 2136 2927 2206 hervor, der dem Professor befällt, als er von seinem Assistenten
666 2156 1786 2214 Deutschlands, voran das Deutsche Theater in Berlin, das
1789 2194 2917 2248 erfährt, daß dieser seit längerer Zeit im Stillen verlobt ist, also
660 2199 1786 2255 Residenz=Theater daselbst, das Thalia=Theater in Hamburg
1794 2235 2923 2293 auch die Gefährtin des Professors betrogen hat. Daß er mit
655 2251 1792 2304 u. s. w., haben allen seinen dramatischen Arbeiten bereitwilligst
1799 2277 2907 2328 seinem Weibe nur gespielt, sie zu seiner Dirne gemacht hat, ver¬
670 2281 1789 2329 die Pforten geöffnet. Seine Erfolge sind keine großen, nach¬
1792 2322 2914 2383 mag er ihm nicht zu verzeihen. Da entdeckt ihm eine Freundin
659 2314 1790 2371 haltigen gewesen, wie sie dem Genie beschieden sind, aber es gab
1790 2356 2915 2421 der Verstorbenen, Olga Merholm, von Fräulein Marie Laue
663 2368 1791 2429 auch keine „verlorenen Abende“ zu verzeichnen, und die fieberhafte
1789 2399 2917 2475 in Umrissen gezeichnet, daß seine Frau das Verlöbniß gekannt.
656 2406 1779 2466 theatralische Spannung, auf welche sich Schnitzler so gut versteht,
1787 2455 2912 2502 und bei dem jungen Assistenten nur Etwas gesucht habe, was sie
659 2453 1787 2503 übte immer ihre Wirkung aus. Das war auch gestern der Fall.
1787 2489 2922 2549 bei dem Gatten entbehrte. Das bringt eine Reaction hervor.
662 2497 1779 2552 Das Publicum zeigte Interesse an den Einactern, ohne warm zu
1785 2533 2913 2580 Der Professor sieht ein, daß er gar keinen Grund zur Empörung
664 2536 1784 2601 werden, und applaudirte mehr aus Höflichkeit als aus Be¬
664 2579 874 2649 geisterung.
1783 2579 2908 2629 hat, und beruhigt in der Beschäftigung mit seiner Wissenschaft
1791 2620 2914 2678 den Frieden suchen kann. „Das wird Ihnen den Frieden geben,
724 2604 1776 2676 Schnitzler ist Casuist. Seine Stücke haben Vieles mit den
1795 2665 2910 2724 wenn Sie wissen, wie unendlich fern diese Frau von Ihnen
672 2665 1787 2723 französischen Theaterstücken gemein, und auch die französische
1784 2695 2918 2763 gelebt hat, die — zufällig in Ihrem Hause gestorben ist.“ Mit
669 2707 1783 2752 Technik hat er sich zu eigen gemacht. Nur, daß er sich sein Beweis¬
1787 2752 2915 2814 diesen Worten scheidet die Freundin von ihm. Möglich, daß es
675 2746 1778 2806 thema immer so zurechtlegt, daß ihm der Beweis, den er erbringen
1787 2789 2915 2842 Sonnenthal gelungen sein mag, für den Helden des Stückes eine
666 2790 1777 2844 will, nicht schwer fällt. So stehen seine „Anklagestücke“ doch hinter
567 2681 661 2870 450
1790 2835 2913 2909 unangebrachte Theilnahme zu erwecken Herrn Taeger gelang es
674 2827 1791 2887 denen Französischer Autoren zurück. In „Liebelei“ kämpft er¬
1790 2862 2638 2946 nicht, und das Stück wurde kühl aufgenommen.
658 2863 1784 2939 gegen die Philisterehe, in „Freiwild“ gegen die Scheinheiligkeit
664 2921 1786 2960 unserer Ehebegriffe und den Duellzwang und im „Vermächtniß“
1843 2901 2906 2981 „Der grüne Kakadu“ wird von Schnitzler eine
664 2952 1784 3005 gegen die Hohlheit und Falschheit unserer bürgerlichen Gesell¬
1787 2946 2904 3011 „Groteske“ genannt. Es ist dieses Stück ohne Zweifel das be¬
656 3000 1785 3064 schaft. So schweres Geschütz, wie in diesen Dramen, wird in den
1791 3003 2905 3066 deutendste der drei Einacter. Eine Episode aus der großen franzö¬
665 3048 1790 3099 gestern aufgeführten Einactern nicht vorgefahren. Das Inter¬
1794 3047 2914 3095 sischen Revolution. Ein Schmierendirector hat eine Spelunke ge¬
668 3094 1779 3142 essanteste an ihnen ist, daß sich der Autor hier von ganz ver¬
1789 3090 2917 3133 pachtet, welche er zum Verbrecherkeller stempelt, indem er die
668 3133 1782 3184 schiedenen Seiten zeigt, und gewissermaßen das Proteusartige
1797 3131 2897 3178 früheren Mitglieder seiner Bande hier „Lumpazivagabundus“
671 3170 1782 3224 seiner dichterischen Natur offenbart. Zu den Collectivausstellungen
1795 3179 2909 3221 spielen läßt. Die Aristokraten halten bei ihm Einkehr und suchen
657 3212 1780 3264 der Maler in unserer Zeit gesellen sich mehr und mehr die
1796 3220 2911 3274 in dem Verbrechermilieu neuen Reiz für ihre erschlafften Nerven.
662 3244 1782 3304 Collectivausstellungen der Dichter. Wie die Künstler, so wollen
1794 3264 2905 3324 Schmierenkomödianten kennen wir ja schon aus Schnitzler's
668 3293 1779 3355 auch die Dichter an einem Abend einen Einblick in ihre Werkstatt
1788 3306 2905 3365 „Freiwild“. Er zeichnet sie nicht mit der Harmlosigkeit Schön¬
666 3343 1789 3389 geben und das Geheimniß ihrer ganzen Schaffensart entschleiern.
1794 3344 2909 3406 than's. In dem „grünen Kakadu“ wie die Kellerkneipe des
660 3384 1788 3446 Dabei kommt es ihnen selbstverständlich darauf an. Werke von
1788 3387 2914 3440 Prospère genannt wird, befinden wir uns gerade am Tage des
670 3431 1784 3494 ganz verschiedener Grundstimmung zu vereinen. Das war in
1794 3431 2903 3493 Bastillensturmes. Wir spüren hier nur die letzten Ausläufer der
670 3467 1784 3515 Sudermann's „Morituri“ ebenso der Fall, wie in Hartleben's
1787 3474 2910 3531 Bewegung, und es herrscht in dem Ganzen eine kecke über¬
683 3510 1797 3586 „Befreiten“, das ist fast in noch höherem Grade der Fall bei
1789 3505 2909 3578 legene Satire, die nicht immer voll vom Publicum erfaßt wurde.
654 3543 1109 3628 (Schnitzler's Einactern.
1789 3563 2901 3622 Der Werth des Stückes liegt in seiner Detailmalerei. „Welch'
737 3577 1781 3656 „Paracelsus“ ist ein Vorspiel, oder besser eine gereimte
1796 3601 2910 3647 eine charakteristische Figur ist die von Frau Franck trefflich ge¬
1713 3616 1772 3671 Alt
659 3621 1784 3692 Spielerei, bei welcher der Hypnotisirung die Hauptrolle zufällt.
1799 3646 2899 3705 spielte Marquise von Lansac, das verkörperte Zeitalter Lud¬
1343 3672 1390 3711 ∆
673 3679 1779 3728 Der „wunderthätige Magus“ und Arzi Theophrastus Bombastus
1790 3688 2904 3747 wigs XVI.! Im Mittelpunct steht die Liebesaffäre des Schau¬
664 3722 1790 3784 Hohenheim, genannt Paracelsus, der nichts weniger als den „Stein
1793 3729 2907 3788 spielers Henri. Er hat sich mit Léocadie, einer Schauspielerin
665 3767 1785 3812 der Weisen“ zu entdecken suchte und nach einem wüsten Leben in
1788 3770 2914 3829 von der Porte St. Martin verheirathet. Nun spielt er frivoler
671 3808 1785 3851 Salzburg starb, wird uns in dem Stücke mehr als Charlatan
1791 3814 2900 3870 Weise eine Scene im Verbrecherkeller, welche die Untreue seiner
1235 3844 1319 3880 führ
661 3848 1792 3896 und Wunderdoctor vor Augen geführt, denn als Gelehrter. Bei
1796 3858 2902 3910 Frau zum Gegenstand hat, und ahnt nicht, daß diese ihm that¬
676 3889 1790 3940 einem Aufenthalt in Basel dringt die Kunde von seinen Wunder¬
1792 3898 2898 3960 sächlich mit dem Herzog von Cadignan hintergeht. Seine Um¬
663 3932 1783 3984 thaten auch in das Haus des Waffenschmieds Cyprian, dessen
1793 3943 2904 3991 gebung glaubt aber, Henri sage die Wahrheit und kenne die
668 3978 1782 4032 Weil Justina ihn einst, da er noch zu Basel studirte, geliebt hat.
1791 3986 2905 4034 Untreue seines Weibes. So wird sie ihm enthüllt, und in einem
676 4014 1784 4068 Die Erinnerung an diese glückliche Jugendzeit regt Justina's
1796 4027 2902 4071 elementaren Wuthausbruch stößt er den Herzog, der gerade nach
671 4053 1785 4112 ganze Sinnenlust auf, und sie ist fast geneigt, da sie das zwar
1794 4066 2903 4126 dem Komödiantenkeller kommt, nieder. Herr Grelle beging als
678 4102 1585 4162 Aeberiamwtsthe, dvetPattcrroPepgescflbagitt uid Hne1
