3436 4256
492 162 651 228 Der
755 163 1323 235 ruene Kakadu
255 156 1319 285 9. 3  n eeae ensetereen te eee
488 987 1313 1091 Dr. Max Goldschmidt
563 1068 1055 1162 „ Bureau für
631 1146 1159 1226 Zeitungsausschnitte
409 1206 1398 1288 verbunden mit direktem Nachrichtendienst durch
635 1265 1162 1341 eigene Korrespondenten.
937 1317 1347 1396 Telephon: III, 3051
448 1326 819 1402 Berlin N. 24.
463 1385 1413 1447 —
674 1439 1128 1530 Ausschnitt aus
707 1648 1163 1760 Bohemia, Prag
830 1925 1206 2050 2 2 MRz 1904
432 2000 637 2090 peue
551 2031 1344 2121 Eine Aeußerung Schnitzlersüb
422 2087 1399 2159 die Rose Bernd=Assairen##hoheren
422 2142 1390 2204 Wunsch“ erfolgte Absetzung des erfolgreichen Haupt¬
428 2187 1396 2237 gannschen Dramas „Rose Bernd“ vom Reper¬
438 2216 1394 2292 toir des Burgtheaters äußerte sich Arthur
506 2276 1389 2331 chnitzler in einem Gespräche mit einem
429 2312 1399 2371 Redakteur der „W. A. Ztg.“: Wenn man um
437 2369 1395 2410 jeden Preis Direktor bleiben will, ist es not¬
433 2382 1388 2462 wendig, sich den unterschiedlichen Winken zu
423 2440 1402 2506 unterwerfen, aber es ist die Frage, ob man nicht
436 2483 1392 2531 auch Direktor hätte bleiben und vielleicht seine
439 2530 1394 2596 Position hätte festigen können, wenn man ein¬
432 2569 1393 2623 fach abgelehnt hätte, ein Stück vom Repertoire
436 2611 1394 2686 abzusetzen, das nicht nur von einem ersten deut¬
442 2655 1392 2709 schen Dichter stammt, sondern — was zu einer
447 2698 1392 2752 Intendantenseele möglicherweise eindringlicher
452 2742 1389 2793 spricht — fünf ausverkaufte Häuser erzielt hat.
449 2779 1395 2838 Zweifellos ist das Burgtheater ein kaiserliches,
443 2824 1392 2872 in gewissem Sinne also ein Privattheater. Aber
451 2866 1389 2923 an möchte doch wünschen, daß sich die Person
450 2916 1392 2969 des Direktors in der Führung dieses Theaters
446 2948 1396 3017 ##uch in positiven Leistungen zuweilen etwas leb¬
441 2993 1398 3061 hafter ausdrückte. Was es mi meinem „Ka¬
444 3032 1382 3094 kadu“ für eine Bewandinis hat, darüber kann
454 3080 1396 3142 ich nur Andeutungen geben. Er wurde nach
432 3134 1388 3177 #uch siebenmaliger Aufführung abgesetzt, anfangs
482 3166 1389 3218 Er „nicht erlaubt“ und erst später verboten.
431 3198 1391 3266 Was ich sonst zu sagen habe? Obwohl ich Herrn
447 3256 1383 3313 Rrektor Schleuther noch eine lange und geseg¬
440 3292 1380 3367 Fete Direktionszeit wünsche, so glaube ich, daß
463 3341 1388 3383 er kaum einen schönern Abgang hätte finden
441 3376 1409 3459 können als den, als Opfer seiner Treue für.
442 3415 892 3500 Hauptmann zu fallen.
1464 159 1897 260 box 15/4
2049 694 2445 782 2. März 1904
2658 706 2887 791 Seite 3
1616 813 1769 887 urzem
1876 813 2941 882 Ministerpräsident Graf Tisza sagt, Jedermann konnte sich“
1620 872 2942 932 einen aus den Verhandlungen der Untersuchungscommission die Ueber¬
1785 900 2940 947 zeugung verschaffen, daß hier eine Anklage und ein unwürdiger
1682 911 1750 964 zu
1784 946 2944 996 Verdacht gegen einen vom Scheitel bis zur Zehe correcten Mann
1619 956 1761 1006 ungen
1782 990 2701 1045 ausgesprochen wurde. (Lebhafte Zustimmung rechts.)
1620 992 1773 1046 sitler¬
1879 1023 2535 1066 Die Sitzung wird hierauf geschlossen.
1635 1037 1759 1091 alien
1627 1080 1765 1140 Ver¬
1663 1122 1767 1185 auf
1629 1157 1773 1222 usge¬
2094 1164 2657 1274 Krürstes.
1625 1211 1784 1265 treter
1634 1241 1804 1329 Ver¬4
1903 1299 2793 1396 Die ausgewiesene „Rose Bernd“.
1638 1327 1760 1405 wird
1633 1393 1770 1460 schen
1871 1387 2937 1467 Die Absetzung des erfolgreichen Hauptmann=Dramas „Rose
1635 1439 1757 1495 Fort¬
1774 1429 2939 1499 Bernd“ vom Repertoire des Burgtheaters aus sehr unliterarischen
1636 1482 1766 1539 der
1776 1497 2938 1559 Gründen erregt die öffentliche Meinung im hohen Maße. Wir
1638 1519 1760 1580 Der
1776 1537 2926 1591 haben die Sache für interessant genug gehalten, um über den
1639 1572 1751 1626 soch,
1777 1589 2928 1649 Vorfall die Meinung eines Wiener Autors und eines hervor¬
1651 1616 1756 1674 zu
1779 1635 2937 1710 ragenden Wiener Juristen einzuholen, welch' Letzterer über die
1780 1686 2562 1756 rechtliche Seite der Affaire sich geäußert hat.
1658 1697 1752 1769 en.
2129 1735 2545 1816 Arthur Schnihler
1649 1759 1756 1817 ma
1773 1793 2930 1856 äußerte sich im Gespräche mit einem unserer Redacteure über das
1653 1830 1725 1894 tei
1774 1856 2941 1944 Verbot der Aufführung der „Rose Bernd“ am Burgtheater in
1663 1887 1755 1937 ma
1780 1903 2103 1970 folgender Weise:
1663 1931 1752 1983 #l¬
1865 1946 2939 2018 „Wenn man um jeden Preis Director bleiben will, ist es
1780 2012 2935 2054 nothwendig, sich den unterschiedlichen Winken zu unterwerfen;
1777 2048 2934 2125 aber es ist die Frage, ob m# nicht auch Director hätte bleiben
1776 2109 2939 2169 und vielleicht seine „Position hätte festigen können, wenn man
1777 2155 2927 2214 es einfach abgelehnt hätte, ein Stück vom Repertoire abzusetzen,
1774 2206 2938 2259 das nicht nur von einem ersten deutschen Dichter stammt, sonbern
1834 2250 2935 2322 was zu Intendantenseelen möglicherweise eindringlicher spricht
1836 2292 2509 2363 fünf ausverkaufte Häuser erzielt hat.
1673 2331 1756 2393 R.
1854 2341 2923 2395 Zweifellos ist das Burgtheater ein kaiserliches, in gewissem
1774 2395 2924 2458 Sinne also ein Privattheater; aber man möchte doch wünschen,
1782 2445 2935 2492 daß sich die Person des Directors in der Führung dieses Theaters
1772 2487 2927 2554 auch in positiven Leistungen zuweilen etwas lebhafter ausdrückt¬
1863 2548 2935 2597 Was es mit meinem „Kakadu“ für ein Bewandtniß
1769 2593 2929 2658 hat? Ich kann hier nur Andeutungen geben. Er wurde
1777 2642 2936 2709 nach siebenmaliger Aufführung abgesetzt,
1771 2685 2931 2757 anfangs nur „nicht erlaubt“ und erst später — ver¬
1638 2773 1749 2822 dels¬
1867 2763 2935 2861 Was ich sonst zu sagen habe? Obwohl ich Herrn Director
1779 2830 2931 2913 Schlenther noch eine lange und gesegnete Directionszeit wünsche,
1603 2854 1759 2904 Jaaren¬
1583 2887 1768 2946 Marton;
1769 2878 2934 2963 so glaube ich, daß er sich kaum einen schöneren Abgang hätte
1567 2930 1760 2984 * Wien,
1775 2940 2937 3013 finden können als den, als Opfer seiner Treue für Hauptmann
1544 2958 1752 3018 ). Kauf¬
1775 2981 1997 3049 zu fallen.“
1568 3001 1752 3057 in Rum¬
1868 3013 2929 3115 Ueber die juristische Seite der Affaire äußerte sich
1540 3042 1756 3116 indlung in
1786 3076 2772 3146 einem unserer Redacteure gegenüber ein hervorragendes
1983 3130 2692 3213 Mitglied des Wiener Barreaus
1782 3164 2092 3262 folgendermaßen.
1485 3177 1609 3258 us.
1865 3219 2926 3303 „Es unterliegt nicht dem geringsten Zweifel, daß nach den
1480 3234 1750 3308 ener Allg.
1775 3288 2929 3354 allgemeinen rechtlichen Grundsätzen der Dichter
1470 3293 1754 3365 Theil mit Ver¬
1775 3336 2937 3385 des abgesetzten Stückes das Recht hätte, gegen die Direction mit
1444 3342 1750 3427 nien die Frage,
1778 3383 2940 3439 einer Schadenersatzklage vorzugehen. Das Stück ist
1445 3408 1748 3466 vom Reichstage
1771 3431 2923 3492 von der Direction angenommen worden, wurde aufgeföhrt und
1432 3447 1757 3505 estechungen
1776 3475 2933 3549 fand seitens des Publicums eine günstige Aufnahme. Das sind
1435 3482 1704 3545 ig zu stellen.
1436 3525 1713 3582 is Land im I
1779 3535 2921 3589 so ziemlich die einzigen Umstände, die für den Juristen bei der
1442 3560 1752 3630 ihre Zeit darauf
1771 3577 2920 3628 Beurtheilung des Falles vom allgemeinen rechtlichen Stand¬
1461 3608 1751 3677 welche diesem
1776 3627 2923 3693 punkte in Betracht kommen. Die Direction fügt dem Dichter
1766 3672 2933 3729 durch die Absetzung des Stückes einen materiellen
1458 3662 1756 3756 Erklärung zur
1764 3719 2924 3786 Schaden zu, da der Autor seiner Tantiemen verlustig
1438 3812 1767 3880 ich angekleidet
1891 3818 2929 3899 „Wie sind also Herr v. Bretern und die Vicomtesse
1773 3862 2043 3942 zu retten?“
1433 3863 1755 3930 zum Ausgehen
1440 3914 1756 3995 lieh ihm neue
1877 3907 2938 3990 „Das wird mir hoffentlich gelingen. Lassen Sie
1779 3953 2939 4029 uns dem Grafen folgen. Wir müssen wissen, wohin
1443 3988 1981 4090 a?“ fragte erer geht.“
