3392 4256
1977 227 2505 340 box 15/5
1091 240 1386 317 Kakadi
288 242 1909 335 9.1. Der prueheAud7VkInS
3036 1263 3128 1355 1
1523 1349 3321 1420 man so ein Notizbuch hübsch gefüllt hat, dann hat man sichtlich blühen. Wir können
1523 1393 3326 1461 Rohmaterial für ein Dutzend Dramen. Und gar erst die stattliche Reihe solcher aufgefä
569 1264 1310 1490 Feutlleton.
1166 1442 1517 1535 — Nachdruck verboten.
1505 1448 3329 1524 lächerliche Forderung einer drämatischen Handlung! Als ganz gewiß lauter Meisterwer
1511 1500 3325 1577 ob im Leben derlei zu finden wäre! Das Leben wickelt der gottbegnadete Dichter zur
748 1488 1475 1582 Burgtheater. Kaesmg
1530 1548 3090 1618 sich ab wie Strickwolle von der Spindel und daher hat natürlich Schund.
1182 1549 1529 1638 — „Der grün¬
350 1566 1206 1647 („Paracelsus“ — „Die Gefährtin“. —
2767 1581 3335 1669 Arthur Schnitzler ist eine
1516 1596 2707 1666 auch die dramatische Kunst lediglich Strickwolle abzu¬
465 1602 1438 1674 Kakadu“. Einacter von Arthur Schnitzler.)
2683 1635 3324 1699 Dichter, welche der Wiener
1519 1662 2706 1712 wickeln. Das ist nämlich auch viel leichter, als eine
442 1638 1537 1731 Nichts leichter, als im heutigen Wien den Meister¬
1530 1692 2695 1763 dramatische Handlung aufzubauen. Und genau so über¬
2689 1697 3331 1764 Ruhmes=Versicherungsgesellscha
348 1713 1532 1777 grad dramatischer Dichtkunst zu erlangen. Wenn Einer
2696 1745 3294 1811 gegen Unfall assecurirt. Er
346 1745 2698 1816 die erste und wichtigste Vorbedingung hiefür erfüllt hat, flüssig ist auch all das andere Zeug, das man früher,
2690 1789 3331 1862 zudichten. Dem Meistergrade
349 1792 2697 1870 wenn er nämlich durch artiges Betragen und die liebe und zwar unbegreiflicherweise einige Jahrtausende lang,
2694 1839 3321 1909 geht er nicht mehr. Denn e
1525 1844 2701 1906 als Merkmale dramatischer Kunst ansah, wie dramatische
348 1863 1535 1923 Vetterschaft in den Verband der literarischen Clique ge¬
2685 1884 3320 1958 jedem der Theilhaber jener
1525 1871 2694 1951 Spannung, Steigen und Fallen der Handlung, Schuld
352 1904 1532 1971 langt ist, dann ist alles Uebrige ein Kinderspiel. Er
2686 1927 3335 2009 unbestreitbar ein Talent. Er
343 1938 2698 2022 braucht nichts weiter zu thun, als ruhig fortzudichten. und Sühne, Peripetie und dramatische Abschlüsse. Das
2702 1979 3336 2053 weiß nur noch nicht, ob neben
353 1970 2705 2073 Was? Das ist gleichgiltig. Wie? Das ist nebensächlich. sind lauter Dinge, die man nicht durch Beobachten und
2692 2027 3337 2103 Goethe. Ein Talent, das zur
357 2032 2708 2110 Er bringt es unabwendbar zum Meister der dramatischen fleißiges Notiren erlangen, die man sich nicht einmal
347 2100 3328 2174 Dichtkunst. Denn es wird ihm Alles aus dem Wege durch eifrige Lectüre guter, alter Bücher aneignen kann, etwas so Kostbares, daß man
354 2166 3321 2222 geräumt, was ihn hemmen oder worüber er straucheln also Dinge, die absolut nicht zur dramatischen Dicht= kann. Allerdings ist Arthur
2694 2173 3336 2244 Talent. Seine ganze dichte
1527 2176 2714 2253 kunst gehören. Darum hat man auch so gründlich auf¬
355 2203 1539 2266 könnte. Dafür sorgt schon die vortreffliche „moderne
2703 2214 3341 2299 Natur. Er besitzt poetischen Si
1537 2228 1887 2307 geräumt damit.
359 2247 1538 2307 Schule". Sie hat schon so ziemlich Alles beseitigt, was
1604 2277 3332 2338 Nur ein lästiges Ueberbleibsel der abgethanen alten Gestaltungsgabe, er versteht z
356 2293 1547 2355 früher einmal das Kriterium dramatischer Kunst bildete;
2701 2316 3347 2400 zu schildern und zu charakterisir
1524 2320 2718 2405 Schule war noch vorhanden, die alberne Annahme
358 2346 1542 2406 sie hat alle die strengen und nicht leicht zu erfüllenden
1529 2387 3342 2437 nämlich, daß ein Theaterstück als geschlossene Einheit fehlt, das ist der dramatische
352 2390 1539 2465 Forderungen der Dramatik getilgt, die sich im Laufe
1529 2436 3339 2495 den Theaterabend zu füllen und das Interesse des dramatische Handlung weder zu
354 2440 1545 2513 von Jahrtausenden entwickelt haben, von Aristoteles bis
2697 2461 3342 2530 er hat nicht die Gabe dramat
1534 2492 2721 2545 Publicums in einem Zuge festzuhalten habe. Auch das
348 2502 1546 2555 Lessing, von Sophokles bis Schiller. Das ist Alles in
2693 2515 3338 2575 wol zu interessiren, aber nicht
1539 2521 2638 2588 ist nämlich gar nicht so leicht. Darum ist
352 2542 1543 2604 die classische Rumpelkammer geworfen worden, das
362 2598 3347 2642 Alles braucht man nicht mehr. Man hat das die neueste Errungenschaft der modernen dramatischen Das heißt, er kann das natü
2710 2590 3338 2677 nicht. Er hält sich an die
364 2635 2711 2697 Leben vor sich und hat den photographischen Schule, daß mit dieser veralteten Theorie gebrochen und
2703 2656 3337 2729 einmal alle diese Dinge verpö
1199 2671 2714 2734 das genügt. die neue Lehre von den, auf einen rothen Gedanken¬
863 2683 1198 2750 der Hand,
363 2672 758 2761 Momentapparat
362 2737 3318 2793 Abklatsch der Wirklichkeit, das allein ist wahre faden gereihten Einactern aufgestellt wurde. Hermann an diese Schule, er hält sich
364 2736 3341 2848 dramatische Kunst. Das ist eine so unendlich einfache Sudermann gab durch seine Trilogie „Morituri“ das weiß, weßhalb. Es bliebe vor
367 2837 3334 2892 Kunst, auch dem Mindestbemittelten leicht erreichbar. Die Beispiel. Für ihn war es freilich blos Befriedigung Dichtkunst verzweifelt wenig
2701 2848 3306 2927 bequeme Lattenzeug jener
371 2863 2723 2944 seltene Gabe dramatischer Erfindung hat keinen Markt= einer schöpferischen Laune. Denn er hat vollauf bewiesen,
2709 2894 3347 2976 würde. Sein Schauspiel „D
359 2909 2707 2985 preis mehr, sie ist gänzlich außer Curs gesetzt. Wozu daß es ihm an dramatischem Athem nicht fehlt. Aber
2694 2947 3328 3014 deutlich erkennen. Und seine
367 2960 2715 3043 erfinden? Der dramatische Dichter hat lediglich zu be= für die Anderen, für die kurzathmigen Wiener Drama¬
368 3001 3334 3095 obachten. Das ist nicht so schwer wie sinnige, poetische tiker, die bei geschlossenen, mehractigen Stücken schon mehr im Burgtheater erschien,
371 3054 3326 3132 Erfindung. Dazu genügt ein Notizbuch und ein Blei= halben Weges asthmatische Anfälle bekommen, ist dieses drastischer. Rasch hat sich
372 3089 3331 3187 stift. Man begibt sich in einen Salon der „Gesellschaft“] Sudermann'sche Exempel eine wahre Erlösung. Nun ist Sudermann's zu Eigen gemag
364 3161 3335 3231 und notirt; man besucht eine Kneipe und notirt; man der dramatische Ratenhandel begründet, nun kann man mehr in einem Zuge, sondern
369 3175 3340 3294 geht in ein Dirnenhaus und notirt; man sitzt in der auch in Theilzahlungen zu einem Premierenerfolg ge= können, die willkommene Ge
379 3245 2892 3327 Fensternische seines Stammcafés und notirt; und wenn langen. Das ist ausgezeichnet. Der Handel wird zuver= bieten.
699 3338 3326 3457 Der heutigen Nummer der „Reichswehr“ liegt die „Dedette“ bei.
