3436 4224
318 156 560 248 9.3.
584 160 1034 229 Der Fruen
1091 160 1410 229 Kakadu
1548 145 1986 246 box 15/4
555 202 1406 259 10 U a  4 A. 1  a  KGa
1668 681 2015 766 Bühne und Welt.
2552 700 2687 777 597
1004 794 2694 872 riechen kann. Es fehlt aber auch nicht an malerischer Wirkung. Die helle Maiensonne, die in
1000 859 2696 922 Benschels Kellerwohnung hineinstrahlt (im 2. Akt), schafft ein Stück Hoesie der Armut, das man sich
988 912 2699 961 wohl ansehen kann. Und die Künstler des Burgtheaters haben sich mit einer wahren Passion in die
998 957 2698 1036 Rollen „hineingelegt“, die Hauptmann so dankbar zu schreiben weiß. Den Fuhrmann Heuschel giebt
985 988 2683 1065 Adolf Sonnenthal. Um vollkommen objektiv seine Leistung zu beurteilen, müßte ich andere Dar¬
996 1055 2683 1114 steller dieser Rolle zum Vergleich herbeiziehen können, was mir aber nicht möglich ist, da ich keine
997 1090 2688 1153 andern Darsteller des Henschel gesehen habe. Auch verfüge ich über zu wenig Kenntnis der
994 1143 2688 1215 schlesischen Volkssprache, um das Sonnenthalsche Schlesisch auf das Maß seiner Richtigkeit
995 1195 2684 1252 hin beurteilen zu können. Geborene Schlesier, die ich darüber befragte, äußerten sich zurück¬
992 1251 2683 1308 haltend. Doch ist das schließlich nicht von maßgebender Bedeutung. Wenn das Ohr sich
990 1315 2682 1365 an die überhaupt nicht sofort ganz klare Sprechweise Sonnenthals und überdies auch noch an
997 1340 2686 1391 sein Schlesisch akkomodiert hat — und das geschieht sehr bald im ersten Akt — dann steht man
999 1391 2682 1463 im Banne dieses Künstlers, aus dem man auch nicht mehr entlassen wird. Der Hersönlichkeit
988 1444 2679 1496 dieses Meisterdarstellers vornehmer Gestalten aus der Gesellschaft, der Charmeurs der Salons,
994 1480 2679 1559 lag ja die Rolle des Heuschel ursprünglich so ferne als nur möglich. Kurz angebundene Rauheit
995 1538 2678 1593 war Sonnenthals Sache nicht, den Ton traf Bernhard Baumeister immer besser. Allein seine
993 1582 2693 1662 Darstellung Henschels leidet nicht darunter, daß er ihn weicher, wärmer giebt als Hauptmann
984 1632 2679 1697 ihn wohl gedacht haben mag; Sonnenthals Spiel kommt keinen Atemzug lang in Widerspruch
985 1687 2687 1747 mit den Worten, die er zu sagen, und in die kurzen Sätze, die Heuschel dem Stile des Stückes
994 1733 2687 1796 gemäß oft mehr zu spielen als zu sprechen hat, weiß er den ganzen Charakter des grundgütigen
987 1790 2674 1856 und so unbeholfenen Mannes hineinzulegen. Sein Naturalismus läßt nichts zu wünschen übrig;
984 1834 2688 1905 im ersten Akte ißt er auch kutschermäßig, indem er große Bissen mit seiner Gabel aufstochert!
982 1872 2683 1951 Und je weiter sich die tragische Handlung steigert, umsomehr tritt Heuschel aus sich heraus, um
995 1930 2680 1991 sein tiefes Gemüt zu verraten. Ins Spiel mit Hanne im zweiten Akt fällt nicht ein Tropfen
988 1985 2679 2034 Sinnlichkeit; diesem Manne glaubt man es wirklich, daß ihn keine andere als die rein wirt¬
992 2030 2683 2097 schaftliche Erwägung zur Ehe mit seiner früheren Magd veranlaßte. Und in der großen Seene
984 2084 2675 2145 mit seinem Schwager im Kaffeehaus wächst Sonnenthals Spiel zu gewaltiger Kraft emper.
982 2117 2669 2189 Gurgelnd im Zorne bringt er seine Worte hervor; die furchtbare Qual, die ihm die Ent¬
992 2176 2679 2225 täuschung durch Hanne bereitet, zittert ihm am ganzen Leibe. Man glaubt selbst den Schraub¬
990 2227 2673 2282 stock seiner hand zu spüren, mit der er den Ankläger Hannes festhält. Und vollends im fünften
986 2275 2682 2341 Akt — Heuschel als Nachtwandler, wie von den Furien gepeitscht, von Fieberfrost geschüttelt, die
978 2326 2673 2385 Angen starr, wie ein Mensch, der eine fire Idee nicht losbekommen kann — dieses Spiel ist
978 2368 2680 2427 einer der Gipfelpunkte Sonnenthalscher Kunst in der Cragödie... Die Leistung Lotte Witts als
984 2421 2671 2487 Hanne wird allgemein als eine kongeniale gerühmt und anerkannt. Sie spricht den Dialekt ge¬
978 2472 2677 2526 treuer, unser Wiener Ohr braucht daher mehr Zeit, sich an ihn zu gewöhnen. Ihre jugendlich¬
990 2525 2671 2562 kräftige Erscheinung kommt ihrer Darstellung der vielumworbenen Magd sehr zugute; ihr hohes und
989 2561 2674 2617 dabei eigentümlich singendes, doch hell tönendes Organ klingt wie Musik, wenn Fräulein Witt
1807 2622 2675 2673 einmal viel zu sprechen hat. Aber man be¬
1801 2667 2675 2732 wundert noch viel mehr ihre meisterliche Cha¬
1807 2721 2694 2788 rakteristik der Magd. Wie sie im ersten Akt nach¬
2033 2803 2094 2869 9000
1381 3575 2241 3635 Frau Henschel: „Wenn ich nu starbe, thätst du se heirote?“
