3392 4256
1468 207 1836 295 box 15
760 216 1277 286 ruene Kakadt
264 218 1316 325 9.3. Der
1014 1195 1933 1354 Premières Representations
1418 1343 1610 1394 —
1365 1375 1918 1429 INE. — La Mutérteile, un acte,
1045 1378 1143 1443 THE
1423 1409 1930 1461 ruc; la Guerre au Village,
1436 1441 1912 1506 de M. Gabriel Trarienx
1446 1475 1938 1532 solie en un arte, d’Arthur
1450 1513 1868 1573 n de M. E. Lutz.
1079 1524 1149 1574 Sa
1503 1549 1763 1595 leng.
1084 1568 1208 1640 Un a
1424 1581 1936 1643 de l’allemand à par ins¬
1040 1619 1934 1671 tants secoué l’indifférence du public.
1056 1667 1936 1713 C’est, le jour méme de la prise de la Bas¬
1055 1707 1937 1758 tille, dans un cabaret-cave, tenu pfr une
1051 1748 1943 1805 espécade Bruand, et ou les gens de la cour
1062 1797 1925 1850 viennent se faire insulter, pour le plaisir,
1049 1841 1943 1898 par des goujats et des filles; en mème
1060 1883 1941 1933 temps, de faux escrocs ei de faux assas
1066 1933 1883 1978 sins, — en réalité, acteurs habiles, -
1058 1959 1939 2025 leur donnent l’agrément, par des récils et
1139 2012 1933 2059 gesles, de l’épouvante et du frisson.
1074 2013 1135 2067 des
1067 2054 1938 2104 Mais voici que l’aventure imaginaire du
1082 2094 1947 2148 omédien Didier, qui se vante d’avoir
1076 2143 1955 2208 ué T'amant d’une femme qu’il vient d’é
1323 2183 1947 2235 1. Marquet est fort agréable¬
1063 2188 1240 2243 pouser,
1466 2223 1950 2283 s’achéve en u. meur
1065 2234 1121 2283 III4
1507 2272 1953 2322 Jjue, parmi les cris,
1502 2312 1961 2373 es bousculades, 1a
1838 2352 1955 2415 ient
1502 2406 1594 2456 em
1611 2573 1721 2625 les
1775 2565 2043 2635 ladres-
1593 2614 1946 2675 es d’une expo¬
1556 2654 1951 2717 as, gräce au jen
1484 2701 1952 2766 tre et farce, de MM.
1435 2744 1946 2801 Mosnier, et aux jolies
1348 2790 1960 2836 eJeanne Lion, fort élégante
1160 2792 1208 2839 8
1060 2832 1937 2875 en petit chevalier, et de Mme Grumbach,
1059 2884 1957 2931 marquise fort endiablée. Quant aux re¬
1050 2911 1948 2973 muements, aux heurts, aux renverse¬
1068 2969 1965 3016 ments de chaises et de tables, aux pots
1061 3008 1945 3057 brisés, et à tous les bruits de coulisse,
1064 3044 1947 3101 on y retrouve, cela va sans dire, cet art
1061 3101 1945 3144 spécial et enfin un peu conventionnel de
1071 3135 1965 3187 mise en scène dite réaliste, ou M. An¬
1063 3177 1828 3238 toine excelle, depuis si longtemps.
1223 3219 1926 3300 Cal## Wende, C. M.
