3436 4256
2095 175 2557 267 box 15/6
315 188 1953 272 9 4. Der pruene Kakadn zvklus
1305 906 1928 981 — br sse beiber Par¬
1973 939 2567 1022 diese Weise werden wirhnach
870 946 1924 1014 davon mehr Lärm gemacht, als die sittliche Bedeutung
1983 978 2680 1049 eur zuverlässige Truppe haben für
759 1002 1931 1057 ur thatsächlichen Vorgänge verdient. Als Mubewerber tritt
162 986 666 1065 25. Januar d.-2#19 #
2901 1037 3048 1088 schließt
1974 1043 2786 1092 gesorgt ist, und wir erreichen zugleic das
761 1044 1927 1111 neben dem Protesiantismus der Altkatholizismus auf, zu
154 1032 766 1107 kor dem Apenrader Amlsgericht
3101 1054 3255 1108 einen
1980 1073 3096 1129 in dem Begriff Kolonisation eingeschlossenist; die allmähliche
774 1078 1931 1138 dem Manche übertreten, weil die Kuliusformen des
155 1087 665 1146 ende Selbstüberschätzung
3104 1087 3279 1154 sind fi
1981 1117 3087 1168 Vorbereitung von Kultur. Auf besondere Schwierigkeiten
1384 1117 1922 1181 sind. In Wien und
759 1127 1389 1184 letzteren ihnen vertrauter
176 1129 714 1180 formellem Protest gegen#d#
3107 1133 3245 1188 dert,
1985 1149 3086 1199 wird eine solche Einrichtung kaum stoßen, zumal ein gewisser
187 1157 1925 1215 so etwas gesagt haben könne# dessen Vororten haben in letzter Zeit kleinere Gruppen
1992 1183 3268 1248 Vorgang dafür bereits vorhanden ist. Man hat in Tanga] zu Be
158 1200 1916 1260 stellen. Auch die Theilnahme sich der protestantischen Kirche angeschlossen. So fand am
1979 1226 3281 1277 den erfolgreichen Versuch gemacht, in der dortigen! verste
171 1246 1916 1291 Telegramm für Professor Klaus vorletzten Sonntag in der Dorotheenkirche eine Uebertritts¬
1939 1316 3035 1367 lohnt sich nicht, auf die barocke Idee einzugehen
774 1323 1918 1369 bezeichnet. Die Idee, die dem Einakter zu Grunde liegt,
163 1327 747 1383 n die großartige Bazillenkultur
3103 1342 3253 1401 Alad
1933 1346 3094 1418 jedenfalls hatte Herr Schnitzler den Erfolg, daß ihm der
769 1369 1921 1408 iist fast tragisch zu neunen — ein Gelehrter, der ein Fanatiker
172 1372 747 1431 allerdings ganz plötzlich ganz
3113 1375 3272 1436 worde#
1940 1402 3088 1459 Pöbel zujubelte, und es thut garnichts zur Sache, ob der
767 1407 1917 1451 der Arbeit und zugleich ein Lebensphi osoph von durchdringender
160 1401 750 1477 ben verschwand von der Bild¬
3105 1410 3305 1477 3300 Wik.
1935 1437 3100 1499 Pöbel in gewissen Fällen Glaceehandschuhe trägt und ob er
771 1452 1913 1507 Wahrhaftigkeit und überlegener Klugheit ist, hat als alternder
165 1452 753 1517 it darauf Jeder, ohne belästigt
3114 1462 3298 1515 Maler un
1943 1486 3087 1545 frisirt ist oder nicht — Pöbel bleibt jedenfalls Pöbel.
782 1489 1919 1550 Mann ein junges Weib geheirathet. Er weiß, daß er nicht
152 1497 333 1559 nehmen.
3109 1503 3193 1555 zu
1943 1537 3091 1591 Jedenfalls hat der Autor bewiesen, daß er von dem Leben,
3105 1546 3190 1602 au
767 1537 1917 1603 sdauernd glücklich werden kann, aber er will für ein oder zwei
172 1533 754 1604 d vom Grunewald gestaltete sich
1943 1568 3093 1636 von dem inneren, ursächlichen Zusammenhange von Volks¬
3111 1582 3194 1631 gle
775 1579 1913 1636 (Jahre dem Schicksal ein wirkliches Glück abtrotzen, und er
157 1588 752 1652 Empfindungsweise des eisernen
3114 1624 3183 1664 wi
1949 1611 3099 1672 emeuten keine Kenntuiß hat; die verlumpte — innerlich und
766 1623 1917 1696 [lebt, nachdem das Verhältniß zu seiner Frau längst erkaltet
162 1629 761 1688 Zwei Tage vor seiner Abreise
3117 1657 3196 1705 hau
2204 1659 3089 1725 Sippe von wirklichen oder vermeintlichen
1939 1665 2143 1717 äußerlich
769 1671 1913 1730 ist, halb und halb in dem Wahn, daß ihm das geglückt ist.
162 1671 753 1733 890, traf John Booth den
3110 1697 3192 1740 di
1948 1698 3090 1762 Komödianten, die er uns vorführte, ist überall zu
774 1707 1925 1772 Die Beiden verstehen sich seit langen Jahren nicht
167 1719 755 1776 Grunewald. Indem der Fürst
3104 1733 3201 1780 bilt
1952 1736 3092 1805 sehen; ob aber gerade diese Kategorie von Leuten dar¬
773 1744 1919 1809 mehr, er glaubt, daß seine Frau von einer tiefen Leiden¬
158 1756 762 1812 ung befindlichen Dame vor¬
3108 1774 3179 1822 J
1947 1781 3095 1851 stellungswerth ist, darüber mag sich der Autor mit seinem
780 1802 1915 1862 schaft zu seinem jungen Assistenten ergriffen, ist und er fühlt,
178 1804 765 1863 Frau Gräfin, hier kann ich
3112 1814 3176 1860 de
1947 1826 3093 1887 eigenen literarischen Gewissen auseinandersetzen. Die ver¬
770 1843 1918 1890 daß er dieser Neigung Nichts in den Weg legen kann. Aber
3113 1849 3183 1895 Ku
166 1844 759 1900 n meiner Thätigkeit im Grune¬
1949 1879 3095 1937 trottelten Repräsentanten der französischen Aristokratie mit
781 1887 1912 1941 er ist der Ueberzeugung, daß beide edel und rein sind, daß
163 1890 747 1945 ooth darauf lebhaft erwiderte:
1939 1919 3092 1985 dem Auswurf der Zuchthäuser zusammen — alle beide waren
3108 1926 3177 1976 I
779 1921 1922 1981 sie nach Befreiung seufzen, um sich wirklich angehören zu
171 1932 762 1990 aus uns ohne Ihre mächtige
1941 1959 3092 2009 unwahr und degoutirend. Es haben sich in Berlin
3115 1968 3179 2014 sti
1495 1971 1923 2034 und da wird es ihm
782 1972 1440 2036 können. Die Frau stirbt plötzlich
159 1985 748 2033 ?!“ — antwortete Bismarck,
3116 2004 3183 2049 Ur
1941 2007 3102 2059 thatsächlich Leute gefunden, die dem grotesken, widerlichen
780 2012 1924 2066 klar, daß er sich an eine Unwürdige gekettet hatte, die sich
232 2025 764 2085 „Ich habe nur den Willen
3115 2044 3190 2090 He
1950 2044 3088 2104 Zerrbild freuetischen Beifall zollten; ob sie immer mit ihnen
779 2052 1921 2123 selbst wieder an einen Unwürdigen verschenkt hat. Sein
152 2063 389 2124 sgeführt.“
3118 2082 3202 2127 Ber
1946 2092 3088 2145 sein möchten, mögen sie selbst entscheiden. Die
779 2091 1919 2152 Gelehrtenheim ist beschmutzt, und in dieser Erkenntniß
161 2101 757 2165 eses Willens nicht ganz leicht
3119 2119 3206 2167 ohn
1950 2129 3088 2188 Massen= Inszenirung von blutdürstigen, schnapsdurch¬
782 2141 1933 2202 bricht er nieder. Der an sich dankbare Stoff ist in einen
165 2152 762 2210 dem Umstande hervor, daß sich
3118 2157 3212 2225 strit
1954 2174 3085 2227 dufteten Individuen, die der halbverrückten „Groteske“
784 2187 1921 2239 Einakter zusammengepreßt, er leidet darunter, weil Vieles
163 2192 767 2262 eäußert hat, „daß ihm beim
1946 2224 3092 2282 die Krone aufsetzten, muß einem gewissen Theil des Berliner
783 2234 1918 2288 nicht genügend motivirt werden konnte. Man versteht nicht,
170 2233 765 2297 unzählige Schwierigkeiten in
1942 2267 3088 2319 Publikums gefallen haben — ob das eine Ehre für uns ist,
785 2280 1920 2331 weshalb eine Frau eingeführt ist, die von dem Geheimniß,
184 2279 757 2339 mehr als alle Diplomaten
1952 2306 3087 2368 darüber wollen wir nicht rechten. Josef Kainz ver¬
780 2314 1919 2372 daß die Verstorbene und ihr Geliebter den weltentrückten und
149 2317 768 2377 che bereitet hätten“. Daß aber
1947 2347 3098 2425 schwendete seine große Kunst an eine verlorene Sache,
778 2360 1930 2409 resignirten Gelehrten nur aus roher Sinnenlust betrogen,
165 2369 762 2418 rten Anstrengungen des großen
1956 2395 3089 2446 er fand Beifall bei Stellen, die zufällig auf seine
785 2407 1921 2468 Kenntniß hatte; es werden wohl dunkle Andeutungen ge¬
167 2409 762 2472 das möchten wir unseren Lesern
1945 2442 3102 2505 augenblickliche Situation paßten. Rudolf Rittner
787 2449 1922 2504 macht — aber verständlich wird die Figur nicht.
159 2442 771 2515 ngen darlegen. In der Kolonie
3122 2437 3227 2528 bealt
1950 2473 3092 2528 aber brachte uns die Gestalten nahe, die vor wenigen
783 2487 1922 2559 Das wundersam abgetönte Spiel von Hermann Nissen
163 2499 764 2547 mal des Fürsten Zeugniß von
1951 2526 3103 2587 Tagen in dem Prozeß Guthmann das Gerichtsgebäude in
784 2530 1935 2588 täuschte namentlich gerade über diese Schwächen des Stückes
161 2535 771 2602 wohner der Kolonie dem eigent¬
1945 2567 3091 2619 Moabit geschmückt hatten. Maria Reisenhofer war
777 2581 1923 2627 hinweg, auch Lotti Sarrow fand zu Herzen gehende
169 2583 768 2645 die so recht eigentlich an die
3121 2575 3329 2649 Deutscher
1951 2609 3099 2679 entzückend wie immer, sie ist und bleibt, wo sie auch ist, immer
776 2619 1918 2670 Töne, die Regie war vortrefflich, so daß der Autor bereits
163 2623 771 2700 siches anknüpfte, für alle Zeiten
3122 2637 3340 2689 unter Vor
1958 2660 2446 2720 eine große Komödiantin.
796 2659 1927 2717 vor dem ersten Einakter mehrfach vor der Gardine erscheinen
580 2669 731 2732 R. C.
3120 2673 3321 2730 statt. In
2029 2674 3097 2751 Zum Schluß aber war uns noch ein „Versspiel“ auf¬
796 2714 950 2775 konnte.
3123 2715 3324 2763 bisher ein
1958 2737 3102 2812 gespart. Es spielte zu Basel, zu Beginn des 16. Jahrhunderts
3127 2753 3325 2822 sandten E
868 2741 1921 2803 Was allerdings Herr Schnitzler mit dem zweiten Einakter
182 2759 779 2819 Es scheint, daß am Ende der
2003 2789 3101 2835 an einem schönen Junimorgen. Von letzterem hätte man
792 2796 1923 2851 „Der grüne Kakadu“, den er eine „Groteske“ nennt,
171 2799 773 2860 h selbst die vornehmsten Bühnen
1948 2827 3107 2895 nichts gemerkt, wenn es nicht ausdrücklich auf dem
785 2835 1936 2895 bezweckte, dürfte wahrscheinlich nur ihm allein bekannt ge¬
163 2846 771 2910 matische oder besser theatralische
1955 2862 3112 2941 Theaterzettel angegeben wäre. Thatsächlich war es
784 2878 1935 2950 worden und gewesen sein. Wir wurden in die Schreckens¬
170 2892 773 2954 kommen zu lassen. So wartete
1959 2909 3101 2970 eine Nichtigkeit, ein kleiner, absolut unmotivirter Gelegen¬
785 2921 1922 2979 szenen des — um einen beliebten Ausdruck zu gebrauchen —
159 2936 768 2992 sche Theater mit drei Ein¬
1949 2947 3104 3011 heitscherz, der sich augenscheinlich über den Hypnotismus
792 2971 1929 3024 „fin de siécle“ des achtzehnten Jahrhunderts geführt.
155 2974 778 3037 nitzler auf, eine Art von
3123 2987 3190 3032 S
1954 2991 3095 3057 und ähnliche Dinge lustig machen wollte. Daß der
1827 3008 1921 3056 die
794 3016 1834 3080 Wollte Herr Schnitzler eine Satire schreiben,
3119 3021 3211 3070 min
169 3019 768 3080 niß ein abgehärteter Gaumen
1952 3048 3102 3096 Verfasser ihn ins Mittelalter verlegte, hatte augen¬
1813 3045 1937 3102 ent¬
796 3056 1816 3116 vielleicht dem Geschmack des Galerienpublikums
3256 3067 3298 3103 er
3119 3061 3247 3108 des
163 3064 780 3128 Geschmack gehören. Es soll
1949 3093 3101 3144 scheinlich nur den Zweck, um die Damen Dumont und
1828 3090 1931 3149 die
3117 3092 3327 3151 Dampfer
980 3094 1836 3154 wollte er sich lustig machen über
785 3105 979 3163 spricht,
173 3102 768 3167 werden, daß Herr Arthur
1953 3121 3103 3186 Heims in wunderseltsam anmuthenden, altvorderischen
3130 3123 3337 3187 offiziell zu
790 3145 1929 3198 geschmacklose Sitte, die heute noch in Paris in unter¬
175 3154 772 3212 h geschickte Hand besitzt, daß er
3133 3175 3344 3229 „Paldivia“
1948 3163 3099 3220 Kostumen erscheinen zu lassen. Sonst war die Moral dieses
793 3177 1939 3251 geordneten Kneipen herrscht, das Publikum durch die
155 3194 769 3262 eichnet versteht, was die Fran¬
3090 3213 3347 3273 Hafen eint
1952 3216 3100 3276 Stückes trotz der klugen Augen des Herrn Kainz altbacken
788 3219 1940 3281 allerrohesten, niedrigsten Anziehungsmittel anzulocken, wo
162 3238 766 3284 nd wir Deutsche etwas grob¬
2936 3256 3049 3330 C.
789 3246 2515 3329 blasirte Leute, die einen Nervenkitzel brauchen, mit den grauen= — und schon oft dagewesen.
164 3272 785 3337 siche“ nennen. Der erste Einakter
773 3309 1945 3383 vollsten Schattenseiten des menschlichen Daseins spielen? Es
176 3324 768 3397 als „Schauspiel in einem Akt“
