3484 4480
-11 2310 56 2366 n
1952 208 2391 299 box 16/1
187 219 1827 304 9.4. Der gruehe Kakadu  Zuklus
673 1369 3170 1425 1'das ja besser wissen. Wollte Heer Schnitzler mit dem Symbolismus] Gäste zu unterhalten. Sie Alle geriren sich als Verbrecher und rühmen
153 1379 652 1469 uspielhaus.
1925 1403 3163 1471 sich der furchtbarsten Schandthaten, die sie an „dem adeligen Gesinbel“
688 1408 1949 1464 oder so etwas Aehnlichem spielen? Auch das ist ja modern! Einen
1925 1446 3179 1502 verübt haben. Die adeligen Herren aber lachen über diese harmlosen
162 1460 1940 1516 Genres — an einem Abende Anlauf dazu wenigstens nimmt der Autor. Paracelsus sagt z. B.
699 1485 1934 1556 einmal: Ich spiele nur mit Menschenseelen.“ Und dann: „Wir spielen
1929 1492 3175 1548 Witze. Es ist ja Alles nur Spaß! Das gute Volk ist ja so dumm,
153 1497 719 1575 n Versspiel und eine Groteskel
1932 1533 3167 1596 so harmlos! Einer von den Schauspielern aber ist ein wirklich genialer
709 1535 1933 1588 immer. Wer es weiß, ist klug!“ Also neben Calderons „Das Leben
161 1532 704 1593 i“ und des „Ein Vermächtniß“
1930 1582 3184 1646 Kerl, Henri heißt er. Dessentwegen und seiner jungen, schönen Frau
143 1580 1940 1638 ersten der drei Einacter, „Die ein Traum“ Schnitzlers „Das Leben ein Spiel“. Doch vielleicht
152 1624 3165 1681 eaterpublikum bereits. Ein wollte Herr Schnitzler nur unterhalten? Und selbst das gelang ihm wegen kommen all die lustigen Herzöge, Marquis und Chevaliers in
703 1659 3166 1707 nicht. Man höre: Der Wunderdoctor Paracelsus kommt nach Basel Wie Spelunke. Und an jenem Tage spielt Henri eine furchtbare Rolle,
165 1652 712 1724 Frau ist eben gestorben. Der
697 1688 1936 1762 Die Gelehrten und Klugen halten ihn für einen Schwindler Da
1924 1703 3173 1755 so wahr, so natürlich, daß man schließlich nicht weiß, ist es Wahrheit,
167 1690 710 1759 st schon lange her, daß Beide
1929 1723 3167 1791 ist es Spiels Er behauptet nämlich, den Herzog von Cadignan er¬
698 1728 1933 1791 kommt er ins Haus des Waf#nschmiedes Cyprian (von Herrn Gün,z
155 1731 706 1805 Anster Gelehrter, viel älter als
1936 1783 3182 1843 mordet zu haben, da dieser adelige Herr ihm das Eheglück vernichtet
701 1769 1936 1829 drastischer, als gut war, dargestellt). Er sieht des Waffenschmiedes
152 1783 710 1836 n Eheunglück resignirt gefügt.
1925 1825 3175 1880 habe. Dar stürmt plötzlich lärmender Pöbel herein. Man hat die
700 1824 1932 1878 junge, hübsche Frau (Frau Basté), die er vor vielen Jahren ge¬
167 1827 710 1887 n Freunde leidenschaftlich zu¬
694 1862 1922 1910 liebt hatte. Der Wafsenschmied macht grobe Scherze über den Quack¬
1925 1851 3182 1917 Bastille gestürmt. Alle jubeln. Der Wirth ist nicht mehr das dumme
169 1867 701 1923 eniemals der Inhalt seines
698 1905 1933 1955 salber, prahlt mit der Treue seines Weibes. Da zeigt Paracelsus
1927 1905 3174 1957 Original. Er hat das Spiel eines Brutus getrieben. Er wirft die
157 1905 708 1966 Nur zu einer tändelnden Ge¬
1930 1945 3165 2001 Maske ab und zeigt sich als blutdürstiger Republikaner. Er triumphirt
703 1945 1920 1994 seine Kunst. Er hypnotisirt die junge Frau. Er bewirkt durch
156 1950 710 2002 Ernst und zu alt. Und da er¬
1921 1981 3167 2040 und schwört dem Adel Rache. Man rühmt des Schauspielers Henri
696 1982 1924 2034 Suggestion, daß sie sich einbildet mit einem Junker ein sträfliches
157 1986 707 2053 räbnisses, daß sie nicht einmal,
1926 2025 3176 2089 Heldenthat. Der aber lacht un versichert er habe ja den Herzog
699 2024 1934 2083 Verhältniß gehabt zu haben. Die Arme zerfließt in Reue. Mit Mühe
166 2021 701 2090 seines Freundes genesen war,
1924 2062 3166 2122 garnicht ermordet. Alles sei nur Spiel und Trug gewesen. „Und doch
702 2062 1930 2118 nur kann der Ehemann in tausend Aengsten den Wunderdoctor be¬
165 2069 698 2128 ar davon unterrichtet gewesen,
699 2106 1919 2165 wegen, das bedauernswerthe verdrehte Eheweib wieder zur Vernunft
1926 2106 3168 2155 hat er Deine Frau verführt!“ so ruft man ihm zu. Da stürzt sich
152 2096 706 2173 ngen zu einer Anderen ange¬
1921 2149 3171 2198 Henri auf den Herzog der eben in den Verbrecherkeller tritt, und er¬
704 2138 1921 2205 zu bringen. Aber Paracelsus spielt dem behäbigen Spießbürger, der
164 2148 700 2208 betrogenen Ehemanne, dem
1927 2172 3166 2236 dolcht ihn. Das Volk jubelt. Der Adel zittert. Der Vorhang fällt.
704 2190 1928 2244 sich über ihn, den Landstreicher und Quacksalber, lustig gemacht hat,
156 2181 707 2247 iebe hätte er noch respectirt,
1923 2212 3162 2279 Wir können nicht bei der großen Anzahl und Bedeutungslosigkeit der
697 2230 1921 2282 einen neuen Streich. Er läßt mittelst Suggestion sein Medium, die
162 2221 709 2284 n, soweit geht sein Idealismus
1931 2257 3170 2318 Rollen auf das Spiel eines jeden Einzelnen hier eingehen. Das
698 2256 1929 2323 junge Frau, bis zum Sonnenuntergange die reine Wahrheit sagen.
170 2274 699 2338 kund weist nachträglich dem
1920 2299 3174 2365 ganze Ensemble trug zum Gelingen eines Stückes, dessen Wirkung
696 2311 1923 2363 Und nun erfährt der Ehemann von seiner Gattin recht unangenehme
161 2318 704 2376 Eis wahres Glück, daß eine
1916 2348 3170 2409 hauptsächlich von einem vortrefflichen Zusammenspiel abhängig ist,
699 2355 1927 2411 Dinge! Was soll der ganze Zauber? Auch dieses Stück hat seinen
178 2344 710 2419 in der Phantasie des Herrn
1917 2372 3171 2446 bei. Es sei nur die Rolle Henris, die einzige, die plastisch hervor¬
706 2392 1926 2444 Beruf verfehlt. Den Paracelsus sollte Herr Blankenstein spielen.
157 2388 697 2448 Hoffentlich derartige resignirte
1920 2422 3170 2481 tritt, besonders erwähnt. Herr Wiecke führte sane Rolle genial —
692 2416 1931 2487 Aber noch in letzter Stunde mußie für ihn, da er plötzlich erkrant war,
160 2432 707 2488 wirklich solche geben sollte, so
1913 2466 3167 2530 das Wort ist hier keine Uebertreibung! — durch. Wilde, aufbrausende
695 2460 1926 2534 Herr Froböse einspringen. Herr Froböse hatte den Paracelsus in
156 2466 711 2538 dealisten, sondern ganz große
1926 2501 3176 2556 Leidenschaft, die oft in Wahnsinn auszubrechen droht; stille, düstere
703 2511 1923 2582 einen Swengali verwandelt. Nun „Trilby“ und „Paracelsus“ stehen
158 2507 702 2578 rs Schauspiel ist im Grunde
1914 2551 3160 2606 Resignation und Niedergeschlagenheit; stürmische Thatenlust und dann
701 2546 1203 2618 schließlich auf einer Stufe.
151 2546 710 2617 atterhafte Gattin und deren
1925 2595 3163 2655 wieder Sehnsucht nach Ruhe und Frieden tauchen auf und verschwinden
176 2597 701 2661 e,Frau Salbach und Herr
770 2597 1920 2653 Das letzte Stück ist das beste, oder besser, das bessere. „Der
1918 2639 2045 2691 rasch
2128 2640 3173 2685 ein stetes Wechselspiel in Henris Seele! Und alle die
160 2631 707 2692 te Charakterisirungskunst das
701 2634 1922 2706 grüne Kakadu“ trägt die Bezeichnung Groteske. Die Bezeichnung
1913 2653 3175 2731 Höhen und Tiefen dieser prächtigen Rolle beherrschte der Darsteller
155 2669 702 2740 ner Experimentirungssucht ist,
703 2675 1923 2734 ist gut. Schnitzler führt uns in einen Pariser Verbrecherkeller „Zum
1917 2718 3164 2777 mit souveräner Meisterschaft. „Das glaub' ich wohl, so einen Schau¬
160 2715 712 2783 bar wurde. Den Haut gout¬
699 2716 1919 2779 grünen Kakadu“. Wir werden in die Zeit der beginnenden Revolution
1920 2758 3167 2807 spieler bekommt Ihr nicht wieder!“ sagt Henri zu seinem Theater¬
162 2761 709 2830 ihres Spieles nicht beseiligen.
697 2766 1921 2821 versetzt. Wir schreiben den 14. Juli 1789, den denkwürdigen Tag
1917 2795 3171 2851 director stolz und bitter zugleich. Henri sprach sie. Auf Herrn Wiecke
157 2813 696 2861 nEinacter, zu „Paracelsus“,
694 2800 1925 2859 der Erstürmung der Bastille; jenen Tag; wo man begann, die tausend¬
1920 2826 3173 2893 bezog man sie. An Stelle des erkrankten Herrn Blankenstein
165 2833 701 2906 hrmlos! Man fasse das nun
699 2845 1927 2908 jährige Adelswirthschaft über den Haufen zu werfen und Menschen¬
1911 2893 3165 2943 trat in diesem Stücke Herr v. Winterstein vom Deutschen Theater
155 2876 710 2947 te mit dem harmlosen Ding
693 2874 1932 2941 rechte geltend zu machen. Der Adel ist lustig und guter Dinge Er
1920 2924 3158 2976 aus Berlin auf. Die Rolle des Herzogs von Cadignan ist zu nichts¬
157 2924 1924 2980 as Vertrauen der Ehemänner tanzt auf einem Vulcan, ohne es zu wissen. Adelige Gecken besuchen
1918 2954 3191 3021 sagend, als daß es sich geziemt, auf das Spiel des hilfreichen Gastes
165 2968 712 3024 er die Schulmedicin lächerlich
693 2968 1928 3025 heimlich den Verbrecherkeller, selbst eine recht dirnenhafte Marquise
1919 3006 3158 3058 einzugehen. „Der grüne Kakadu“ ist keine literarische Großthat, aber
172 3005 708 3067 verherrlichen? Ja, warum
701 3000 1926 3059 nehmen sie mit. Hier giebt es zu lachen. Hier können sich die hohen
1916 3039 3166 3098 immrehin ein Stück das seines echten Colorits wegen hochinteressant
690 3045 1918 3095 Herren ungezwungen amüsiren. Der Wirth, ein ehemaliger Theater¬
160 3036 707 3103 Enn des 16. Jahrhunderts wo
168 3091 3155 3147 Hoviel mir bewußt hat sich der  director (ganz vorzüglich von Herrn Wiene gespielt), ist ein Original. ist und das der Rolle Henri=Wiecke wegen gesehen zu werden verdient.
167 3129 1945 3162 Meömerismus (Ende des 18.Per redet die Adeligen mit Du an und giebt ihnen grobkörnige Namen.!
2743 3126 3137 3200 Curt Müller.
183 3142 1965 3221 hnitzler als Wienee Arzt muß! Er hat Schaufpieler angestellt, die die tollsten Dinge treiben, um die
