3484 4256
2084 156 2547 260 box 15/5
333 167 1952 266 9.4. Der gruene Kakadu ZukIus
1176 855 1306 947 340
1766 875 2048 957 Wiener Kunst.
1181 978 2647 1062 brillante Leistung bot, der sich Frau Hohenfels als Sängerin mit Einsetzung all
1179 1033 2643 1110 ihrer großen Kunst zur Seite stellte. In der ganz kleinen Charge eines Jnweliers fiel
1187 1077 2338 1142 mir Herr Hofmeister durch seine Charakterisierung angenehm auf.
1292 1139 2635 1210 Dramatisch zweisellos höher steht „Die Hochzeit der Sobeide“. Man hat auch hier
1177 1187 2638 1250 dem Dichter seinen abstrakten Gedankenreichtum zum Vorwurf gemacht. Sehr mit Un¬
1172 1224 2635 1291 recht! Wir leben in einer seltsamen Zeit, in der die Kunstprinzipien in steten Wider¬
1175 1270 2632 1356 sprüchen zueinander stehen. Wir suchen Erlösungen vom Zwange künstlerischer Über¬
1178 1332 2633 1399 lieferungen in neuen Formen und neuen schöpferischen Perspektiven. Kaum aber ist uns
1180 1385 2636 1451 ein echter Künstler erstanden, der eigenwillige Pfade geht, messen wir ihn sogleich mit
1175 1425 2623 1501 jenen Maßen, die er just zu sprengen ausgegangen. So ist es mit Hugo von Hofmanns¬
1172 1488 2629 1529 thal. Wie kaum ein anderes Dichterwerk der letzten Jahre führt dieses sinnnig=schöne
1168 1526 2633 1603 Märchen zu jener intimen und innigen Kunst hinüber, von der wir in ästhetischen Kunst¬
1169 1573 2638 1653 artikeln lange genug träumten, zu jener Kunst, die die reale Welt des Wirklichen durch
1168 1625 2637 1682 den Zauber der Formen in die Traumwelt der Empfindungen zu verwandeln und das
1172 1685 2624 1744 Zeitliche auf der Brücke des abstrakten Gedankens ins Ewige zu rücken vermag. In
1164 1733 2635 1792 diesem leisen, scheuen und edlen Kunstwerk vermählt sich denn auch die gestaltungsloseste
1172 1771 2625 1836 Dichtungsform, die Lyrik, der gestaltungsreichsten, dem Drama, und durch sie erscheint
1171 1827 2618 1890 das brutale Temperament des tragischen Gefühls gleichsam gedämpft — in edle Fermen
1167 1862 2617 1945 gerückt. Der „Hochzeit der Sobeide“ liegt ein sehr einfacher und doch poetisch schöner
1162 1922 2626 1994 Vorwurf zu Grunde. Ein junges Mädchen folgt um ihrer Eltern willen einem reichen
1166 1964 2617 2039 Manne zum Altar. In stummer Entsagung sieht sie einem somenlosen Dasein entgegen,
1157 2035 2619 2093 denn ihre junge Liebe gehört einem anderen — Assad, dem Sohne des Teppichhändlers
1163 2074 2620 2126 Schalluassad. Noch einmal aber, da sie am Hochzeitsabend mit ihrem Manne allein
1169 2125 2620 2186 bleibt, bricht der siegreiche Machtwille des Lebens aus ihr heraus mit den Schauern der
1164 2179 2620 2238 Sehnsucht, mit den Thräuen der Verzweiflung — und sie gesteht ihrem Manne ihre
1163 2222 2625 2291 Liebe zu Assad. Dieser aber öffnet ihr selbst die Pforte seines Hauses, er will sie nicht
1152 2255 2612 2334 an sich fesseln, wenn ihr Herz nicht ihm gehört. Sie stürmt hinaus, noch in der Nacht
1160 2316 2614 2388 zu ihrem Geliebten. Dieser aber stößt sie von sich. Seine Leidenschaft ist für eine junge,
1159 2362 2618 2433 sinnlich=schöne Witwe entbrannt — die Maitresse seines eigenen Vaters. Und nun geht
1158 2423 2615 2471 Sobeide in den Tod. Ich möchte das Stück ein Drama der Güte nennen. In Sobeide,
1160 2463 2607 2535 die von Assad um eines schönen, aber innerlich schlechten und herzlosen Weibes willen
1145 2524 2616 2570 verstoßen wird, und in ihrem Gatten, den sie um Assads willen verläßt — in beiden
1151 2563 2604 2635 muß der tiefe, innere Wert eines Menschen den äußeren Vorzügen eines anderen unter¬
1144 2611 2617 2685 liegen. Der tiefen und erschütternden Tragik stiller, edler Seelen, die soviel an Hingabe
1150 2654 2617 2719 besitzen, wenn sie lieben, soviel an Selbstentäußerung und tiefer Entsagungskraft, daß
1146 2693 2615 2772 sie stumm und schweigend aus der Sonne ihrer Lebenshoffnungen zurückzutreten vermögen
1143 2769 2615 2829 in das Dunkel trauriger Lebensenttäuschung, der unsäglich tiefen und schönen Tragik
1155 2804 2611 2885 solcher Seelen hat der Dichter der Sobeide ein Denkmal gesetzt. Der überkluge Kritiker¬
1141 2859 2611 2928 verstand hat nun freilich gefunden — „so was thäte auch der älteste Perser nicht!" Die
1142 2905 2610 2977 aber mit Liebe den Pfaden des Dichters nachspüren, sie werden fühlen, mit wie viel
1137 2959 2596 3018 saufter Milde er uns in seine Reiche führt zu Menschen, die seinen stillen Dämmer¬
1142 3008 2608 3075 träumen erstanden, die vielleicht nur Dichtergebilde scheinen und doch und dennoch
1149 3054 2614 3117 da und dort gelebt und gelitten haben. Aber still und weltabgekehrt, ihren Wert mit
1137 3102 2614 3161 ihrem Schmerz verschließend und nur darum unbekannt und unbeachtet, weil sie nicht
1146 3145 2620 3229 vor die Menge traten und so gar nichts in sich hatten von großen, tragischen Helden der
1139 3201 2608 3251 Lebensbühne. Jenen, die stumm leiden, well sie sich selbst zu überwinden vermögen,
1143 3246 2611 3334 ihnen, glaube ich, ist diese Dichtung geschrieben worden. Aber neben dieser inneren Tragik
