3436 4224
410 172 449 214 10
638 185 1620 256 Weibchen, dessen Rede und Spiel von Herz zu Herzen
1617 212 1727 258 aus
401 211 500 255 200
627 222 1625 295 ging, war Frau Schratt, neben der die Herren Krastel,
393 243 492 292 500
622 266 1628 328 Thimig, Frank und das sympathische Fräulein
350 284 496 345 " 1000
443 314 654 382 Im Geger
648 321 1784 383 Haeberle sich mit Erfolg des Stückes annahmen. g#¬
321 362 1623 431 Abonnement auf Peitaus größeres Interesse fand das zweite Stück „Die
323 405 650 473 Abonnenten frei
633 400 1637 479 Gefährtin“, in dem Sonnenthal, seit seinem Risler
602 455 1642 538 #der klassische Typus des modernen Hahnrei, wieder eine
625 514 1636 575 seiner herrlichsten Leistungen bot. Hier handelt es sich
624 537 1645 614 um einen Ehebruch modernster Factur, der fast ohne
625 601 1632 656 Handlung — die Heldin ist todt — sich in sil¬
619 649 1639 712 honettenartig verschwimmenden Bildern abspielt, und
619 690 1636 756 der Dichter zeigt hier die feine psychologische Kunst,
619 735 1639 792 mit der er die zartesten Regungen der Seele zu
625 776 1647 859 zeichnen weiß. Das Stück hatte den stärksten Erfolg des
651 851 1642 921 Abends — neben Sonnenthal thaten sich Fräulein
644 907 1649 979 Bleibtren, Herr Zeska und Herr Gimnig an¬
653 962 1660 1034 erkennenswerth hervor — wiewohl das dritte, die
674 2447 743 2531 N
987 2526 1372 2618 Arthur Schnitzler.
684 2645 1700 2704 Groteske „Der grüne Kakadu“ entschieden die
690 2679 1696 2760 Palme des Abends verdiente. Mit dieser Dichtung hat
691 2740 1685 2808 Schnitzler in keckem Wurfe das Beste geboten, das
688 2788 1701 2858 wir seiner Feder verdanken, und wir fühlen den Geist
712 2853 1699 2926 Aristophanes' und Beaumarchais' aus der Satire blitzen,
699 2913 1710 2982 die im Burgtheater leider nicht das richtige Publicum
713 2957 1713 3033 fand. Geradezu genial und hinreißend ist diese Episode!
708 2996 1708 3085 aus der Zeit der großen Revolution gestaltet, und die
713 3051 1712 3114 entzückende Freiheit der Satire zeigt uns den Dichter von
705 3101 1701 3157 einer ganz neuen und ungeahnt großen Seite. Schade,
718 3156 1705 3213 daß die Censur dem „Grünen Kakadu“ die zweifellos
716 3193 1720 3255 schönsten Federn ausgerupft hat — der ganze Kakadu#
715 3226 1711 3299 muß ein noch ungleich prächtigeres Stück gewesen sein
713 3291 1702 3365 als jenes, das wir im Burgtheater zu sehen bekamm.
714 3315 1719 3387 Gespielt wurde die Groteske nicht ganz nach den
722 3387 1708 3444 Intentionen der Dichtung: das Tempo, das ein stürmisch¬
718 3433 1719 3489 tolles hätte sein müssen, ging nach dem Metronom der
722 3467 1709 3524 k. k. Hofschauspiel=Beamten vor sich, aber auch das ver¬
718 3525 1716 3587 mochte den mächtigen Eindruck nicht zu stören, den das
710 3563 1715 3622 Meisterstück auf den Hörer machte. Sonnenthal,
721 3617 1727 3673 Hartmann, Zeska, Reimers und Thimigs
722 3659 1715 3726 trugen das Stück auf ihren starken Schultern, und neben
714 3703 1727 3775 ihnen wirkten Frau Mitterwurzer, Fräulein Witt,
725 3756 1721 3828 Fräulein Ansion und Fräulein Haeberle erfolgreich
721 3823 837 3869 mit.
806 3852 1718 3907 Der Erfolg des Abends war äußerlich nicht so groß,
728 3887 1725 3954 als die drei Stücke es verdient hätten, aber wir haben unseren
717 3935 1721 4007 besten Dramatiker damit auf dem Höhepunkt seiner Ent¬
724 3980 1723 4042 wicklung gesehen, und das ist ein Erfolg, der kein Hände¬
731 4046 1729 4115 Tlatschen und keine Hervorufe braucht, um zu gelten.—
1539 4149 1719 4230 S
2079 171 2396 233 —.—
1877 826 2055 916 —
2376 910 2721 974 Telefon 12801.
3081 988 3292 1062 Ausschnitt
1932 999 3005 1104 Unternehmen für Zeitungs-Ausschnitte
2994 1078 3122 1165 Nr.
2235 1058 2852 1198 „OBSERVER“
1818 1167 3295 1263 I. österr. behördl. concess. Bureau für Zeitungsberichte und Personalnachrichten
2133 1246 3001 1348 Wien, IX/1 Türkenstrasse 17.
2081 1342 3066 1416 Filiale in Budapest: „Figyelö“, VIII. Josefsring 31a. —
1823 1412 3005 1552 husschnit aus Volerterd#sce
1828 1536 3227 1711 12 0g —bhat Aulug-
2611 1640 2886 1780 rr
2552 1961 2848 2053 Thearer.
2271 2025 3232 2109 Hof-Burgtheater. Wenn ein Mann von Geist und
2170 2092 3222 2157 Herz wie Arthur Schnitzler auf dem Plane erscheint,
2181 2136 3220 2183 Einer, zu dessen menschlicher Ehre nichts besseres gesagt
2175 2175 3225 2220 werden kann, als dass er mit seinem klugen und guten
2177 2217 3234 2260 Wort immer auf Seite der Niedrigen und Schwachen
2173 2251 3226 2293 zu finden ist, dann meinen wir immer, er habe uns etwas
2172 2286 3232 2348 Besonderes zu sagen. Anderen gestatten wir das Theater als
2186 2329 3233 2380 Selbstzweck, ihm durf es nur Mittel zu einem höheren
2175 2366 3230 2414 sein ... so verlangen wir es. Das ist äußerst schmeichel¬
2177 2411 3229 2455 haft und ehrenvoll, bildet gleichzeitig aber auch eine
2192 2436 3237 2509 Einschränkung der dichterischen Freiheit. Warum soll Herr
2190 2484 3235 2529 Schnitzler schlimmer behandelt werden als Herr Fulda
2189 2534 3230 2576 zum Beispiel oder Herr Philippi? Seit wann darf ein
2185 2569 3234 2617 Dichter nur dann dichten, wenn ihm etwas einfällt? Zum
2191 2600 3244 2645 Henker mit solchen Albernheiten! Wohin käme es denn
2193 2641 3224 2700 ber so unbilligen Anforderungen mit der deutschen Literatur?
2193 2679 3237 2744 Herr Schnitzler hat sich das auch gedacht. Morituri
2673 2717 3235 2777 dreitheilige Garderobekasten¬
2237 2712 2597 2779 gemischtes Milieu
2378 2760 3237 2822 kann ich auch. Sonnenthal beneidet Kainz
2188 2760 2318 2815 stücke
2191 2799 3239 2850 um seinen Sudermann ... er soll wieder schlafen können
2232 2845 3223 2889 - und das Publicum detto! Die Leute halten auf Sonnen¬
2192 2880 3228 2925 thal große Stücke, ergo genügt es, wenn man etliche kleine
2187 2916 3229 2961 für ihn schreibt. Auf diese Weise entstanden die drei Ein¬
2183 2954 3237 3010 acter „Paracelsus“, „Die Gefährtin“ und „Der
2200 3002 3229 3048 grüne Kakadu“. Denn ich wette meinen Kopf gegen
2199 3030 3235 3085 die Tantièmen, die Herr Schnitzler dafür erhält — soviel
2029 3027 2199 3103 0 Zeitung
1865 3030 1977 3103 Für
2194 3078 3192 3129 dürfte er ja doch noch wert sein... mein Kopf nämlich —
2193 3114 3242 3163 auch das erstgenannte Stückchen war ursprünglich für
2193 3155 3235 3201 Meister Adolf bestimmi, kam aber dank seiner besseren
2191 3190 3243 3235 Einsicht in andere Hände. Ueber die Güte der drei Piecen
2038 3231 3233 3295 m Geger sind die Meinungen getheilt. Leute, die das Theater vor
2204 3269 3230 3322 dem letzten Stücke verlassen hatten, dürften wahrscheinlich
1990 3288 2204 3336 mement dur
1901 3268 1940 3335 A
2205 3311 3230 3357 dieses für das beste halten, andere, die zu spät kamen,
1906 3324 2198 3395 Abonnenten frei
2199 3349 3243 3398 wieder das erste. Es ist manchmal recht schwer, das
2194 3385 3235 3435 Richtige zu finden. Sonnenthal war ausgezeichnet.
2205 3428 3237 3466 Sein „Güsse mich Leogadie!“ klang so weich wie ein
2204 3463 3233 3516 Gummischuh auf Filzplatten. Roberts schauerlich=schöner
2199 3501 3240 3543 Paracelsus erregte sämmtlichen anwesenden Comtessen die
2200 3544 3234 3593 gewohnte Gänsehaut. Sonst sind noch Frau Schratt,
2199 3580 3221 3631 Frau Mitterwurzer, Fräulein Witt, Bleibtreu,
2207 3606 3247 3679 Haeberle und die Herren Hartmann, Krastel,
2182 3660 3036 3738 Römpler und Zeska lobeweise anzuführen.
3227 3187 3317 3268 Au¬
3228 3252 3329 3317 den
