3392 4256
767 150 1293 229 uene Kakadu
468 161 632 232 Der
225 163 1276 271 9. 3
1434 141 1858 238 box 15/3
2240 211 2871 305 Theater und Kunst.
2078 302 2927 404 (/ Deutsches Theater in Leschen.
2065 357 3019 453 Arbeitervorstellung: „Fräulein Julie“ von Lpgust
2078 431 3020 515 Skrindberg und „Der grüne Kakadu“ von Arthur
2426 480 2640 556 Schnitzler.
2992 488 3111 571 2.4
2132 516 3162 617 Die deutsche sozialdemokratische“ Partei Tes—“
2052 557 3020 644 schens ist rührig am Werk, die allgemeine Bel¬
2054 635 3034 702 dungsstufe des Volkes zu heben. Wir begrüßen
2058 647 3132 759 dieses Streben mit Freuden, eröffnet sich uns gbrb
2046 694 3026 772 doch darin in dieser Zeit allgemeinen Veralles..
2046 760 3021 832 und einer für das Schöne und Wahre unempfäng¬
2057 803 3017 864 lich gewordenen Welt ein Lichtblick in die wertere
2052 840 3023 916 Zukunft unseres Geschlechtes. Das Interesse des
2052 887 3012 964 Publikums ist diesem Streben sicher, das hat das
2051 943 3022 984 ausverkaufte Haus bei der ersten Vorstellung be¬
2044 990 3010 1053 wiesen, ein Zeichen, das die Veranstalter zu w#¬
2052 1031 3002 1093 terer Arbeit aneifern möge! — Im Zeilalter der
2055 1070 3002 1145 Revolutionen, das allem Anscheine nach,
2059 1119 3087 1185 lange nicht abgeschlossen ist und woiteve ouer¬ —
2046 1165 3017 1230 leicht noch größere Umwälzungen im Leben der
2055 1195 3069 1292 Menschheit bringen wird, zwei Stücke, von denen
2041 1240 3015 1318 jedes in seiner Art, Revulutionsgeist atnt, auf¬
2049 1295 3081 1372 zuführen, war eine danlbare Aufgabe: Fräulein
2043 1339 3012 1412 Julie“ war das erste Stück der Sprechb##, in
2041 1391 3019 1451 dem das komplizierte Seelenleben des Weldes un¬
2039 1421 2999 1496 verhüllt und naturgetreu Ausdruck fand. Trag.ch
2040 1474 3003 1543 wirkt das Stück durch das Schicksal der detarun i
2045 1515 3006 1586 Heldin, die gleichsam das Resultat cerbte. Sün¬
2042 1563 3002 1633 denfolgen darstellt; Strindberg nennt es Sch##¬
2046 1612 3024 1675 che, wenn uns dabei das Gefühl der S#
2031 1646 2929 1712 überkommt — und doch dürfte dieses Gei#
2037 1701 3019 1772 meisten, wenn nicht alle Zuhörer beherrscht hobe.
2029 1731 3003 1794 Zu wünschen wäre es, wenn wir so stti w#rde,
2038 1778 3005 1841 wie die ersten französischen Revoluion####,
2038 1826 2961 1894 damit wir dem Mitleide fromd, einen frohen 6.
2039 1873 3010 1940 druck hätten, wenn wir sähen, daß die ###
2039 1914 3008 1986 durchforstet werden, deren morsche, überkegene
2044 1959 3002 2030 Bäume anderen, die das gleiche Reut ####,
2030 1996 3005 2081 ihre Zeit zu vegetieren, zu lange im Bbede ge¬
2041 2048 2995 2124 standen sind, damit wir einen frohen Einolck
2036 2097 2987 2177 hätten, wie wenn man einen unheilbar Kra in
2037 2138 2991 2213 sterben sicht. Der Welttrieg hat uns zermürht,
2023 2176 2977 2263 wann werden wir zu dieser Kraft gelangen“ —
2033 2226 3001 2302 Das Frl. Julie dargestellt von Frl. Kucne ar
2025 2260 2951 2338 lebenswahr gezeichnet, künstlerisch wirh
2026 2309 2992 2391 dezent. Sie und ihr Partner Herr Mahr:%n
2029 2353 2991 2444 die Gefahren derber Darstellungsweise, d#
2027 2405 2988 2477 der begabte Künstler leicht zu Uebertrie#ten
2028 2455 2986 2532 hätten reizen können, in anerkennenswer## Weise
2025 2499 2988 2570 geschickt zu vermeiden. Frl. Mohr als Christine
2023 2543 2975 2617 verdient in ihrer kleinen Rolle gleichfalls #abarde
2019 2580 2985 2662 Anerken.nung. — Die Funken, die in der mranzösi¬
2031 2627 2986 2708 schen Revolution zu hellen Flannpen aufloderten,
2033 2676 2964 2754 sprühen bereits im „Grünen Kakadn“ von A.
2024 2723 2989 2791 Schnitzler. Der Abend vor dem Ausbruche der
2018 2761 2981 2839 Revolution ist in diesem Stücke mit svielerischer
1997 2813 2980 2886 Kunst, die den blutigen Ernst kaum ahnen läßt,
2007 2865 2980 2929 zum Schlusse des Stückes aber mit schrecklichen
1998 2893 3008 3004 Deutlichkeit vor Augen führt, wirkfa ## #
2350 3316 2558 3388 Setto 4
2207 3403 3170 3484 schütternd gezeichnet. Die Hauptrosse lag in den
2204 3460 3164 3516 bewährten Händen Herrn Mahrs, der auch die
2207 3497 3170 3572 Spielleitung beider zur Aufführung gelangten
2197 3548 3163 3597 Stücke innehatte. Sein Henri war hinreißend
2201 3593 3182 3654 #uich die Mächt der Geste und des Wortes. Diese
2209 3636 3168 3695 Rolle zählt zu den Glanzleistungen dieses
2206 3671 3168 3734 Künstlers. Eine herrliche Figur bot Herr Güns¬
2209 3725 3162 3771 berger in seinem Strolch Grain. Klein war dies¬
2197 3766 3160 3827 mal seine Rolle aber wunderbar gezeichnet. Herr
2207 3814 3162 3866 Pohl als Wirt Prospäre wirkte wie immer auf
2207 3852 3166 3907 das Publikum, dessen Gunst er im reichen Maße
2204 3899 3167 3965 erworben hat. Eine schöne Leistung, loidenschaft¬
2205 3944 3177 4007 lich sprühend und Begeisterung weckend, bawun¬
2195 3990 3169 4052 derten wir im Balthasar des Herrn Barth. Auch
2199 4037 3164 4082 der Scaevola des Herrn Salten war eine an¬
2194 4071 3182 4122 eikennenswerte Tat. Fast das gesamte Schauspiel¬
3137 636 3202 707 #1
