3436 4256
261 135 639 239 9.3. Der
749 145 1329 224 ruene Kakadu
1479 140 1911 237 box 15/4
520 167 1328 269 K. nenen  ue.  e en e den enenen enen se
760 855 1161 940 Telefon 12801.
686 956 1633 1049 Internehmen für Zeitungs-Ausschnitte
556 981 692 1074 78 1
1294 1017 1503 1100 Ausschall!
621 1056 1649 1199 „UBSERVER“ Nr. 65
349 1160 1696 1289 r. behördl. cone. Bureau für Zeitungsberichte u. Personalnachrichten
424 1246 1537 1353 Wien, IX/1, Türkenstrasse 17.
637 1317 1318 1425 Filiale in Budapest: „Figyeló“ —
241 1386 1691 1515 Vertretungen in Berlin. Chicago, Genf, London, Newyork, Pario, Rom, Stockholm.
247 1451 1801 1620 Aussehnin aus: Ga totchae Agetergemte
247 1625 715 1773 vone ( 770
299 1799 1186 1894 Grrennng Macmase u ung.
577 1863 1588 1944 A Petöfi-Tarsasäg ülése. A Peloli-Tarsnsag
355 1917 1581 2015 vasärnap delelött tartotia e hönapi nyilvanos felolvasó
374 1999 1597 2107 ülését az Akadémia kistermében, Durtor- unjos elnök¬
366 2068 560 2132 lésével.
483 2106 1598 2193 Elsönek Prém Jözsef felolvasta nodern drdma
381 2190 1593 2267 cimü müvének egy részét. Eközben foglalkozott az ujabban
370 2261 1600 2322 feltünt Schnitsler Arturral, kinek müvei közül ismertette
369 2307 1601 2379 4 zöld Fakadt eimü groteszk jdték-ot, mely n Bastille
365 2366 1594 2439 bevétele estéjen a pärisi zendülést tünteti föl. Prém fordi¬
373 2424 1593 2490 täsa a Nemzeti Szinhäz szämürn készült. A közönség élen¬
375 2475 1709 2544 ken megtapsolta. Utäna Vörtesi Arnold olvasta fel Rud- kive
364 2552 1583 2625 bangine kulapja eimü humoros elbeszélését, amely ällandó
1581 2529 1691 2632 ar
370 2606 1711 2673 derültségben tartotta a nugyszämu hallgeatbsägot. Torkos fraus.
367 2669 1751 2756 Läszlé A vigass angyala cimü költeménvét szavalla e st des
1564 2718 1766 2798 es den
367 2725 572 2811 hatässal.
489 2777 1594 2861 Végül Jakab Odön olvasta fel 4 tüsolló-bdl eimü
372 2829 1752 2904 humoreszkjét, melyben egy rossz täncos keserveit irjn le ind die
1589 2896 1746 2945 rgen¬
380 2900 1749 2986 igen mulatsägosan. Rég nem hangzott az Akadémin fulnl zirung“)
380 2967 1754 3040 h#rôtt olyan kacagäs, mint amilvent cz a felolvasäs kelteft. ? Leben
347 2995 1760 3106 8 A kiväló irôt még nz ülés vegen is hosszan tupsoltn u Mlungen
319 3084 776 3167 kivonuló közönség.
475 3129 1573 3205 A felolvasó ülést zärt üles követte, melh# a türsa¬
372 3198 1590 3284 säg ältal rendezendö nagyszabäsu Förösmarky Innepséy
361 3265 1580 3345 rendezését beszélték meg. Az ünnepség megtartäsä, novem¬
372 3324 1577 3384 ber mäsodik vasärnapjära tervezik, valoszinüleg uz Aka¬
359 3399 1597 3455 démia disztermében. A müsor végleges megällapitäsn végett
374 3445 1595 3513 a rendezö bizottsäg: Bartok Lajos, Somló Sändor, Endrödy
358 3506 1601 3582 Sändor, Jakab Ogön, Szana Tamäs a jövö héten ertekez¬
363 3562 749 3638 letet fog tartani.
546 3609 1084 3695 —.
2413 213 2854 315 Telephon 12801.
2055 304 3212 394 Alex. Weigl’s Unternehmen für Zeitungs-Ausschnitte
2194 405 2965 524 „OBSERVER“
2067 516 3214 602 I. österr. behördl. conc. Bureau für Zeitungsberichte u. Personalnachrichten
2236 584 3057 655 Wien, I., Concordiaplatz 4.
2450 652 2845 719 Ventnerungen
2061 691 3218 768 in Berlin, Budapest, Chicage, Genf, London, Newyork, Paris,
2121 747 3153 815 Rom, Mailand, Stockholm, Kristiania, St. Petersburg.
2345 795 2953 876 (Quellenangabe ohne Gewähr.)
2059 917 3261 1020 Ausschnitt austrbeiter Zeitung. Wien
2056 1055 2578 1167 vom: -2 3 1004
2004 1262 3197 1402 2. Nun hat sich die Oefsentlichkeit mit einer neuen Affaire im
2028 1366 3209 1444 Burgtheater zu beschäftigen. Wie die Arbeiter= Zeitung schon gestern
2017 1414 3191 1481 berichtete, ist G. Hauptmanns „Rose Bernd“ vom¬
2026 1462 3178 1547 Nepertoire abgesetzt worden. Nicht etwa, weil die Einnahmen
2027 1502 3180 1588 schon so gesunken wären, obwohl, wie ich höre, meine Voraussage,
2018 1562 3174 1627 daß das Stück für die Wiener zu düster und ernst ist,
2021 1605 3186 1682 insofern eingetreten sein soll, als die letzten Vorstellungen schon
2026 1647 3189 1706 durchaus nicht mehr ausverkauft waren. Die Absetzung wäre aber
2022 1692 3181 1755 deswegen noch nicht erfolgt. Aber man erzählt sich, daß eine Dame
2015 1749 3169 1812 der hoben Aristokratie ihren Einfluß geltend gemacht haben soll.
2031 1786 3175 1872 Als vor einigen Jahren Schnitzlers prächtigem „Grünen
2539 1895 2734 1946 I S W
2017 1893 3170 1988 Kakadn“ dasselbe Schicksal widerfuhr, war man nicht sehr
2019 1959 3179 2047 Verstannt. Im Gegenteil: daß die Hofzensur das Stück überhaupt
2013 2034 3170 2097 durchließ, überraschte. Nun ist das Burotheater ein Hoftheater,
2020 2053 3173 2135 de5 Pringteigentum des Kaund##
2021 2107 3170 2192 dieses Theaters übernimmt, weiß, daß es für ihn gewisse Grenzen
2013 2142 3176 2237 gibt. Aber jeder, der auf seine eigene Würde hält, muß in diesem
2022 2190 3162 2281 Falle auch seinerseits feste Grenzen ziehen, innerhalb derer er
2015 2247 3179 2321 vollständig sonveren ist. Sonst ist er keinen Tag sozusagen
2006 2295 3166 2371 seines direktorialen Lebens sicher. Von irgend welchen
2016 2344 3172 2418 Lannen darf er sich nicht abhängig machen lassen.
2018 2375 3165 2475 Die Zeusur der Hofbehörde ist gerade genug. Daß
2000 2438 3179 2515 am Ende jede Aristokratin, die in ihrem Privat¬
2014 2479 3158 2559 leben vielleicht eine junge Gaus oder eine alte Schachtel
2014 2526 3171 2584 ohne Hirn und Herz ist, in diesen Dingen auch noch mitzureden
2004 2579 3162 2659 hat, das ist gegen die Würde und das Ansehen des leitenden
2016 2613 3164 2695 Mannes des Burgtheaters und gegen die Würde und das An¬
2016 2667 3159 2746 sehen dieser Anstalt selbst. Dann riskiert der Direkter bei ####rm
2008 2720 3160 2802 modernen Theaterstück von literarischem Wert einen ungehötigen
2012 2763 3163 2859 Einspruch. Die moderne literarische Produktion, soweit sie
1994 2811 3156 2877 künstlerisch beachte Zwert ist, beschäftigt sich mit ernsten Prohlemen.
1994 2847 3152 2930 Auch „Rose Bernd“ gehört zu den ernsten Produktionen.
1992 2913 3158 2975 Ich hin burchaus kein unb.dingter Bewunderer dieses Stückes,
1997 2948 3157 3004 wie die Leser der Arbeiter=Zeitung wissen, aber es ist die Arbeit
2000 2999 3158 3063 eines ernsten Mannes, eines echten Künstlers, eines modernen
1996 3037 3149 3106 Menschen. Wenn sich das Publikum einem solchen Stücke gegen¬
1996 3093 3156 3172 über absehnend verhält, so kann es natürlich nicht mit Gewalt
1995 3130 3164 3211 im Repertoire erhalten werden. Aber daß da die unreifen Ansichten¬
1990 3164 3144 3256 einer vielleicht intellektnell minderwertigen Person die Entscheidung
1998 3227 3155 3312 fällen sollen, das ist so empörend, daß es am Platze ist, wenn sich
1984 3263 2735 3352 die Entrüzung derüber lant Luft macht.
2096 3324 3138 3403 Hier hat der Direktor mit der vollen Wucht seiner Per¬
1992 3363 3151 3431 sönlichkeit einzusetzen. Das darf er sich nicht gefallen lassen. Tut
1990 3415 3150 3489 er es doch, so erleidet er eine solche Einbuße an seiner Autorität, daß
1981 3456 3150 3543 er sich nicht wundern darf, wenn man ihn bei jedem künftigen
1979 3512 3141 3591 Anlaß immer weniger als Direktor einer Hofanstalt und immer
1978 3549 3147 3629 mehr als Hofdomestiken zu behandeln versuchen wird. Dann ist
1979 3609 3152 3682 die Stelle eines Direktors des Burgtheaters nicht mehr der Platz
1987 3637 3141 3727 für einen selbstbewußten Mann, dann genügt für sie irgend ein
1978 3679 3134 3773 geschmeidiger Aesthet, der gerade die Geschmacksbedürfnisse einer
1977 3736 3146 3816 verfaulenden Gesellschaftsschichte versteht und außerdem geneigt
1974 3785 3135 3869 und bereit ist, seinen Buckel zu krümmen, wie man es oben
1972 3828 2169 3908 wünscht.
2625 3851 3098 3953 E. Pernerstorfer.
