3436 4256
285 185 1345 257 9. 3. Der druene Kakadu
527 242 1343 298 a K.   Kr In Ka den   e e eie eere te eeree
457 479 1493 557 Schnitzler hat sie außerordentlich gern. Sie spielte die
351 517 1500 605 Marquise im „Grünen Kakadu“ am 25. Oktober 1905. Gerad¬
350 586 1500 637 nach dem Manifest. Und die Behörden wollten das Theate:
352 617 1486 681 sperren, weil die Leute die Kraft spürten, die von diesen
350 654 1493 738 Werk ausgeht. Ihre nächste Arbeit ist „Zwischenspiel“. Ein
345 720 1495 784 prachtvoll feines Stück, mit dem subtilsten Dialog. Sie wun
353 753 1493 809 dert sich sehr, daß es bei uns so wenig gefallen hat. Ja
342 795 1482 853 Psychologiest eben eine Sprache, die nur wenige zu hörer
339 841 1482 917 fähig sind. die Galerie macht den „langweiligen Dialog“
346 872 1480 949 doraus und sie entscheidet den Erfolg. Frau Jaworskaja sagt
343 928 1478 987 Alle seine Bücher sind in die russische Sprache übersetzt, ic
342 971 1478 1030 liebe sie alle. Den Dichter kennt sie nicht, möchte ihn abe
334 1016 1474 1104 sehr gern kennen lernen (was ich hiemit an Arthur Schnitzle
340 1054 578 1116 weitergebe).
461 1101 1481 1175 Das „Fräulein Julie“ ist ihr eine liebe Rolle. Sie finde
334 1130 1479 1218 den sozialen Gedanken im Stück stärker als den sexuellen. Der auf
333 1186 1476 1266 strebende soziale Krafttypus und das verfllende, dekadente Ge
334 1238 1468 1309 schlecht. „Was wollen sie, wozu sind sie fähig; zu nichts!“
322 1277 1476 1348 sagt der Leiblakei Jean dem adeligen Fräulein Julie. Da¬
327 1325 1469 1388 scheint ihr der stärkste Ausdruck, der letzte Wille des Dichter¬
327 1371 1478 1441 zu sein. In Wien war Frau Jaworskaja einmal als gan
333 1417 1476 1473 kleines Mädchen. Sie liebt Wien. Sagt es in einem gan
321 1466 1464 1502 ehrlichen Ton. Sie weiß ja nichts von der Stadt, ist ein¬
327 1495 1464 1577 zweimal durchgegangen durch alte Straßen, war in de
336 1546 1244 1613 Stephanskirche und findet sie sehr, sehr schön ...
1312 1561 1425 1625 ——
436 1614 1470 1700 (Einbrecher.) Am 1. d. nachmittags wurde bein
324 1670 1460 1752 Trödler Josef Wessely, Landstruße, Seidlgasse 34, ein
315 1732 1465 1801 Hlastafel der auf die Gasse führenden Türe eingedrückt. De¬
320 1776 1462 1852 Täter stahl durch die Oeffnung Uhren, Ketten, Ringe und einig
316 1819 1464 1895 Armbänder im Werte von 1500 Kronen. Den Dieb sah ein
314 1867 1455 1945 gegenüber etablierte Kaufmannsfrau. Sie bemerkte, wie de
320 1902 1458 1993 Mann durch die Glastüre des. Geschäftes, in dem zur Zeit zu
325 1954 1471 2042 ällig niemand anwesend war, herausstieg und gegen die nah
324 2017 1462 2092 Hauptstraße ruhig weiterging. Die Frau verständigte sofor
316 2072 1460 2131 einen Sicherheitswachmann. Er verfolgte den Gauner, konnt
323 2110 1452 2187 hn sedoch nicht mehr festnehmen, da der Strolch alsbald die
315 2163 1459 2235 Flucht mit größter Eile fortsetzte. Die Frau beschreibt den Tiel
303 2223 1450 2288 als etwa 32jähriger Mann von kleiner Statur mit gekrümmten
304 2252 1455 2328 Rücken, brünettem Gesicht und kleinem Schnurrbart. — An
305 2317 1457 2386 19. v. M. wurde die Werkstätie des Jederkleidermachers Emi
304 2352 1446 2429 Makowsky, Landstraße, Baumanngasse 9, erbrochen. Ge
303 2400 1451 2474 sohlen wurden Lederkleider im Werte von 800 Kronen. Gesterr
308 2440 1455 2528 st nun der wegen Diebstahls wiederholt abgestrafte 29jährigt
301 2504 1447 2565 Fleischeauergehilfe Josef Hedl als Täter verhaltet und dem
307 2544 924 2629 Landesgericht eingeliefert worden.
578 2670 1173 2766 K. k. priv. Südbahn=Gesellschaft.
293 2729 1442 2819 Sistierung der Annahme und Weiterbeförde¬
298 2791 1455 2849 nung der nach Triest (Südbahn), Triest (k. k. Staats¬
292 2838 1452 2895 bahn, Freihafen, Bahnmagazin) und Triest (Süd¬
297 2879 1451 2937 bahn, Freihafen, Bahnmagazin) bestimmten Fracht¬
783 2930 966 2987 güter.
401 2969 1451 3052 Die Direktion der Südbahn gibt im Nachhange zu der
287 3002 1452 3075 in den Tagesblättern vom 27. Februar l. J. enthaltenen Ver¬
289 3058 1448 3137 lautbarung bekannt, daß infolge der eingetretenen Ueberfülluna
289 3108 1437 3170 der Station Triest und den Vorstationen auch die nach Triest
297 3145 1446 3206 (Südbahn), Triest (k. k. Staatsbahn, Freihafen, Bahnmagazin)
285 3196 1435 3260 und Triest (Südbahn, Freihafen, Bahnmagazin) aufgenommenen,
298 3234 1451 3294 bereits unterweos befindlichen Frachtgüter angehalten und den
298 3273 1220 3349 Absendern zur Verfügung gestellt werden müssen.
286 3350 1444 3451 Sistierung der Güterübernahme seitens der k. k. Lager¬
305 3416 1424 3492 häuser in Triest infolge Streiks der Hafenarbeiter.
409 3471 1437 3549 Die Direktion der Südbahn gibt im Nachhange zu den
294 3505 1436 3587 in den Tagesblättern vom 27. Februar und den Abendblättern
288 3560 1448 3632 vom 1. März l. J. enthaltenen Verlautbarungen bekannt, daß
292 3604 1434 3657 die k. k. Lagerhäuser in Trieft wegen Ausstandes der Hafen¬
295 3653 1431 3732 arbeiter die Uebernahme der Güter für Triest Freihafen ein¬
292 3686 566 3750 gestellt haben.
409 3727 1432 3806 Es können daher bis auf Widerruf Frachtgüter auch
285 3779 1436 3847 nach Triest Freihafen (k. k. Staatsbahn) und Triest Freihafen
288 3828 1430 3895 (Südbahn) nur nach Maßgabe der im § 55 des Betriebs¬
292 3866 1398 3926 reglements enthaltenen Beschränkungen angenommen werden.
410 3908 1424 3983 Bereits aufgenommene und unterwegs befindliche Fracht¬
289 3954 1443 4026 güter werden angehalten und den Versendern zur Verfügung
287 3995 442 4059 gestellt.
502 4110 1226 4192 Auswärtige Börsen.
1498 188 1916 287 box 15/4
2132 491 2994 558 interessieren, wiepiele Arzte sich, von dem ver¬
2125 528 2987 607 lockenden Angebot nervös gereizt, um die linke
2137 574 2391 628 Gesichtshälfte,
2122 585 2997 693 worbe #### brillanten Patienten be¬
2132 660 3027 752 Der grüne Kätäbl.  W
2201 734 2985 821 Die Komödie, die da erzählt werden soll,
2128 777 2989 851 ist nicht von Schnitzl##Es ist ein Einakter
2123 807 2997 895 aus der Gegenwart. Personen: Ein älteres
2126 860 2989 923 Ehepaar und ein Tierhändler. Das Ehepaar
2131 897 2994 977 hat eben seine jüngere Tochter verheiratet,
2126 925 2984 1000 die Mama fühlt sich also unsagbar verein¬
2126 969 2974 1043 samt. Sie sagt es also ihrem Mann. Der, ein
2118 1013 2983 1090 Gatte noch aus der alten Schule, das heißt,
2122 1058 2986 1133 aufrichtig besorgt, seiner geliebten teuren
2120 1090 2980 1161 Lebensgefährtin könnte ein Leid geschehen,
2123 1134 2971 1206 sinnt bang nach, wodurch er der Schwermüti¬
2118 1177 2973 1242 gen über das schier unerträgliche Unglück, die
2109 1225 2970 1282 letzte Tochter unter die Haube gebracht zu
2114 1255 2973 1313 haben, hinüberhelfen könnte, was ihr das
2122 1287 2980 1349 Lieblingskind zu ersetzen vermöchte. Etwas
2113 1329 2974 1407 Lebendiges müßte es sein, seufzte die Unglück¬
2113 1372 2965 1451 liche, es müßte — ein Vogel oder ein Hund
2116 1401 2978 1486 sein! Vielleicht einen Kanari? schlug der
2109 1447 2973 1525 Mann vor. Etwas Größeres! stöhne die Frau.
2115 1489 2967 1560 Also einen Kakadu? Einen Kakadu! Schnur¬
2112 1530 2972 1601 stracks stürzt der Gemahl in die Tierhand¬
2111 1565 2963 1628 lung. Ein grüner Kakadu, erklärt der
2098 1606 2970 1684 Händler, kostet ietzt 24.000 Kronen. Der zärt¬
2097 1660 2969 1705 liche Gatte erschrak. Das war zu viel, Es
2099 1688 2959 1760 musse nicht gerade ein grüner Kakadu sein,
2098 1715 2962 1794 Tenkte er ein, jede andere Farbe tue es auch.
2102 1754 2956 1835 Ein bunter Kakadu, erklärte der Tierhändler,
2103 1802 2965 1873 kostet 30.000 Kronen. Und was kostet ein
2100 1852 2962 1916 Hund? fragt der bereits weidlich weniger be¬
2095 1871 2962 1945 sorgte Ehemann. Ah, ein Hund sei schon viel
2106 1925 2963 2003 billiger, erklärt der Tierhandler. Was schon
2107 1962 2962 2024 halbwegs ein Hund ist, kostet nur acht= bis
2099 2006 2964 2074 zehntausend Kronen. Da rannte jemand aus
2099 2042 2957 2114 dem Laden. Es war der besorgte Gatte. Auch
2098 2082 2958 2156 der Hund war ihm zu teuer. Und er dachte
2093 2112 2959 2195 lieber noch einmal nach. Man könnte ja die
2094 2154 2946 2229 unglückliche Mutter mit sanften Worten be¬
2096 2201 2956 2277 ruhigen und trösten. Wenn's aber gar nicht
2092 2251 2944 2312 anders ging, wollte er, da ein Kakadu und
2094 2280 2937 2349 ein Hund eben einsach unerschwinglichalles
2099 2319 2952 2414 tun, was in seinen Kraften stand, seiner Frau
2090 2363 2696 2431 wieder eine Tochter zu scheuken.
2056 2550 2806 2639 Aaerorgtelmachung erlaßen.
2812 2613 2882 2674 R
1993 2673 2891 2789 Arkur Schnitzler und die Gegen¬
1813 2756 2022 2879 7778
2013 2792 2807 2910 2 Tevolution.
2372 2859 2802 2926 Paris, Eiffel, 15. Mä
2044 2892 2557 2979 Einzelne Pariser Blätte
1786 2903 2528 3025 (31) tellung gebracht, daß neben
1916 3015 2480 3084 witz ein Schriftsteller N
1989 3056 2514 3122 an der Spitze der deutschrec
1994 3100 2481 3168 stehe. Die „Liberté“ erkläu
1984 3159 2518 3219 um Artur Schnitzle
1984 3203 2551 3260 dessen Stück „Der grüne Kakt
1994 3251 2575 3314 Antoine her in bester Erinn
2089 3301 2603 3362 ence Radio“ veröffentlichte
2088 3339 2643 3414 terview mit Antoine,
2097 3392 2693 3463 Schnitzlers literarische Bedeut
2066 3444 2791 3512 indlch aussprach und über seine politi
2054 3497 2910 3557 ziehungen nichts zu wissen erklärte, aber nach
1974 3545 2879 3601 der „Agence Radio“, doch hinzugefügt haben
1982 3586 3012 3661 soll, er halte es für durchaus nicht un= Su
1983 3638 2905 3692 wahrscheinlich, daß sich Schnitzler an
1972 3698 3024 3778 der Spitze der neuen revolutio= T
1980 3732 2610 3802 nären Bewegung befindet.
2054 3777 3000 3903 Die betreffenden Zeitungen halten #
1978 3820 2726 3909 Schnitzler offenbar für einen Berliner.
1947 3919 2880 4030 AanR-u
