3436 4256
920 162 1235 232 Kakadu
675 175 850 235 ruen
426 174 577 237 Der
181 168 1233 277 9. 3 ererte ee
1392 150 1812 237 box 15/2
2713 283 3098 372 Telephon 12.801.
2759 376 3052 464 Dir 1
2090 445 2869 552 — „OOSLIVER
2020 498 3101 620 1 österr. behördl.konz Unternehmen für Zeitungs-Ausschnitte
2162 569 3004 676 Wien, I., Concordiaplatz 4.
2358 650 2787 735 Vertretungen
2042 684 3116 797 in Berlin, Budapest, Chicago, Christiania, Genf, Kopen¬
2041 728 3112 837 hagen. London, Madrid, Mailand, Minneapolis, New-Vork,
2085 775 3073 880 Paris, Rom, San Francisco, Stockholm, St. Petersburg.
2383 828 2803 905 (Quellenangabe ehne Gewühr).
2637 859 2898 947 0040
2052 904 2415 986 Ausschnitt aus:
2638 950 3179 1087 Sala
2043 980 2564 1083 7 2
2194 1173 3007 1245 Pigreine arnstiee a Noma
2145 1260 3031 1335 La crigi della“ Società teatrale Interna¬
2184 1327 3031 1398 ziongle Le vicende del“ Costanzi „
2204 1370 3027 1459 — kon di Scalea in hallo — Una no¬
2188 1427 3034 1521 vith aüstNaca—1I“ Pappagallo verde „
2189 1496 2497 1569 allAArgentina.
2620 1534 2677 1602 —
2754 1569 2999 1630 ROMA, 26.
2181 1597 3035 1670 La vita teatrale romana attraversa un
2150 1654 3031 1706 quorto d’ora interessante, almeno come crc¬
2148 1691 3026 1753 unca. Non sono tutte liete le vicendo dell’at¬
2141 1734 3035 1792 1 ale quarto d’ora artistico romano. Tutte
2150 1772 2818 1828 meritano peró di essere riferlte.
2177 1789 3023 1865 Reclamano anzitutto l’attenzione del pub¬
2154 1853 3027 1904 blico di tutta Italia, le vicissitudini che la
2149 1893 3030 1938 Societd teatrale internazionale incontra spe¬
2145 1926 3035 1997 cialmente nella gestione del Teatro Costanzt:
2146 1971 2931 2026 teatro di cui la Società & proprietaria.
2187 2017 3021 2060 Le vicende non liete sono incominciate col¬
2154 2049 3027 2104 le note dimissioni del direttore del Costan¬
2144 2088 3027 2143 31, maestro Giacomo Orafice, inseguito a dis¬
2145 2129 3034 2180 sensi di natura artistica, col consiglio di
2145 2165 3042 2216 amministrazione. A ció si è riparato sosti¬
2143 2206 3034 2250 ituendo al maestro Orefice, Adolfo Montuoro
2170 2244 3031 2285 — simpaticamente noto fino a pochi anni
2148 2282 3028 2333 jor sono nel giornalismo napoletano, ed ora
2153 2321 2647 2374 direttore del San Carlo.
2187 2351 3039 2402 In seguito é avvenuta una piccold crisi nel
2148 2401 3034 2453 Consiglio di amministrazione della Stin (So¬
2158 2446 3024 2488 cietà teatrale internazionale). Si sono di¬
2150 2476 3028 2519 Imessi il vice presidente del Consiglio di am¬
2155 2515 3036 2558 Iministrazione Juan Bortini e due altri con¬
2149 2554 3027 2619 siglieri rappresentamti il capitale italiano.
2155 2598 3027 2648 In seguito a queste dimissioni, venne nomi¬
2151 2641 3041 2688 nato consigliere amministratore della Stin,
2144 2670 3025 2726 Ton. Pietro Lanza di Scalea. Ma sembra che
2146 2714 3035 2763 Jegli non sia disposto ad accettare. Comun¬
2160 2753 3035 2797 que, la gestione del Costanzi riprenderà pre¬
2154 2791 3033 2840 sto il suo andamento normale. La stagione
2151 2827 3029 2866 che si é magnificamente iniziata colla Wal¬
2150 2864 3040 2912 kirid magistralmente diretta dal maestro
2152 2900 3042 2958 Balling del teatro di Bayreuth, proseguirà
2156 2951 3037 2994 ora colla Butterfly posta in scena dallo stes¬
2153 2976 3027 3029 so Puccinie con Salomea Kruceniskya pro¬
2160 3024 3041 3070 tagonista. Gli abbonati del Costanzi si riuni¬
2155 3053 3028 3116 scono oggi per protestare contro l’andamen¬
2163 3095 3028 3144 to della stagione, di cui si parlerà anche in
2156 3137 3039 3184 Consiglio Comurade, poiche due consiglieri
2205 3176 3037 3221 tra i quali il socialista Podrecca critico
2167 3226 3032 3264 d’arte dell’dvanti! — hanno presentato in¬
2167 3256 3028 3309 terrogazioni al sindaco, trattandosi di una
2157 3293 3034 3339 istituzione sovvenzionata dal Comune. Ma
2163 3326 3040 3399 anche questa tempesta finirà in un bicchier
2157 3376 2347 3435 d’acqua.
2245 3386 3036 3459 Al Teatro Argentina la compagnia Sta¬
2157 3439 3030 3507 bile della città di Roma, ha — con mediocre
2166 3492 3028 3538 successo — rappresentata per la prima vol¬
2157 3520 3028 3578 ta in Italia, il dramma in un atto del notis¬
2167 3575 2992 3610 simo scrittere viennese Arturo Schnitzler.
2199 3602 3021 3657 II pubblico romano si é mostrato ingiu¬
2164 3646 3030 3689 stamente severo verso questo originale lavo¬
2157 3675 3028 3725 ro drammatico che ebbe recentemente un
2161 3714 3038 3782 grande successo in Austria ed al Teatro An¬
2161 3764 2481 3817 toine a Parigi.
2196 3808 3027 3846 II dramma si svolge appunto a Pärigi, al¬
2163 3838 3045 3901 T’epoca della rivoluzione francese, la sera
2157 3878 2690 3926 della presa delia Bastiglia.
2188 3904 3046 3962 II Pappagallo verde é l’insegna di uma o¬
2161 3953 3024 4007 riginale osteria esercita da Prospero un ex¬
2164 3990 2550 4045 direttore di teatro.
2183 4015 3030 4077 Il furbo oste, ha convertito il suo antro
2152 4060 3028 4124 nel ritrovo della migliore società parigina,
