3484 4480
1680 105 2653 157 den Professor mit gemüthvollster Resignation.
1679 148 2662 222 Man fühlte mit ihm jede Seelenregung, jedes
1682 196 2663 256 stille, unausgesprochene Empfinden. Neben ihm
1688 245 2664 309 wirkten noch Frl. Gigl als Olga und Herr
1682 287 2653 351 [Flemming als Assistent sehr verdienstvoll.
1671 345 2661 421 Die ruhige, aber intensive Theilnahme Olgas
1681 384 2649 443 wurde durch Frl. Gigl überaus fein und ge¬
1678 439 2649 497 schickt, mimisch sogar sehr schön ausgedrückt.
1664 483 2649 559 Wenn sie nur auch darauf achten wollte, zu
1672 540 2657 612 Beginn der Conversation lauter und accen¬
1673 569 2648 666 tuirter zu sprechen. Das ist um so nothwendi¬
1684 640 2664 710 ger, als zumeist die später ins Theater Kom¬
1688 682 2659 733 menden einen rücksichtslosen Lärm vern#sachen,
1671 722 2664 814 der es unmöglich macht, leiser geführte Evn
1673 769 2646 847 versationen zu hören. Die Darsteller fande“
1673 836 2636 908 seitens des Publikums rauschenden Beifal
1663 875 2654 962 insbesondere Herr Lübau als Beneficiant wur
1653 916 2165 1015 de mehrmals gerufen.
1762 972 2652 1057 Das zweite Stück „Paracelsus“ spiel
1065 1002 1358 1094 Theater.
1687 1037 2648 1089 im sechzehnten Jahrhundert. Sein Held is
1689 1081 2647 1144 der berühmte Charlatan Teophrastus Bomba
694 1073 1607 1184 Die Gefährtin. — Paracelsus.
1679 1137 2657 1203 stus Paracelsus, der nach langer Abwesenhei
678 1139 1474 1228 1ot Der grüne Kakadn.
1682 1189 2650 1245 in seine Vaterstadt Basel heimkehrt, wo seine
692 1209 1501 1320 0 Von Arthur Schnitzler.
1690 1234 2661 1311 Jugendgeliebte den reichen, ehrsamen Wassen¬
1674 1275 2648 1351 schmied Cyprian geheiratet, der ihn als
790 1266 1664 1355 Der erfolgreichste Dichter Jung=Wiens
1684 1330 2647 1385 Schwindler verachten zu dürfen glaubt. Der
1158 1328 1661 1403 kam gestern auf unse¬
1683 1364 2661 1451 dadurch gereizte Paracelsus rächt sich, indem er
693 1353 1681 1452 bgenannten drei Einac¬
1673 1419 2655 1490 Frau Justina hypnotisirt und ihr suggerirt,
700 1433 1676 1494 tern zu Wort, von denen das erste die tiefste
697 1480 2655 1540 und bedeutendste Wirkung übte. Es ist auch sie habe sich mit einem Junker, der ihr hofirt,
700 1529 2658 1596 literarisch das bedeutendste, ein modernes Ge¬ vergangen. Ertoacht will sie den vermeintlichen
1680 1577 2663 1630 Fehliritt eingestehen und bringt damit den
708 1591 1674 1656 sellschaftsbild, während uns der Dichter mit
700 1629 2651 1695 den beiden anderen in vergangene Jahrhun= protzi; sicheren Cyprian aus seiner Ruhe, bis
695 1685 2656 1750 derte zurückversetzt. Allen drei Einactern ge= Paracelsus, der selbst irre wird und nicht weiß,
703 1724 2664 1795 meinsam ist es, daß sie uns in ein Halbdun= obs Suggestion oder Wirklichkeit, sie wieder
693 1784 2654 1838 kel drängen, in die Welt der Träume, in eine einschläfert und Justina dann gestehen läßt,
684 1830 2652 1890 feingestimmte Dämmerung der Gefühle. Sie daß sie eine brave Gattin sei, der der Gatte
1676 1858 2664 1938 vertrauen Pnne, wohlgemerkt, wenn er sie
693 1885 1666 1936 wecken Stimmungen, verschmihen es aber Lö¬
1680 1922 2665 1991 hüte. Das in schönen Versen geschriebene
700 1925 1673 2001 sungen, Befriedigung zu bringen; sie regen
1677 1952 2660 2030 Stück mit der in aller Unschuld sich schuldig
693 1985 1666 2050 Fragen an, ohne die Lösung zu finden, und
1680 2020 2655 2088 Fühlenden übt großen Reiz und brachte den
703 2036 1669 2111 im „Paracelsus“, läßt dieß der Dichter selbst
1676 2059 2647 2130 Hauptdarstellern, den Herren Lübau (Para¬
699 2085 1677 2137 verkünden, indem er dem Helden das Wort
1677 2117 2633 2176 celsus), Orell (Cyprian) und Frl. Gigl
701 2123 1132 2199 in den Mund legt
1679 2171 2647 2232 (Justina), sowie den übrigen Mitwirkenden,
740 2169 1667 2246 „Es fließen ineinander Traum und Wachen,
1676 2199 2654 2284 Frl. Just und den Herren Edgar (Stadt¬
742 2240 1669 2303 Wahrheit und Lüge, Sicherheit ist nirgends.
1668 2264 2658 2342 arzt) und Berg (Junker Adelmus) stürmi¬
740 2273 1668 2366 Wir wissen nichts von Andern, nichts von
1671 2313 2554 2381 schen Beisall. Besonders wirksam spielten
1329 2337 1479 2408 uns,
1674 2340 2652 2437 drei Erstgenannten, von denen Herr Orell dem
730 2378 1654 2457 Wir spielen immer, wer es weiß, ist klug.“
1675 2401 2402 2482 Cyprian prächtige Gestaltung gab.
696 2430 1667 2496 Die Hörer folgten mit Interesse dem Dichter,
1752 2447 2647 2534 „Der grüne Kakadu“ ist der Name
693 2482 1661 2559 der ihnen zum Schlusse die warme Befriedi¬
1669 2484 2637 2573 einer Pariser Spelunke, in welcher zur Zeit
695 2530 1661 2598 gung versagt. Dem meisten Verständnisse be¬
1674 2556 2652 2627 der großen Revolution gerne hochgeborene
687 2585 1664 2642 gegnete „Die Gefährtin", literarisch ein kleines
1673 2606 2638 2667 Herren und Damen verkehrten, und sich von
687 2636 1668 2709 Meisterwerk, das eine Fülle tiefgreifender
1660 2654 2635 2733 ehemaligen Schauspielern, die Schrecken ver¬
686 2681 1671 2742 Stimmungen des Seelenlebens in knappster
1665 2685 2648 2775 breiten wollen und deshalb als Verbrecher po¬
693 2736 2652 2796 und wirksamster Form birgt. Professor Robert firen, den Kitzel des Gruselns verschaffen wol¬
682 2788 1674 2862 Pilgram hat eben seine Frau verloren. Die
1657 2802 2642 2863 len. Der bedeutendste der Commödianten ist
682 2852 2636 2927 Trauergäste scheiden, nicht ohne Verwunderung Heury, der die lüderliche Schauspielerin Léo¬
679 2878 2645 2970 über seine Ruhe. Die intimste Freundin der kadie heiratet und nun zum rasenden Othello
680 2929 2643 3040 Todten bittet ihn um die Ausfolgung eines wird. Er will mit ihr aufs Land. Er ist zum
692 2995 2638 3056 Packets von Briefen, die ihre eigenen intimsten letzten Male in der Schänke, wo ganz wie im
688 3040 1658 3101 Geheimnisse behandeln. Der Professor weiß so¬
1664 3050 2632 3111 „Bajazzo“ Leoncovallos aus dem vorgsetäusch¬
681 3084 1651 3145 fort, daß sie ihm eine Liebesaffaire der Ver¬
1670 3104 2645 3176 ten Eifersuchtsdrama das Licht der Wirklichkeit
677 3133 1660 3198 storbenen verheimlichen will, die er kennt und
1673 3149 2644 3218 aufblitzt und Henry den eben eintretenden
689 3186 1667 3242 still mit angesehen. Er weiß, daß sie die Ge¬
1660 3200 2640 3274 Liebhaber Leokadies, den Herzog von Cadig¬
693 3237 1652 3300 liebte seines Assistenten Dr. Hausmann gewe¬
1664 3239 2627 3314 nan tödtet. Der Athem der Fäulniß, in wel¬
678 3292 2641 3345 sen. Er ist alt, sie war jung. Die Natur führ= cher sich die französische Gesellschaft jener Zeit
688 3339 2639 3390 te sie in die Arme des jungen Assistenten. bewegte, weht uns aus dem Stücke entgegen,
684 3386 2638 3464 Pilgram hat verstanden und verziehen. Da das starke Erregung hervorruft. Auf oserer
675 3434 2633 3501 tritt der vom Tode verständigte Assistent ein, Bühne fehlie dem Stücke leider das gerundete
682 3487 2638 3560 der nicht früher kommen konnte. Er will, daß Zusammenspiel und der rasche Puls. Dagegen
671 3528 2564 3591 der Professor mit ihm fortziehe „zu uns“ wie bot die Aufführung gute Einzelleistungen,
680 3588 2641 3658 er sagt. Hausmann erzählt auf die Frage des insbesondere den Henry des Herrn Rübsam,
672 3632 2642 3723 Professors, daß er sich verlobt habe, schon seit der das Spiel im Spiele deutlich markirte und
