3436 4256
2813 109 3214 178 dl abbonmento 1. 81.35
2609 231 3388 296 Inviare la richiesta alla Lisnekia DrLLo Sraro - Romz
2561 360 3252 445 hictao Cortte pritterpate—Geta
2557 425 3251 490 loro essenza; ma se dimentica
2562 480 3245 552 o trascura gli attori, se non
2553 527 3247 603 trova cioc il punto Juminoso
2565 588 3243 667 glusto adeguato alla loro reci¬
2563 639 3248 697 tazione, se, in poche parole,
2566 690 3255 768 trascura l’attore per la scena,
2564 753 3260 822 egli si fa un esame di coscien¬
2568 817 3256 873 za e poi onestamente si mette
2563 853 2969 926 a coltivar patate.
2645 909 3250 978 II pubblico vuol vedere
2562 957 3257 1037 l’attore; deve vedere la sua ma¬
2557 1029 3260 1091 schera anche per poter capire
2560 1073 3265 1144 tutto quello che dice con la
2557 1124 3254 1199 bocca o con oli occhi o con al¬
2568 1170 3252 1252 tri mezzi'della sua espressione
2563 1232 3264 1293 scenica. Le atmosfere colorate,
2561 1291 3251 1363 necessarie per rcagire al vec¬
2566 1338 3254 1402 chio illuminismo, hanno svol¬
2560 1397 3254 1457 to la loro missione, c ora il re¬
2558 1447 3256 1528 gista le ha mandate a casa per
2576 1503 3043 1578 riduzione di quadri.
2641 1611 3257 1684 Richiestami dalle Autorità
2564 1688 3263 1751 superiori nella mia qualitä di
1040 1700 2100 1778 Bozzetto di Abbatccola per Sansone incutenato di L. Andreiew.
2563 1722 3250 1804 Segretario Nazionale del Sin¬
2571 1786 3258 1857 dacato Registi e Scenotecnici
1947 1836 3268 1897 una definizionc per ognuna delle categorie degli iscritti al
589 1823 1903 1901 crede di doverlo raggiungere sulla scena con determinati
1951 1899 3059 1954 Sindacato, ho creduto opportuno spiegarmi cosi:
600 1893 1912 1968 mezzi, non si farà mai fuorviare da consigli altrui, ripeto
2030 1944 3244 2001 E Regista drammatico chi ha la responsabilità totale del¬
590 1948 1904 2012 anche se sono ottimi, ma contrastanti col suo modo di sen¬
1939 2003 3248 2057 l'allestimento dello spettacolo e della recitazione degli attori.
603 2007 1898 2066 tirc. II regista, nel calore del suo lavoro, pud anche non ac¬
2034 2059 3249 2111 E Regista lirico chi ha la responsabilità del complesso
595 2067 1907 2131 corgersi del pericolo che lo minaccia, c accettare un consi¬
1955 2115 2640 2185 scenico dello spettacolo lirico.
595 2127 1916 2180 glio. Gli sarà sempre fatale. lo, collaborando talvolta con
2031 2161 3258 2232 E. Scenotecnico chi & preposto alla realizzazione techica
595 2176 1910 2227 registi celebri, anche se riconobbi un crrore manifesto a me
1954 2229 3263 2281 delle scenografic c a tutti quegli altri problemi della tecnica
596 2223 1918 2286 ca tutti i presenti, non insistei mai per farlo rilevare al
1971 2268 3184 2333 tcatrale che non si sovrappongono all’opera del regista.
595 2284 1896 2338 maestro, né permisi che altri lo facesse rilevare. Guai a tur¬
2032 2322 3268 2402 E Scenograjo chi crea bozzetti e rcalizza le scene anche
605 2331 1907 2398 barc un'armonia creata, anche se a crcarla ha concorso un
1949 2379 2396 2449 sui bozzetti altrui.
598 2384 1901 2438 errore. Una intonazione cambiata & talvolta come un pun¬
615 2439 1480 2497 tello tolto, c’é pericolo che tutto frani.
2032 2421 3058 2501 E Bozzettista chi crca esclusivamente bozzetti.
2034 2497 3258 2563 E Figurimista chi crea figurini per costumi e ne cura
679 2497 1899 2558 Non accettare consigli non esclude che il regista li chie¬
1960 2551 2735 2603 eventualmente anche l’esccuzione.
604 2552 1901 2610 da c li segua. Puo aver dei dubbi, ne avrà certo, sempre c
2034 2582 3250 2652 E Illuminista chi apporta un contributo artistico alla tec¬
605 2594 1907 2662 tremendi; e allora si rivolge a chi gli ispira fiducia. Ma
1950 2647 2975 2714 nica delle luci sccondo le direttive della regia.
598 2646 1909 2730 non dimostra mai i suoi dubbi, per evitare che si levi il coro
2037 2695 3260 2760 E infine Aluto Regista chi coadiuva il regista nelle sue
605 2707 1001 2778 delle cornacchie.
1959 2761 3256 2819 funzioni, c risponde della sua prestazione artistica solo a lui.
2041 2810 3266 2877 Vi sono poi le definizioni per la regia cincmatografica;
658 2806 1908 2888 Di pari passo con la recitazione proseguono le prove del¬
1951 2863 3251 2920 ma ci porterebbero lontano, fuor del seminato del Teatro.
611 2867 1913 2934 la preparazione scenotechica, che talvolta suggerisce mira¬
2042 2919 3245 2980 Una cosa certamente & comune a tutti i registi, questa:
609 2938 1908 2992 bili trovate al regista. Ma, anche qui, egli sta in guardia
2023 2968 3263 3047 Puó esserc chiamato regista soltanto chi fa della regia
606 3000 1917 3047 per non farsi fuorviare, per non cedere il passo al sopra¬
1960 3034 3266 3098 la sua esclusiva attività ene ritrac i mezzi di sostentamento.
609 3045 1903 3097 colore, a tutto danno della pocsia. Se l’opera & lieve c in¬
2047 3092 3256 3156 Oggi che si crea una Scuola di Regia, bisogna che i gio¬
609 3101 1912 3163 consistente ma spigliata c graziosa, il regista si lascia in ge¬
1955 3137 3259 3206 vani non si trovino poi tra i piedi gli improvvisati o gli im¬
603 3158 1907 3210 nere trascinare dalla pirotecnica, c ha ragione; ma la vera
1965 3196 3272 3260 provvisatori, o che almeno questi signori sieno definiti in
602 3199 1904 3264 trovata scenotecnica che si addice all’opera d’arte, deve es¬
1964 3255 3095 3329 un modo diverso, anche perché il pubblico sappia.
614 3249 1915 3323 sere necessariamente geniale. Se non lo é, il regista ha tanto
610 3304 1914 3368 buon senso da metterla in serbo per una migliore occasione.
2040 3330 3269 3424 Vorrei terminare questa mia rassegna sull'attività della
694 3370 1900 3424 Naturalmente sui palcoscenici italiani, ancora tanto po¬
1950 3403 3177 3465 regia con duc affermazioni che non temono smentita:
609 3418 1915 3488 veri di mezzi tecnici, la trovata pud anche essere annul¬
2046 3455 3263 3518 1) II regista alle prove é screno, paziente c benc educa¬
610 3462 1912 3527 lata dal deficiente macchinismo. Peggio pel regista. La
1953 3505 3264 3572 to; é passata la moda dei dircttori villani e strilloni. Ormai
603 3526 1917 3590 colpa é c deve essere sempre sua, unicamente sua; egli lo
1962 3577 3089 3630 tutti sanno che in arte chi strilla ha sempre torto.
607 3576 1921 3649 sa perfettamente c non protesta mai contro la critica o il
2041 3621 3266 3705 2) II regista non fa mai la corte alle suc attrici. Non &
609 3623 1907 3694 pubblico, specialmente sc ha ragione. I panmi sporchi si la¬
1953 3689 3254 3736 escluso che, in via cccczionale, ne possa amare qualcuna.
607 3693 1919 3747 vano in famiglia. In quanto all’illuminazione, o illumini¬
1951 3730 3257 3803 Ma non le fa mai la corte, perché altrimenti alla sua figura
611 3735 1912 3799 stica che dir si voglia, il problema & sempre lo stesso: la
1953 3777 3264 3844 (li regista si sovrappone imperiosa una figura di cretino.
623 3793 1908 3858 recitazione. Pud sembrare un paradosso, ma & proprio cosi:
2868 3849 3289 3929 GUIDO SALVINT
