3436 4256
785 552 876 618 Für
780 802 886 859 Ab
796 842 891 911 Abo
899 132 1584 193 um deren Liebe der Junke: Ause
1806 135 1918 190 ranf
1961 136 2073 193 wirht,
1671 177 1919 233 (Frl. Horbe¬
1493 174 1637 233 Cäcilig
896 161 1493 239 wähtens Chprtans Schwester
886 223 2086 280 Junker liebt. Dei Stadtarzt Dokior Capus repräsentrt den
892 260 2098 326 Brotneid und die zunftige Wissenschaft, Her¬ Thimig thal
861 313 2103 370 nicht gut baran, aus der Pharaktertiger eine Possenfigur
897 352 2092 399 machen zu wollen, mnsoceniger als ###ch#n schlecht gelang.
892 397 2104 463 Para#eisus ist Gast im Hause Am#iand, hernottrt Jusira
900 432 1519 495 und #####.#e ihr. Gedanken soge
1560 433 2111 502 ## batte deg Junkers heißes
896 478 1825 533 Liebeswerben zwar abgesehnt, hangt tom aber
1828 482 2095 542 in Gd##ken
892 529 1794 579 nach und spricht von einer L#ebesszene, die #
1791 517 2180 592 sich ausgedacht sire
898 565 1669 625 hatte, als etwus Wirklichem, hält
1795 572 2151 643 für schuldig, no.
2065 614 2166 650 lbar
1203 610 1346 673 sein.
898 614 1130 668 ohne 66
1366 608 2207 674 Vergeblich betheuert der „sunfel oraus
902 626 1655 723 ihre Unschuld Der Gatte gleub¬
1780 658 2020 719 betrogen
1655 659 1780 723 sich
1040 694 1412 760 n Jammer, der
1413 689 2151 770 selbst den etwas dedolischeng
907 744 2253 795 Paracelsus rührt, so daß ei Justina aufs Neue einschläfert es den
896 796 2137 851 und sie nur Wahree sagen löh: Nun nsahl wi ne hars 1.
897 831 2080 889 Habenheim je sehr geliebt, daß die ihm nichts verweigert hätte,
896 881 2068 941 wenn er zu ihr gekommen wäre und sie berge ein ungestilli¬
894 905 2029 968 Liebessehnen, vor dessen Befriedigung ihe Gatte, dem die
898 962 2101 1020 die Treue wahren wolle, sie schützen mäge Und das will er
894 1007 2095 1067 fortan, der nun einsieht, wie wenig er seine Frau gekannt hal.
895 1043 2108 1096 Nebenher erfahren wir auch, daß Gscilie den Junker liebt,
884 1096 2107 1153 was wir längst gemerkt haben. Ein Verschwimmen von Schein
890 1139 2090 1197 und Wirklichkeit, von Spiel und Wahrheit zieht sich durch das
886 1182 2111 1238 Ganze, ohne einen bestimntten Eindruck zu hinterlossen. Gespielt
890 1223 2113 1301 wurde sehr gut, besonders von dem Träger der Titelrolle und
879 1265 1167 1332 Fr. Schran.
987 1307 2106 1378 Das Schauspiel „Die Geföhrtin“ spielt in einer
888 1367 2114 1419 Sommerfriche, unmert den Itien Pretessen Hehgum (Herr
1526 1397 2110 1459 berraden. Der Haustteund,
875 1439 2106 1500 Doktor Hausmann (Heri Zeska), ist Abends, von Scheve¬
890 1489 2096 1533 ningen kommend, erwartel. Die Freundin des Hauses (Frl.
884 1524 2112 1599 Bleibiren) kammt, um sich einige ihrer Briese an die Ver¬
893 1568 2098 1636 storbene auszubitten, die den Gatten über das Liebesverhält¬
884 1625 2095 1681 niß mit Hausmann aufklären könnten, hört aber zu ihrem Er¬
885 1650 2108 1730 staunen, daß der Professor das Vethälniß kannie er hätte
890 1703 1802 1757 nur gewünscht, sie hatie sich ihm anvertran
1964 1714 2095 1766 wäre
880 1749 2098 1808 ihrer Verbindung nicht hindersich gewesen #r war viel äter,
881 1790 2101 1867 als die Frau, sein eheliches Gluck wahrte nur zwei Jahre; sie
881 1849 2106 1908 taugte nur zur Geljebten, nicht zur Gefährtin; der Liebhaber
888 1888 2103 1933 möge sie beweinen, nicht er Hausmann erzählt, er sei schon
879 1924 2097 1992 lange mit einem gelietten Mädchen verloht. Und was war sie
879 1967 2095 2030 denn, die Ve#stordene? Nicht einmal leine Geliehte, also nicht
877 2015 2103 2060 einmal die Leidenschaft h#l### ine Entscheltegung ihr seinen
884 2055 2094 2104 Verrath. Der emporte Gatte jagt den Eienden hinaus und
887 2099 2100 2158 fühlt fast Mitleid mit der vom Geliehten betogenen Gattin,
886 2147 2013 2194 als er hören muß, daß sie barum gewußt hatte. Und doch
892 2190 2093 2250 Die Szene zwischen dem Gatten und dem enklaroten Ferunde
889 2233 2100 2281 ist von mächtiger Wirkung. Der alte Sonnenthal scheimt
887 2278 2102 2330 aus jeder neuen Rolle neue Kraft zu schöpfen. Das
888 2332 2100 2389 zeigte ir wieder hier, und noch mehr im letzten Einakter, dem
897 2378 2098 2439 „Grünen Kakadu“ von Schnirler als Groteske bezeichnet,
910 2408 2101 2475 in dem #r den Schauspieler Henti spiell. Ja Paris, am
885 2452 2093 2509 Abend, der mit der Erstürmung der Bustille schließt sehen wir
886 2502 2109 2563 in der Schänke zum grünen Kakarn den Wirth Prospére
881 2547 2104 2598 (Herr Römpler), vormals Theaterdirektor, dessen Truppe
880 2589 2095 2627 sich hier zusammenfindet und Verbrechen schildert, die garnicht
880 2623 2093 2692 begangen parden De# Apamhamsiche Krunsgung wdct
878 2676 2084 2741 Adlige zum Zeitvertreih Ein Schauspieler der Truppe gastirt,
868 2724 2076 2804 nicht ohne Erfolg, als Revolutionär auf der Straße, ein wirk¬
868 2787 2088 2832 licher Verbrecher, ein Urstrolch (Herr Zeska), gastirt als
868 2830 2086 2895 Schauspieler — Spiel und Wirklichkeit, Schein und Wahrheit
872 2868 2085 2942 spielen selisam ineinander. Die Adelsgruppe besteht in A aus
862 2923 2087 2977 einem Herzog (Herr Reimers) und einer Marausse (Frau
866 2961 2083 3028 Mitterwurzer). Henri hat ein langjähriges Verhältniß
869 3014 2081 3088 mit der leichtfertigen Schauspielerin Leokadic (Fri Witt)
859 3049 2085 3108 und weiß, doß sie ihn täglich betrügt. Nun hat er sie aber ge¬
860 3103 2080 3160 heirathet, alles Vergangene soll ausgelöschi sein, nur verlangt er
859 3139 2090 3200 Treue Eine eiwas gewagte Sttuation, die aber durch. Sonnenthals
871 3190 2081 3252 musterhaftes Spiel volles Leden und Wahrheit gewinnt. Henri
874 3226 2087 3293 spielt nun den betrogenen Ehemann, der seine Frau mit dem¬
870 3274 2083 3340 Herzog ertappt und ihn getödtet hat. Die Zuschauer sind ent¬
872 3324 2080 3371 zückt von dem Spiel, aber Prospère, der weiß, daß der Herzog
871 3349 2086 3417 gerade Leokadie besucht hat, häft es für Wahrheit und will
872 3400 1394 3466 Henri zur Flucht bereden
1390 3419 1424 3449 800
1423 3405 2089 3473 Dieser erfäyrt auf diese Weise
867 3435 2071 3519 Leokadies Ehebruch und ersticht den erscheinenden Herzog. In
858 3499 2078 3560 diese Szene stürmt die Nachricht von der erstürmien Bastille,
864 3540 2077 3590 vom Siege des Volkes. Der Schluß wirkt verblüffend und
870 3580 2081 3628 weckt in den Logen einigen Wiberspruch gegen den starken Bei¬
875 3623 2077 3679 fall des Parkets Es ist längst festgestellt, daß bei der Er¬
870 3671 2077 3716 stürmung der Bastille Gesinder, Komödianten und der Zufall
869 3711 2043 3774 eine größere Rolie spielten, als die Legende zugestehen will. —
868 3754 2083 3813 Schnitzler hat gestern Abend wieder gezeigt, das seine Ve¬
874 3792 1574 3842 zabung eine soeziell dramalische ist
1655 3798 2073 3862 seine guten Einfälle,
859 3844 2082 3895 wie seine Konflikte sind bühnenwirksam, seine Gestalten schreien
873 3888 2076 3948 nach her Bähne =— und vielleicht noch speziellet einer solchen für
857 3914 2076 3992 korze Dramen. — Gespielt wurde vorzüglich, nicht nur von
860 3965 2091 4048 den wenigen genannten Künslern, sondern auch von den vielen
849 4014 1140 4074 ungenannten.
2301 144 2459 206 —
