3436 4256
1478 187 1527 251 2
1968 176 2418 263 box 16/1
1045 182 1929 293 Kakadu vklus
213 192 1152 299 9. 4. Der gruene
1260 402 2123 628 Gleshug Pe
1001 649 1195 734 letzten
1582 665 1996 773 Theater.
1010 711 1173 767 neuen
1001 756 1170 819 abge¬
1298 751 2416 824 —12— Im Schillertheater Charlottenburg wurde am
1000 801 1169 856 1 den
1187 775 2433 878 Mittwoch zur Feier von Schnitzler's 50. Geburtstag¬
985 843 1149 899 Reichs
1193 855 2400 899 ein Schnitzlerabend veranstaltet, der mit dem Schau¬
973 888 1116 943 ermu
1182 894 2399 957 spiel „Die Gefährtin“ begann. Ein professoraler Marke
1183 944 2400 1007 hat schon vor dem plötzlich erfolgten Tode seines jungen
1190 989 2403 1048 Weibes die Entdeckung gemacht, daß seine Isolde einen
982 841 1150 1068 2
1181 1038 2400 1094 Tristan gefunden hat und glaubte, daß dieser keine größere
1001 1038 1152 1093 heute
1176 1078 2397 1140 Sehnsucht habe als Isolde zu freien. Nach dem Tode der
956 1079 1154 1140 getkom¬
1184 1117 2399 1177 Frau bedauert der alte Mann, daß er nicht selbst der jun¬
968 1127 1162 1184 er bald
1181 1167 2399 1211 gen Frau die Freiheit gegeben hat, denn in philosophischer
1189 1207 2401 1256 Ruhe hat er ihr die Leidenschaft zu seinem Assistenten, dem
982 1222 1156 1292 hinter¬
1178 1250 2397 1312 jungen Dr. Hausmann, längst verziehen. Als Dr. Haus¬
951 1279 1147 1335 tor bei
1173 1309 2403 1358 mann, der beurlaubt war, zur Beerdigung eingetroffen war,
957 1318 1154 1382 üde ver¬
1184 1337 2401 1403 ##fährt Professor Pilgram, so heißt der moderne Marke,
946 1362 1158 1427 is zum
1171 1375 2408 1437 daß Hauemann schon seit zwei Jahren verlobt ist — mit
939 1406 1151 1462 Mannes
1174 1424 2401 1481 Wissen der Vers#enen und jagt darauf den
957 1454 1142 1511 lebhafte
1176 1463 2394 1517 Schänder seines Heims aus dem Hause. Mer Reimer spielte
973 1501 1154 1553 wurde
1170 1511 2385 1567 den Professor mit schlichter Einfachheit, und wirtte durch¬
929 1535 1146 1600 alen oder
1175 1566 2403 1630 aus natürlich. Auch die Olga Merholm wurde von Hedwig
930 1584 1145 1644 ir einen
1173 1595 2388 1648 Pauly vortrefflich verkorpert. Konrad Wiene ver¬
914 1625 1148 1687 ches Ver¬
1170 1642 2391 1712 mochte die große Anziehungskraft Dr. Hausmann's auf
936 1672 1149 1731 in dem
1178 1695 2404 1735 weibliche Wesen durchaus nicht glaubhaft zu machen; für
905 1713 1153 1776 ärkere ge¬
1176 1734 2399 1798 den „Hausfreund“ machte er einen viel zu ehrpusseligen
906 1758 1146 1826 dem Ab¬
1173 1782 2396 1824 Eindruck. Wenn auch der Schmerz um die Tote und die
887 1803 1152 1861 iemand so
1172 1828 2402 1876 Teilnahme an dem Hinterbliebenen, die mehr der trotzalle¬
890 1853 1154 1910 enen Mög¬
1170 1863 2389 1924 dem großen Verehrung des Gelehrten als der Reue über
941 1896 1158 1949 Mächten
1166 1902 2387 1974 den Verrat an ihm entspringt, den Ernst der Situation ge¬
863 1937 1147 2000 ren Wider¬
1175 1957 2389 2014 bietet, so darf der Entlarvte doch nicht wie ein ertappter
867 1981 1143 2043 Mann noch
1174 1992 2401 2043 Schuljunge vor seinem Lehrer stehen. Ein undefinierbares
856 2025 1143 2090 l. Hoffentlich
1169 2034 2397 2110 Etwas müß erkennen lassen, daß freventlicher Leichtsinn
846 2070 1147 2128 cht sein wird,
1169 2091 2380 2152 und trauriger Mut zusammengewirkt hatten bei dem in¬
834 2115 1145 2172 hört auch ein
1164 2130 2398 2198 timen Verhältnis, in das sich der junge Arzt mit der Frau
856 2159 1150 2231 des gewalti¬
1175 2177 2390 2227 seines Meisters eingelassen hatte, dem er großen Dank schul¬
1177 2221 2392 2273 dete für das freundschaftliche Verhältnis, in dem er zu ihm
1165 2262 1612 2320 gestanden hatte. —
849 2249 1149 2324 Gärten und
1609 2268 2392 2328 Der zweite Einakter, der nach dem
1169 2318 2387 2366 Willen des Dichters als erster zu geben gewesen wäre das
822 2307 1148 2372 chönsten Zier¬
1158 2347 2391 2400 Versspiel „Paracelsus“ wurde vorrefflich durchgeführt.
824 2359 1138 2419 trauben gar
821 2401 1143 2457 on einer in¬
1164 2402 2401 2463 Die Titelrolle spielte H. F. Gerhard allerdings nach
830 2440 1144 2506 # er von der
1162 2446 2380 2501 meiner Auffassung zu verbissen und auch zu dämonisch; die
1170 2488 2387 2539 Rache, die er an dem glücklicheren Waffenschmied Cyprian
819 2483 1137 2546 ist. Vor allem
830 2530 1138 2591 und verbiete
1170 2532 2384 2574 nahm, der die auch von Paracelsus seiner Zeit heißbegehrte
829 2579 913 2637 i.
1169 2577 2393 2640 Justina heimgeführt hat, hätte nach dem finsteren Ge¬
1166 2621 2397 2687 bahren dieses Paracelsus weit gefährlicher als mit einem
837 2614 1144 2704 Nachmittag
1168 2662 2387 2725 tragikomischen Spiel enden müssen. In Wirklichkeit ist es
833 2683 1141 2743 der 19jährige
1168 2706 2380 2755 ja doch nur „ein Tropfen Fegefeuer“, den der Wunderdoktor
843 2727 1142 2789 ole hantierte,
1167 2746 2382 2818 dem glücklicheren Freier zu verspüren gibt. Hrn. Gerhard
835 2771 1136 2833 de Mutter
1158 2797 2379 2861 aber erging es wie so manchem Mephistodarsteller, der das
860 2817 1133 2881 en und war
1169 2830 2383 2911 Wort vergißt: „Von allen Geistern, die verneinen, fällt mir
1170 2882 2383 2922 der Schalk am wenigsten zur Last“. Auch er vergaß
854 2912 1139 2981 das schwach¬
1172 2927 2382 2995 ganz darauf, daß dem Wunderdoktor eine gute Portion
965 2969 1140 3025 Sie war
1167 2966 2379 3020 überragenden Geistes zu eigen ist, daß er also durchaus
868 3008 1133 3069 Charlotten=
1170 3025 2376 3075 keine Rattenfängerfigur darstellt, die schwere Rache zu
857 3048 1133 3111 jewesen und
1170 3065 2392 3117 nehmen hat. Ausgezeichnet fand sich dagegen Else Wasa
859 3098 1145 3156 Um Montag
1164 3096 2380 3149 in die Rolle der Justina, sie bot in der Tat eine meister¬
857 3141 1141 3204 esehen wor¬
1159 3154 2384 3209 hafte Leistung und sah obendrein noch entzückend aus.
861 3182 1139 3245 agte. Dort
1167 3187 2376 3239 Etwas zu schwer spielte Helene Alma die jüngere
857 3227 1142 3284 on der Ver¬
1162 3237 2385 3292 Schwester Justina's; man hätte sie ihrem Wesen nach fast
865 3271 1112 3331 se usw. sind
1164 3276 2342 3337 für die ältere Schwester halten können, wenn nicht aus der
857 3318 1138 3371 rau Wench
1159 3323 2322 3377 Sachlage das Gegenteil hervorgegangen wäre. Sehr fris
860 3356 1136 3422 ertem Röck,
1171 3370 2153 3427 war der Waffenschmied Heinz Bernecker's:
2253 3370 2337 3424 tra
852 3405 1132 3467 Nitteilungen
1162 3400 2380 3465 alle Gefühlswandlungen dieser erfreulichen Gestalt aus¬
869 3451 1142 3528 chstraße 10,
1157 3459 2387 3524 gezeichnet. Paul Bildt brachte die komische Figur des
1169 3501 2388 3561 Stadtarztes zu bester Geltung. Alfred Braun gab den
2154 3540 2386 3606 Die Gro¬
1159 3540 2157 3608 Junker zu schülerhaft und allzu aufdringlich. —
903 3529 1137 3613 Hoboisten
1169 3594 2389 3644 teske „Der grüne Kakadu“ gleicht viel mehr einer
902 3604 1137 3655 getrieben.
1169 3628 2383 3678 ausgearbeiteten Schriftstellerlaune als einem Theaterstück,
866 3639 1125 3701 osstraße 17,
1163 3674 2383 3728 auch wenn man der bühnendichterischen Licenz die weitesten
871 3688 1132 3744 nst vermißt.
1160 3721 2378 3774 Grenzen zieht. Wenn dem Dichter die Schilderung des
869 3729 1137 3805 en sie seine
1169 3771 2376 3819 Milieus auch vortrefflich gelungen ist so wirkt die Gro¬
1164 3786 2377 3869 teske“ doch weit peinlicher als manche verwegenere Sache
858 3812 1138 3883 Der Bäcker¬
1164 3843 2379 3896 der Neuzeit. Daran mochte allerdings zum Teil die zu sehr
867 3872 1138 3931 #r in ange¬
1163 3893 2373 3946 auf das Pathologische hinausgespielte Rolle Grain's die
907 3911 1133 3971 Er geriet
1159 3927 2380 3990 Schuld tragen, die Konrad Wiene zu Rollerhaft durchführte
852 3956 1139 4019 ie Ohrfeige.
1166 3975 2379 4032 im Sinne des soeben vom Galgen Geschnittenen nämlich.
891 3999 1144 4056 tätlich an¬
1167 4023 2371 4067 Er spielte sie nicht nur so, sondern wählte auch die
860 4045 1138 4101 er Körper¬
1171 4065 2380 4116 Maske entsprechend und das war zu viel, viel zu viel! Vor¬
873 4085 1143 4144 ängnis ver¬
1162 4108 2375 4163 züglich war dagegen Hedwig Pauly als Marquise Lansac;
