3436 4192
1153 272 1265 345 Ka
2103 261 2562 370 box 1575
335 267 1966 394 9. 4. Der pruene Kakadn ZykIus
1271 1648 3317 1707 grohten Lundesbertletung em Wilteler= Shlplonedee* Eteignisse  in Oesterreich in ihrem Zusammen
1189 1569 3322 1822 eie en ereten en eren ie i e en en erne nenete un en e e.
1197 1797 2257 1858 schwere Forderung, die an das Publicum gestellt
2255 1797 3327 1878 der Peinlichkeit hervorrufen, das all' die große Kunst
386 1759 934 1887 Feuilleton.
1204 1845 2260 1920 wird; und es hat diese wenigstens bei der ersten
2258 1851 2992 1926 nicht ganz zu verscheuchen vermag.
883 1812 1182 1948 100
1206 1893 2266 1947 Vorstellung, nicht ganz erfüllt. Es giebt nicht so viele
2364 1894 3311 1967 Am peinlichsten erscheint mir der „Paracelsus“.
414 1911 903 2012 Burgtheater.
1201 1930 2265 2011 Menschen, die Spaß verstehen; und gar einen so
2257 1952 3309 2019 weil er am meisten von den drei Stücken in's Lust¬
1206 1988 2254 2049 bitter ernsten. Die Personen auf der Scene dürfen
2257 1999 3317 2072 spiel hinüberschwankt, ohne es doch vollständig zu
242 1984 1194 2065 racelsus. Schauspiel. — Die Gefährtin. Schau¬
1198 2037 2254 2099 wohl im Unklaren tappen und zwischen der Welt
289 2052 1197 2114 * Der grüne Kakadu. Groteske. Drei Einacter
2257 2046 3324 2116 werden. Im Mittelpunkte steht Paracelsus, den der
399 2087 943 2148 von Arthur Schnitzler.)
1203 2095 2256 2157 des Scheines und der Wirklichkeit wandeln; der
2245 2092 3313 2170 Dichter über das charlatanmäßige Gehaben hinweg
313 2118 1167 2188 „Es war ein Spiel! Was sollt es anders sein?
1205 2137 2257 2211 Zuschauer aber muß sicher gehen und sich durch seine
2242 2153 3313 2219 in seinen wissenschaftlichen Ahnungen geschaut hat.
309 2180 1194 2255 „Was ist nicht Spiel, das wir auf Erden treiben?
1196 2193 2256 2254 Kenntniß überlegen fühlen; für die Räthsel der Vor¬
2247 2182 3318 2274 Seine Wanderzüge führen ihn in seine Studien¬
302 2219 1145 2287 „Und schien es noch so groß und tief zu sein.“
1193 2238 2257 2308 gänge hat ihm das Lösungswort mitgegeben zu
2255 2247 3307 2303 heimat Basel, und ein bürgerlich protziger Wassen¬
229 2269 1189 2342 Aus diesen drei Versen im eröffnenden Stücke
1195 2290 2259 2345 werden. Es bedürfte vielleicht nur weniger kleiner
2253 2288 3324 2350 schmied öffnet ihm sein Haus, in dem er als Gattin
233 2324 1196 2383 sich leicht ein gemeinsamer Gedanke als Schlag¬
1197 2332 2253 2400 Verdeutlichungen, und der große Genuß, den die
2250 2342 3314 2420 diejenige schalten sieht, die er einst geliebt. Seine
179 2377 1188 2433 ort herausbilden, das man den drei einactigen
1189 2374 2254 2453 neuen, von überraschenden Fortschritten zeugenden
2242 2391 3325 2465 Kunst, die wir heute noch hypnotische Suggestion
177 2423 1183 2478 ramen Schnitzler's zum Titel geben könnte. Schein¬
1187 2441 2247 2516 Dichtungen Schnitzler's bereiten, wäre auch für die
2250 2437 3317 2502 nennen, die er selbst aber als Erweckung jenes
181 2470 1195 2540 die Wahrheit wird als Unwahrheit erkannt, und
1190 2476 1838 2557 große Masse ein ungetrübter.
2260 2477 3308 2566 Astralleibes auffasste, von dem unser Körper nur
181 2525 1202 2581 kmit geklärt. Im ersten Stücke wird die Grund¬
1278 2519 2261 2596 Ungleich in ihrem künstlerischen Werthe, sind
2241 2541 3317 2617 die verkümmerte Erscheinungsform sei, eröffnet
172 2570 1201 2640 ge zu einer wahren Ehe geschaffen, im zweiten die
1193 2570 2253 2650 die drei Stücke doch eins in der künstlerischen Form;
2244 2584 3311 2643 schlummernde Leidenschaften und Begierden in dem
178 2622 1191 2681 erlogenheit einer modernen blitzartig durchleuchtet,
1190 2619 2247 2693 die fein ciselirende, vornehme Technik bewährt sich
2246 2641 3314 2699 Weibe, von denen sie selbst sich nicht Rechenschaft
178 2671 1199 2746 dritten eine kopflose Verbindung mit dem Schwerie
1189 2679 2246 2750 nicht nur in den beiden ersten Stücken, sie steigert
2252 2691 3312 2757 gegeben: „Jeder Mensch“, sagt Paracelsus in einer
177 2709 1190 2785 rnichtet. Im ersten handelt es sich um eine be¬
1197 2731 2253 2781 sich in dem letzten Drama zu einer Kraft der Viel¬
2247 2733 3314 2800 seiner Schriften „weiß innerlich mehr als das, was
176 2769 1193 2822 hende, im zweiten um eine gewesene, im dritten
1190 2779 2249 2837 stimmigkeit und zu vollen Tönen, wie man sie dem
2247 2779 3319 2849 in sein Tagesbewußtsein teitt". Ihre durch die
182 2824 1188 2894 n eine werdende Verbindung. Und überall greift
1199 2829 2251 2892 zurückhaltenden Novellisten nicht zugetraut hätte. Wie
2243 2827 3307 2900 magnetische Kraft des Zauberers erwirkten, offenen
214 2866 1204 2936 Ereigniß von außen her ein, richtend oder
1194 2873 2250 2942 er sich bisher immer am stärksten in der condensirten.
2243 2866 3315 2954 Bekenntnisse belehren den allzu sicheren Gatten über
175 2903 1200 2974 lichtend, sei es in menschlicher Gestalt, sei es durch
1196 2923 2252 2998 Skizze gezeigt hatte, war ihm auch die dramatische Knapp¬
2256 2928 3304 2983 seine Pflicht, das Gut zu hüten, wenn er es be¬
174 2962 1195 3038 ie weltgeschichtliche Katastrophe. In allen drei Werken
1197 2964 2264 3043 heit, welche der Einacter erfordert, eine natürliche
2252 2977 3320 3048 halten soll. Geht diese etwas schiefe Moral in's
178 3013 1196 3077 hrt der Dichter den Zuschauer auf jene haarscharfe
1197 3025 2265 3103 Tugend und er hat die großen Schwierigkeiten dieser
2247 3026 3303 3100 bedenklich Verallgemeinernde, so hat auch die
175 3063 1192 3132 chneide, welche Scherz und Ernst trennt, einmal
1193 3065 2257 3140 Form, zum tragischen Epigramm oder zur brutalen
2250 3082 3302 3148 Situation des armen Mannes eine fätale Aehnlich¬
174 3088 1191 3171 it liebenswürdigem Humor, das anderemal mit
1190 3122 2262 3187 Katastrophe zu werden, glücklich überwunden. Aber:
2250 3120 3314 3197 keit mit der des „Amphilrno“, und das Schuldig¬
170 3154 1195 3221 Einer Sentimentalität, zum dritten mit grotesker,
1189 3176 2257 3247 es liegt wohl auch in der Raschheit der Vorgänge,
2246 3174 3310 3250 Unschuldig der Frau gewinnt einen säuerlichen Bei¬
180 3211 3324 3306 hr scharfer Tragik. Die hohe Ironie zu erfassen, daß sie nicht immer so vollständig klar werden, als  geschmack. Die Grundidee des Dramas, die oft
