3484 4480
241 180 1862 295 9.4. Der gruene Kakadu Zyklus
853 852 1262 926 Telefon 12801.
549 955 1560 1051 Unternehmen für Zeitungs-Ausschnitte.
1444 1014 1618 1088 Ausschnitt
716 1077 1439 1176 „OBSERTEK
1434 1069 1724 1174 Nr. 20
324 1188 1751 1243 I. österr. behördl. conc. Bureau für Zeitungsberichte u. Personalnachrichtt
505 1250 1610 1337 Wien, IX/1, Türkenstrasse 17.
738 1334 1389 1406 Filiale in Budapest: „Figyelé“
413 1385 1686 1462 Vertretungen in Berlin, Chicago, London, Newyork, Paris, Stockholm.
332 1511 877 1608 Ausschnitt aus:
1227 1526 1620 1634 e Zeituing“
330 1667 747 1755 vom
621 1926 1685 2031 Theater, Kunst und Literatur.
621 2018 1743 2083 Hofburgtheater. Für gestern Abend hatte man ein
550 2076 1725 2130 ungleich Paar von Dichtern eingespannt, Franz Grill¬
547 2126 1732 2189 parzer und Arthur Schnitzler. Von dem Alt=Wiener
545 2171 1732 2220 Poeten gab man das Esther=Fragment mit Kainz und
547 2210 1724 2270 Frau Hohenfels. Das ist ein Darstellerpaar, für die
543 2261 1730 2314 zarte Anmuth in Empfindung und Gedanken des schönen
544 2312 1729 2379 Werkes wie geschaffen. Wie himmelhoch überlegen trat dieser
541 2358 1735 2402 Fürst vor die Schranzen voll des Zornes eines Adels¬
545 2398 1730 2473 menschen gegen niedere Brut, wie königlich sprach er das
542 2450 1725 2526 eigene Sehnen stets der Herrscherpflicht opfernd zu dem
543 2498 1724 2550 Mädchen, das er zur Liebesoffenbarung bewegt, indem er
551 2544 1736 2602 es freigibt. Und doch schwingt in jedem seiner Worte, das
552 2595 1731 2649 gemessen den Königswillen verkündet, ein Ton der Leiden¬
553 2638 1732 2708 schaft mit, discret und angedeutet wie ein leises Klingen. Der
538 2683 1739 2739 König in Esther“ ist eine der schönsten Kunstdarbietungen
536 2745 1731 2808 Josef Kainz', frei von aller Manier und jenem gefährlichen
533 2784 1734 2858 tempo rubato der Rede. Frau Hohenfels ist ihm ebenbürtig;
538 2838 1737 2903 die geheimen Regungen einer schönen zurückhaltenden Seele
542 2883 1727 2943 so sein zwischen den Versen hingleiten zu lassen, bis sie
546 2927 1723 2973 dann in jubelndem Entzücken siegen, das vermag keine wie
541 2964 1718 3046 sie in ihrer Leonore von Este, in den „Rechten der Seele“,
340 2986 443 3061 Für
547 3032 1710 3090 als Esther. Es läßt sich also das Beste von ihrer Iphigenie
424 3036 527 3092 100
438 3082 526 3130 200
539 3080 1713 3123 erwarten. Wie wenn über eine edle Lilie eine geschwollene
537 3124 1740 3179 Raupe kröche, so folgte auf die reine, keusche Kunst des
377 3160 529 3231 „ 1000
547 3173 1786 3213 Grillparzerschen Fragments Schnitzlers Einacter „Die Ge¬
486 3190 544 3268 In
539 3213 1796 3285 fährtin“, der gleich dem darin vorkommenden Ehebrecher nach des #en
349 3239 531 3309 Abonnem
545 3271 1722 3328 Verfassers Worten „dieses Haus bis zur Decke mit Schmutz
360 3296 528 3357 Abonnen
549 3319 1722 3383 anfüllt.“ Weniger widerlich, aber auch von undeutschen
530 3363 1739 3451 Fannsgelüsten durchtränkt, ist der andere Einacter, Schnitzlers
537 3411 1727 3475 „Paracelsus“, mit dem der Abend schloß. Kainz gab
535 3456 1728 3505 den unheimlichen Gast, der in des biderben Waffenschmiedes
546 3510 1721 3566 Haus mit Hypnose und Suggestion sein lehrhaftes Spiel
543 3552 1728 3603 treibt, und er war der erste, der die Gestalt erschöpfte. Seine
540 3606 1727 3654 Art, die Gedanken bloszulegen, wo es noththut, mit der
535 3637 1728 3719 Beize des Sarkasmus zu würzen, ist unübertrefflich. Seine
543 3690 1721 3756 Maske in der Rolle des Abenteurers ist anstoßend häßlich,
541 3745 1731 3793 aber wirksam, ziemlich historisch und unanfechtbar: Ein Pan¬
541 3784 1732 3857 kopf, aus dessen blitzendem Auge die Ueberlegenheit über
528 3838 1087 3912 das Philisterthum leuchtet.
1424 3843 1712 3928 A. L—ch.—
1814 2982 1921 3056 Für
1988 173 2443 269 box 16/1
2321 849 2724 921 Telefon 12801.
2018 942 3033 1044 Unternehmen für Zeitungs-Ausschnitte.
1833 906 1994 1053 4
2913 988 3101 1082 Ausschnitt
2202 1030 3219 1172 „OBSERVER“ Nr. 23
1748 1148 3263 1224 I. österr. behördl. conc. Bureau für Zeitungsberichte u. Personalnachrichten
1977 1220 3074 1315 Wien, IX/1. Türkenstrasse 17.
2215 1311 2862 1399 Filiale in Budapest: „Figyelé“
1909 1383 3172 1467 Vertretungen in Berlin, Chicago, London, Newyork, Paris, Stockholm.
1814 1499 2371 1594 Ausschnitt aus:
2366 1442 3196 1600 Tore We -al
1818 1591 2311 1735 vm 2 7 77
2380 1651 2824 1763 JgneroA
2520 1782 2998 1866 —
2053 1826 3096 1964 Theater und Musik.
2057 1945 3158 2020 — Hofburgtheater. Kainz bereicherte Dienstag sein um¬
2030 2005 3159 2072 fangreiches Rollenrepertoire, dem er erst Sonntag den
2017 2039 3158 2103 Valentin im Verschwender" beigefügt hatte, mit dem „Para¬
2025 2063 3158 2150 celsus“ in Schnitzler's gleichnamigem Schauspiel. Die pro¬
2021 2130 3166 2203 blematische Figur des „Paracelsus“ bedarf aller Kunst
2023 2182 3156 2236 eines Schauspielers, sie unserem Verständnisse näher zu bringen,
2027 2222 3152 2271 und Kainz that gut darau, gleich von Anfang an seiner
2025 2255 3164 2310 Gestaltung einen etwas grotesken Zug beizugeben, mehr den
2023 2295 3162 2366 Gaukler als den Philosophen hervorzukehren und doch wieder
2012 2341 3161 2392 andererseits, wo er durch die Kunst seiner Rede wirkt, die
2018 2394 3157 2450 ganze Schärfe seiner Ueberzeugung und seiner Ueber¬
2013 2426 3148 2499 legenheit zu zeigen. Sein „Paracelsus“ hat nichts von
2018 2470 3163 2538 der Düsterkeit, mit der ihn Robert spielte, nichts
2013 2521 3148 2581 von der Leichtfertigkeit, die Devrient eigenthümlich war.
2025 2562 3150 2625 Eine gefällige Selbstironie, eine mephistophelessche lustige
2017 2602 3156 2665 Bosheit, selbst dort, wo er vergangene Gefühle schildert,
2022 2653 3163 2716 stecken hinter seinen Worten, sprechen aus dem durch¬
2021 2688 3144 2740 dringenden Blick seiner Augen. Nur in der Scene, wo
2015 2731 3154 2800 Paracelsus Justina in den hypnotischen Schlaf versenkt, war
2005 2763 3162 2841 Kainz allzu theatralisch. Der Uebergang in die Hypnose
2008 2820 3151 2874 vollzieht sich gewöhnlich sanfter; eine psychische Kraftauf¬
2008 2866 3147 2915 wendung ist da wichtiger, als eine physische — es ist zu
2020 2908 3162 2972 wunderbar, daß Justina sofort einschläft, wenn Paracelsus
2018 2952 3150 3014 sie dermaßen anschreit. Die Justina gab Frau Schratt in
1931 2968 2021 3040 507
2015 2995 3208 3044 liebenswürdiger Weise und sah besonders hübsch und jugend¬ ve
1916 3027 2007 3076 100
2022 3042 3189 3099 lich aus. Kainz' Leistung wurde mit lebhaftem Aplaus be¬.
1907 3069 1996 3116 200
2021 3077 3208 3138 lohnt. Auch Director und Dichter, die in einer Loge dem ar
2029 3116 3228 3184 letzten Theil der Vorstellung beiwohnten, schienen recht befriedigt. aus
1896 3146 2000 3217 1000
2019 3161 3261 3234 Oder ist die Nervosität der Regie derart gesteigert, daß sie das
2031 3207 3266 3287 dem Capellmeister des Lebens überdrüssig macht, und ist die #8 den
2030 3251 3143 3304 Capelle die einzige oder bloß die bequemste Ursache
2031 3288 3151 3355 dieser Nervosität!? In vielen vornehmen deutschen Theatern
2031 3328 3162 3399 ist die Zwischenactsmusik längst als überflüssig gestrichen
2018 3372 2191 3424 worden.
2208 3367 3221 3441 Wir verdanken ihre Fortdauer bekanntlich
2029 3403 3146 3486 Charlotte Wolter, die behauptet, ohne einleitende
2026 3464 3153 3536 Musik nicht spielen zu können. Die Zweckmäßigkeit
2023 3500 3141 3579 und der günstige Stimmungseinfluß der Zwischenacts¬
2025 3541 2763 3604 musik möge dahingestellt bleiben.
2790 3549 3142 3614 Jedenfalls soll
2031 3594 3150 3642 aber ihr Fortleben nicht mit dem vorzeitigen Ableben des
2028 3629 3149 3701 Dirigenten verbunden sein. Bei dieser Gelegenheit sei auch
2020 3669 3155 3731 auf den übergroßen Eifer des Souffleurs im Burgtheater
2035 3721 3146 3782 hingewiesen. Wenn auch meistens die Aufführungen in der
2023 3767 3150 3823 Burg genußreich sind, so genügt es doch, sie einmal zu
2019 3814 3152 3886 hören und zwar von den darstellenden Künstlern, nicht auch
2005 3834 2614 3916 ein zweitesmal vom Souffleur.
2949 3852 3101 3921 R. E.
