3436 4256
236 184 1917 295 9 4. Der gruehe kakadu zukins
742 844 1549 1038 Theater ##
451 1012 1572 1089 (Bürgtheater.) „Paracelsus“, „Die Ge¬
341 1064 1564 1147 Ffährtin“, Der grüme Kakadu“ von Arthur
340 1133 1565 1180 *Schnitzler. Man thut den drei Acten Schnitzler's unrecht,
341 1164 1574 1247 wenn man sie keiner gemeinsamen Idee beschuldigt. Sie haben
354 1210 1579 1296 nämlich eine, die an Beliebtheit und Popularität nichts zu
350 1256 1573 1341 wünschen übrig läßt: Den Ehebruch. Der erste Ehebruch
355 1314 1570 1394 stammt aus dem 16. Jahrhundert und betrifft den armen,
344 1365 1573 1441 alten Paracelsus, dessen Frau sich beständig einbildet, die Ehe
351 1416 1583 1481 gebrochen zu haben. Unsuggerirt gesteht sie aber zu, daß sie
345 1464 1574 1535 sich mit diesem Phantom nur liebevoll beschäftigt hat. Die Ge¬
355 1506 1595 1583 schichte endet sehr friedlich. Der geträumte Ehebrecher erhält,
342 1569 1581 1622 zur Strafe die Schwester des Paracelsus zum Weibe. — Der
351 1611 1577 1673 zweite Ehebruch hat sich schon lange vor dem zweiten Einacter
357 1659 1582 1729 Schnitzle 's zugetragen. Die Frau Professor hat es niemals
358 1702 1585 1767 verstanden, ihrem Gattin „Gefährtn“ zu sein; sie hatte ein
355 1768 1576 1823 Nebenvergnügen, einen Schüler des guten Professors. Als
358 1810 1579 1880 sie starb, wußte der arme, schon bei Lebzeiten hinterbliebene
1392 1856 1577 1915 Dritten
359 1863 1308 1924 Gemal von seinen Hörnern. Er empfängt den
359 1901 1565 1978 nach ihrem Tode, und erfährt, daß dieser zur Zeit des Ver¬
362 1941 1585 2024 hältnisses verlobt war. Entrüstung und Aufforderung zum
358 2007 1578 2084 Hinaus. Der „Dritte“ entschuldigt sich, und bekennt, daß
352 2041 1575 2130 auch die Frau Professor von der Verlobung ihres Galaus
362 2107 1578 2183 gewußt hat. Das ändert die Sache. Versöhnt reist der
937 2137 1588 2210 — Der dritte Ehebruch endlich
361 2152 910 2224 Dritte nach Scheveningen.
362 2196 1589 2258 geschah zur Zeit der französischen Revolution, just vor der
361 2239 1588 2332 Erstürmung der Bastille. In einer Pariser Spelunke stellt
354 2300 1572 2359 eine vacirende Komödiantentruppe allerlei Verbrechertypen dar.
363 2342 1581 2413 Der erste Schauspieler liebt die erste Schaupielerin und wird
369 2395 1594 2459 von ihr betrogen. Aus diesem Grunde heiratet er sie, um
366 2440 1579 2495 die verschiedenen Ehebrüche legitim zu machen und mit Berech¬
369 2490 1595 2554 tigung eifersüchtig sein zu können. In dieser Eifersucht ersticht
371 2539 1593 2602 er einen Herzog, der sich mit einem Ehebruch der Made¬
372 2600 1592 2654 moiselle Leocadie stark beschäftigt hat. Den Erfolg der beiden
371 2634 1581 2708 ersten Einacter trugen Frau Schratt und Herr Krastel,
371 2690 1599 2755 der beiden andern Herr Sonnenthal. Es war ein sehr:
364 2743 778 2825 interessanter Abend.
488 2811 1608 2903 (Aus der Theaterwelt.) Die Wiesbadener
370 2892 1616 2966 Festspiele, welche Mitte Mai beginnen, umfassen folgendes
373 2940 1577 3007 Programm: 14. Mai, „Der Eisenzahn“ von Lauff, 15. „Mignon“,
382 2991 1594 3064 16. „Undine", 17. „Eisenzahn“, 18. „Waffenschmied“ 19.
373 3037 1596 3104 „Rheingold“, 20. „Walküre“, 21. „Siegfried“, 24. „Götter¬
380 3086 1609 3152 dämmerung“, 25. „Waffenschmied“, 28. „Undine“. Unter den
373 3119 1611 3199 Gästen finden sich, Hofopernsänger Schrötter (Wien), Lilli
379 3183 1590 3248 Lehmann und Paul Kalisch. — Shakespeare's „Othello“
369 3230 1610 3301 wurde kürzlich in der Uebersetzung Jean Hirard's an der
377 3283 1544 3358 Pariser Comédie française mit großem Erfolge gegeben. —
385 3338 1605 3403 Am Bremer Stadttheater hatte eine romantische
384 3381 1607 3461 Oper „Frau Holle“ von Georg Kunotz durchschlagenden
379 3426 1601 3506 Erfolg. — In Cincinatti wurde eine symphonische Dich¬
387 3482 1608 3559 tung „William Rateliff“ mit großem äußerem Beifalle aufge¬
381 3550 591 3623 nommen.
2001 169 2453 263 box 15/5
1908 984 2855 1064 Im Wiener Burgtheater lernten wir neue Stücke
1887 1047 2846 1106 eines Dichters kennen, der neben seinem idealen
1884 1079 2850 1161 Berufe auch den eines Arztes hat: Dr. Arthur
1880 1140 2848 1199 Schnitzler, den talentvollsten und geistreichsten der
1881 1171 2850 1246 jungen Wiener Autoren, den Führer der jungen
1904 1235 2849 1332 Schule Wiens. Die neuen einaetigen Stücke,
1896 1293 2846 1367 welche derselbe aufführen ließ hießen: „Para¬
1908 1345 2857 1425 celsus", „Die Gefährtin" und „der grüne
1900 1377 2859 1468 „Kakadu“. Alle drei zeugen von hoher Begabung,
1904 1435 2849 1506 alle drei aber kränkeln. Es ist ein leidender Zug in
1899 1482 2860 1540 dem Gesichte dieser drei Erscheinungen. Der Poet
1888 1499 2856 1583 schafft aus dem Arzte heraus. Dieser sieht die Welt
1893 1570 2859 1632 mit trübem Blicke an und, was er erschaut, bildet der
1885 1624 2859 1691 Künstler. Diese drei Stücke sind voll Geist und eine
1893 1647 2848 1735 brillante Mache täuscht über Vieles hinweg, was im
1891 1703 2845 1750 Kerne verwerflich ist, aber sie kann die richtige Emp¬
1885 1744 2848 1820 findung nicht darüber hinwegbringen, zu sagen: das
1889 1790 2852 1858 ist nicht einleuchtend, das ist nicht sonnenklar ge¬
1883 1817 2850 1889 schaffen, das ist nicht kerngesund empfunden. Das
1877 1879 2846 1944 Talent ist unverkennbar, der Werth aber nicht unbe¬
1887 1926 2846 1982 stritten. Wir wollen uns mit den drei Stücken nicht
1885 1971 2854 2028 ausführlich beschäftigen, sondern nur aus einem ver¬
1884 2006 2841 2074 selben einen Punkt hervorheben. Wir meinen das
1882 2060 2835 2121 kleine Drama „Die Gefährtin“. Ein Mediciner,
1886 2099 2843 2162 Professor und Naturforscher, welcher weiß, was der
1766 2139 2948 2213 Far z Mensch ist und, was er sein kann, nimmt in vor¬ 7.50
1833 2195 2944 2258 10gerückten Jahren ein junges Weib, obgleich 14.—
2978 2194 3151 2253 inclusive
2991 2239 3120 2276 Porto.
1834 2240 2944 2276 20er voraussieht, daß die Verbiudung in Wirk- 25.—
2974 2257 3134 2306 Zahlbar
1835 2274 2933 2330 50lichkeit höchstens ein oder zwei Jahre dauern 55.—
2966 2290 3165 2343 im Voraus
1780 2314 2920 2385 " 100 werde. Der Mann hat sich das Prognostikon 100.—
1874 2366 3194 2407 mit Sicherheit gestellt. Er schweigt, als er sieht, daßsausschnille ist da¬
1756 2387 3194 2450 Abonn seine junge, lebenslustige Frau mit seinem Assistenten auch steht es den.
1747 2448 3098 2511 Abonk ein intimes Verhältniß eingegangen ist. Die Frauer zu ändern.
1871 2494 2847 2542 stirbt. Der Mann geht mit geziemender Trauer zum
1863 2543 2860 2621 Leichenbegängnisse und kehrt von demselben im vor¬
1869 2589 2834 2655 hinein getröstet zurück. Der Aisistent eilt aus der
1875 2626 2834 2700 Ferne, wo er weilt, herbei. Es entspinnt sich Rede
1869 2665 2835 2735 und Gegenrede und es stellt sich heraus, daß das
1862 2707 2829 2776 Verhältniß der Frau zu dem jungen Assistenten zwar
1873 2755 2836 2819 ein intimes, aber sehr unverbindliches gewesen ist.
1877 2807 2832 2869 Die Dame wußte, daß der junge Mann verlobt sei
1877 2851 2834 2924 und demnächst heirathen werde. Darob geräth der
1874 2884 2826 2952 alte Professor in Empörung und jagt den Assisteuten
1863 2941 2824 2985 aus seinem Hause, indem er sagt: er wäre sein
1871 2988 2820 3041 Freund geblieben, wenn er aufrichtig als der Ge¬
1864 3024 2825 3083 liebte — d. h. der eben gestorbenen Frau des Professors,
1865 3072 2834 3129 gegolten hätte, daß der Assistent aber verlobt sei,
1858 3119 2831 3176 wäre ganz und gar erbärmlich. Wir finden die
1857 3158 2837 3203 Empfindungs= und Denkweise des Herrn Professors
1855 3195 2823 3263 nicht ganz nermal. Ein alter Naturforscher, der sich
1855 3246 2824 3322 genau kennt, nimmt in so vorgerückten Jahren eine
1864 3289 2810 3353 Besellschafterin für ein oder zwei Jahre, verspricht n
1869 3345 2796 3389 ber nicht am Altare einen Bund fürs ganze Leben.
1868 3387 2798 3454 ##ir hat nicht das Recht, ein junges Weib „ewig“ an
1862 3432 2806 3480 ch zu fesseln. Wortbruch ist Wortbruch. Vielleicht
1850 3472 2801 3532 vollte Herr Arthur Schnitzler sich über den alten
1864 3507 2808 3575 Nann lustig machen, zeigen, daß ein Realist ohne
1853 3551 2810 3624 zu wollen Idealist bleibe und sich lächerlich mache.
1854 3607 2796 3667 Nun, solcher Umriß der Figur wäre undeutlich aus¬
1857 3637 2811 3721 zefallen. Ueberdies suchte Herr Sonnenthal den
1860 3697 2806 3770 aiten Professor der Sympathie des Publicums nahe
1853 3732 2803 3813 zu bringen und dieses war verblüfft, als es wahr¬
1858 3784 2796 3849 nahm, für welch entkräfteten Mann und Denker man
1859 3816 2486 3898 eine Sympathie aufgerufen hatte.
