3436 4352
770 235 1321 302 uene Kakadu
523 249 647 304 er
241 270 1313 340 9. „ HI eenuneeee
1444 3872 1481 3921 1
1464 228 1898 314 box 15/3
1559 693 2203 823 bumm=Cert
1532 867 2260 933 IuN Mernee 71
1932 923 2087 968 —
1564 980 2295 1061 SOUTHAMPTON
1702 1031 2148 1076 SHINNECOCK HILLS. L.
1521 1052 1795 1102 Furnisbed cottag
2067 1071 2304 1117 on spplication
1585 1085 1784 1127 Plans and #
1558 1108 1789 1168 J. MET
1986 1124 2228 1187 THOMAS,
1675 1157 2033 1205 19 LIBERTT STREET
1807 1227 1984 1275 MAINE.
1532 1289 2295 1366 CAMP FOR SALE—LAKE OHAWA, ME
1598 1339 2291 1387 est üshing, hunting, and scenerv. Accesslbie
1563 1359 2286 1406 deal Summer Home. Ilich altitude. Grand location
1527 1380 2254 1448 Retired. E. S. MARTIN. Chestnut Hill. Mass.
1689 1486 2140 1556 Legal Rotices.
1486 1530 2291 1589 Wn
1513 1570 2273 1621 NEW YORK SUPREME COURT. COUNTY 0I
1561 1601 2287 1647 New York.—Ernst, F. Knase, Plaintiff, agalns
1534 1619 2285 1678 Lavecchia Constructlon Company and others, De
1509 1645 1621 1684 Lendar
1690 1654 1894 1690 Action No. I.
1599 1668 2284 1715 pursuance, of a Judgment of foreclosure anc
1527 1690 2287 1753 sale, duly made und entered in the aboverentitlet
1572 1724 2284 1778 ion and bearbag datesthe 21st day of December
1522 1747 1595 1778 190
1679 1752 2281 1797 the undersigned, the Referee In sale
1529 1774 2285 1821 Judgment named, will sell at puhlic auction, al
1525 1798 2291 1847 the New York Real Estate Sulesroom, Nos. 14-16
1528 1822 2279 1880 Vesey Street, In the Borough of Manhattan, City
1517 1850 2291 1904 of New York, on the 27th day of April, 1910. al
1517 1877 2287 1922 12 o’clock noon on that day, by Bryan L. Ken¬
1529 1900 2292 1948 neily, Auctioneer, the premises directed by sald.
1519 1924 2287 1982 Judgment to be sold, and therein deseribed as
1531 1947 1657 1983 follows:
1549 1976 2284 2020 All that certaln plot, plece or parcel of land.
1537 1991 2282 2048 with the bulldings and improvements thereon
1524 2023 2267 2072 erected, situate, lying and being in the Borough of
1543 2049 2291 2097 he Bronx of the Clty of New York, in' the
1510 2066 2283 2109 Countv and State of New York, formerly Village
1516 2089 2271 2147 of Wakefield, County of Westchester, State of
1515 2123 1803 2164 New Fork, known
1881 2136 2284 2171 art of Lot No. 451 on a
1519 2148 2284 2182 certaln map entitled Map of the Village of
1521 2170 2279 2220 Wakefield, in the Towns of East and West Chester,
1510 2190 2277 2251 County of Westchester, New York, made hy Heury
1514 2216 2283 2264 B. Miller, C. E. & S., dated May. 1854.“ flled in
1521 2249 2204 2284 the office of the Clerk (now Register) of
1516 2270 2275 2324 County of Westchester, being bounded and de¬
1507 2287 2171 2347 scribed, according to sald Map, as follows
1549 2322 1715 2361 Beginning
1728 2327 2274 2369 t a polnt on the Westerly side of
1517 2347 2276 2401 Barnes Avenne, distant thirty-nine (39) feet
1506 2377 2277 2421 Northerly from the corner formed by the inter¬
1509 2397 2271 2441 section of the Westerly side of Barnes Avenue
1509 2424 2257 2468 with the Northerly side of East 226th Street;
1513 2451 2275 2497 running thence Westerly. parallel with East 226t5
1507 2477 2258 2520 Street, one hundred and five (105) feet more or
1500 2498 2276 2547 less. to Lot No. 485 on sald Map; thence Northerly
1555 2524 2195 2554 d along lot No. 485, twenty-üve (25)
2196 2538 2272 2567 eet:
1513 2549 2265 2590 thence Easterly, agaln parallel with East 226th
1517 2574 2253 2619 Street, one hundred and five (105) feet more or
1492 2588 1541 2642 Ie
1540 2601 2256 2647 ss. to the Westerlg side of Barnes Avenue; thence
1565 2627 2258 2662 therlv along the Westerly side of Barnes Avenue.
1572 2648 2266 2707 nty-ürb (25) feet to the polnt or place of
1488 2662 1679 2713 beginning.
1518 2689 2055 2741 Dated New York. Anril 4th 1910.
1710 2716 2233 2768 MELVIN G. PALLISER, Referee.
1491 2735 2257 2792 Fettretch, Sllkman & Seybel, Attorneys for Plain¬
1531 2778 2265 2831 tif. No. 41 Park Row, Borough of Manhattan,
1551 2795 1778 2835 New Tork City.
1514 2808 2258 2870 The following is a dlagram of the property th
1493 2838 2258 2894 be sold; its street number is 4005 Barnes Avenue:
2018 2956 2108 3006 105“
2002 3022 2140 3070 105
2142 3090 2270 3155 à
1757 3179 1972 3231 22ot Street.
1519 3213 2254 3265 The approximate amount of the lien or charge,
1530 3243 2201 3280 satisfy which the above-deserlbed property
1509 3268 2234 3307 to be sold. is 35,968.21, with interest thereor
1496 3293 2154 3329 from the 6th day of December, 1909, to
1482 3305 2234 3355 with costs and allowance amounting to 8303.65
1481 3337 2254 3386 with interest from December 2Ist, 1909, togethe
1505 3369 2252 3403 with the expenses of the sale. The approximatt
1491 3390 2236 3430 amount of the taxes, assessments. and water rates
1485 3418 2238 3454 or other liens which are to be allowed to the pur¬
1488 3441 2255 3493 chaser out of the purchase moffey, or pald by the
1490 3464 1994 3508 Referee. 1s 368.77 and interest.
1513 3485 2055 3527 Dated New York, April 4th, 1910.
1687 3510 2227 3554 MELVIN G. PALLISER, Referee.
1465 3558 2245 3606 NEW FORK SUPREME COURT. COUNTT Or
1512 3589 2242 3635 New York.—Ernst F. Kaase, Plaintiff, agains
1475 3597 2251 3668 Lavecchia Construction Company and others, De
1474 3640 1878 3671 fendants.—Action No. II.
1549 3663 2236 3708 pursbance of a judgment af foreclosure am
1476 3671 2229 3735 sale, duly made and entered In the above-entitle
1482 3709 2235 3741 action and bearing date the 21st day of Decem
1485 3732 2241 3778 ber, 1909, I, the undersigned, the Referee in satt
1475 3770 2233 3808 Judgment named, will sell at public auction, at thi
1487 3787 2228 3836 New York Real Estate Salesroom, Nos. 14-11
1479 3812 2244 3859 Vesey Street, in the Boreugh of Manhattan, City
1478 3827 2245 3887 of New York, on the 27t. day of April, 1910, at
1499 3861 2242 3907 2 o’clock noon on that day, by Bryan L.
1483 3882 2238 3927 Kennelly, Auctioneer the premises directed by sald
1474 3905 2244 3955 Judgment to be sold, and therein deseribed as
1472 3935 1613 3977 follows:
1574 3965 2236 4008 that certaln plot, piece, or parcel of land,
1459 3979 2239 4037 with che hulldings and imnrovoments thercon erect.
