3436 4352
452 166 597 227 Der
743 164 1280 238 uene Kakadu
203 166 1088 268 9. 3. 1
1417 156 1834 242 box 15/3
2306 75 2915 141 Ingede, Kin., Inncten 1 Wen
2307 129 2909 193 hattan Company in Lyeeum.
2276 210 2990 268 Hannele,“a translation from the so¬
2235 258 2977 315 called "dream poem“ of Gerhart Haupt¬
2233 291 2976 338 mann, and The Green Cockatoo,“ a
2246 325 2989 372 translation of what has been termed a
2249 371 2992 425 Pgrotesquerie“ of Arthur Schnitzler, were
2229 411 2978 468 presented by Mrs. Fiske and the Manhat¬
2231 454 2984 491 tan company last evening in the Lyceum
2233 480 2985 531 Theatre. Mrs. Fiske appeared only in
2235 517 2979 570 Hannele“ and in the title role gave an
2237 544 2989 613 impersonation of a dying giri in deltrium
2244 598 2985 643 after she has been rescued from an lcy
2247 643 2897 695 lake into which she has cast herself.
2277 660 2996 712 This play represents many features that
2245 712 2986 760 are startling to the ordinary Broadway
2241 743 2983 795 audience seeking something new in the
2246 772 2986 829 way of gayety or of tragedy. It goes with¬
2253 817 2983 862 out saying, however, that the Broadway
2245 852 2981 893 habitues will find littie to interest them in
2243 883 2986 940 st. The two parts of“ Hannele“ reveal first
2247 932 2985 979 several thleves quarreling among them¬
2248 964 2980 1005 selves. Among them the dying girl is car¬
2239 992 2980 1045 fried. To the view of the audience is pre¬
2245 1029 2980 1077 ssented the drunken father raving about
2247 1065 2988 1128 his daughter; the angel mother, then
2257 1111 2990 1151 angels with wings, an eerle undertaker
2258 1139 2987 1184 who gowns the dying girl as a bride while
2246 1187 2988 1226 gaping Death looks on, a group of angels
2257 1218 2999 1265 who carry a coffln on the stage and place
2247 1244 2999 1302 sthe girl in it; an angel who ralses the girl
2260 1284 2994 1338 from the coffin and leads her up the
2261 1321 2988 1379 golden stairs. All this happens in the
2256 1353 2994 1414 dream of the girl, but is actually pre¬
2251 1399 2644 1446 sented on the stage.
2284 1416 3004 1491 A reheersal of there sallent features of
2261 1466 3007 1527 the play is sufficient for the ord.nary
2266 1498 3010 1549 Broadway audience. But these things are
2257 1537 3000 1589 garbed in poetic thought in such a man¬
2265 1578 3016 1630 ner as to prove uplifting and to deprive
2283 1617 3004 1659 what otherwise might have proved a
2278 1652 3010 1695 weepy“ play of its tears. There is a con¬
2272 1692 3020 1739 trast between the sordid life into which
2265 1722 3007 1769 the girl was born, its hardships and heart
2879 1756 3010 1797 nother
2279 1763 2794 1794 aches, and the dream of a lif
2281 1785 3008 1821 world. The peauty and tenderness of tlie
2910 1808 3008 1853 lting
2267 1813 2799 1858 life of her dreams softens ti
2915 1840 3013 1878 into
2271 1835 2847 1885 conditions of her reai life and the
2279 1867 3018 1911 which she hoped to enter when she cast
2269 1893 2673 1947 herself into the lake.
2294 1906 3015 1964 As ehe murmurs in her delirium che
2271 1957 3015 1999 thinks her mother appears and gives her a
2272 1973 3012 2030 primrose, which is the key to heaven. It
2278 2010 3026 2044 was the alm of the poet to present death
2269 2029 3015 2069 and resurrection in a drama, and to do so
2277 2064 2977 2105 in a manner that Aristotle speaks of a
2539 2080 3021 2130 quality of a poetic tragedy
2279 2093 2519 2137 the “purging
2275 2110 3017 2168 —a play that fills the audience with awe
2280 2137 3011 2189 and purifles by the reverence and the spir¬
2801 2165 3010 2205 is #e#king
2279 2174 2773 2220 #tual uplift. But Broadwa
2270 2191 3017 2243 neither for reverence nor elevating drama.
2312 2223 3011 2272 That Mrs. Fiske could remain on the
2288 2245 3018 2307 stago for an hour and a half lest evening
2283 2275 3007 2336 and hold the attention of her audience in
2283 2308 2852 2357 such a play is a tribute to hei
2276 2335 2840 2388 Tou seldom see Mrs. Fiske. Y
2286 2355 2856 2417 hear her volce in bed. Except f
2277 2391 2858 2445 moments, you only see her lips n
2280 2419 2867 2470 von hear her wonderful volce, cle
2986 2444 3014 2472 3
2288 2445 2893 2497 bell, threbbing with fear as shi
2281 2464 3019 2528 death approach; happiness as the angels
2292 2496 3011 2550 sing to her, and tenderness at the sight
2273 2541 2562 2584 of her mother.
2361 2534 3017 2605 ythe power of her volce alone Mrs.
2282 2576 3014 2628 Fiske carried across the footlights the
2285 2603 3013 2669 poetic impression that the poet-dramatist
2285 2638 3015 2681 wished to convey. She succeeded In over¬
2295 2660 3006 2717 coming the startling setbacks that such
2295 2693 3014 2748 things as coffins, angels. hymns and im¬
2291 2727 3008 2778 personated Death are kely to prove to
2284 2744 3033 2806 any audience that secks amusement and
2280 2785 2768 2838 not the uplift of a sermon.
2323 2788 3024 2860 The translation by Marv Safford and
2294 2837 3013 2890 the metrical passages by Percy Mackaye
2292 2866 3013 2909 were not as #mooth as the original and
2299 2898 3020 2940 undoubtedly lost much of the poetic qual¬
2296 2918 3020 2969 Ity the author’s original verse has. There
2295 2954 3008 2999 ware lines that except fer Mrs. Fleke's
2961 2974 3021 3012 The
2287 2970 2942 3026 oower would have aroused a laugh.
2287 3002 3021 3062 long tragie music preceding the play was
2283 3037 3018 3081 #est on the audience. The orchestra was
2276 3061 2944 3120 conducted by Alexander Z. Birnbaum.
2356 3086 3025 3138 The Green Cockatoo,“ a one-act cur¬
2292 3115 2985 3162 tain ralser, has plenty of life and gayet
2286 3142 3002 3189 with n sudden and grotesquely tragie end¬
2297 3173 3005 3220 ing. The Green Cockatoo is a cabaret in
2306 3198 3020 3248 Paris, erhare members of the nobility in
2475 3220 3008 3267 eustomed to seek amusement.
2298 3243 2423 3283 1789 *
2455 3254 3014 3298 of actors is hired by the pro¬
2303 3273 2346 3306 A
2301 3278 3020 3337 prie co impersonate eriminals and nar¬
2304 3308 3028 3353 rate eir terrible crimes for thé amuse¬
2295 3337 2771 3392 ment fthe titled visttors.
2321 3353 3025 3415 Presently there appears Grain, played
2292 3387 3009 3457 pa Wilfred Buckland cleverly, wiho Is a
2303 3424 3032 3467 real thief. He proves to be the plvot
2306 3445 3024 3493 around which the action moves. The
2298 3478 3022 3520 chief member of the troupe in the cabaret
2371 3507 3033 3559 Henri, who marries Leocadie, an
2295 3518 2352 3556 18
2299 3542 2442 3586 actress.
2330 3545 3036 3606 As he announces his wedding, Grain
2300 3588 3030 3631 tells of the relationship betweer. Leocadie
2295 3618 3022 3668 andthe Duc de Cadignan. The visltors
2290 3643 3024 3696 are startled as Henrl enacts the part of
2295 3671 2741 3724 having killed the Duke.
2333 3685 3033 3742 They do not think he is acting, and then
2298 3726 3035 3782 Grain unwittingly reveals the real situ¬
2296 3752 3023 3802 action to him. Whereupon. as che Duke
2300 3785 3024 3832 suddenly appears, he ie killed by Henrl.
2297 3806 3027 3854 The contrast between the pseudo life of
2300 3831 3043 3883 the stage and the real life of the dive is
2305 3863 2697 3913 grotesquely appealing.
2326 3883 3028 3936 Henri. as played by Holbrook Blinn, 13
2298 3923 3030 3963 interesting. Several otheracts were not
2295 3941 3046 3999 so powerfully interpreted as the ilfe and
2304 3974 3032 4015 vitallty and erlspness of the lines de¬
2296 4003 2959 4055 manded. Allee John plaved Leocadie.
