3436 4256
1277 119 1462 188 adn
2078 112 2537 222 box 15/5
309 113 2059 237 9.4. ber pruehe KafZVKInS
1645 913 1922 997 Wiener Kunst.
1062 918 1192 1008 336
1063 1015 2534 1086 darüber, glaube ich, kann man heute noch kein begründetes Urteil sprechen. Es ist gut,
1060 1073 2522 1128 daß man solche Werke schon heute auf die Bühne bringt, denn das Interesse des großen
1067 1129 2527 1192 Publikums wird dadurch auf die neue Richtung gelenkt, die sonst wohl kaum beachtet
1066 1189 2520 1238 werden würde. Nur wäre es falsch, wenn man sich aus diesen theatralischen Dar¬
1058 1210 2533 1282 bietungen einen Begriff von dem eigentlichen Wesen der neuen Richtung machen wollte.
1063 1276 2532 1326 Die Aufführungen von „Pelleas und Melisande“ (Neues Theater) und
1072 1319 2523 1378 „Im Innern“ (Alte Urania) ließen kaum einen Hauch von dem Geiste Macier¬
1053 1371 2534 1435 lincks verspüren, und selbst die Darstellungskunst des „Deutschen Theaters“ zeigte
1062 1422 2524 1474 sich den Aufgaben, die Hofmannsthal stellt, nicht im entferntesten gewachsen. Und dabei
1066 1474 2525 1546 ist Kainz, der die Hauptrollen spielte, ein spezieller Verehrer des jungen Wiener Dichters
1055 1519 2380 1569 und hatte sich mit besonderer Liebe in das Studium jener Dichtungen versenkt.
1183 1568 2531 1627 Unsere Schauspielkunst ist für die neuen Aufgaben noch nicht reif, und wer heute
1056 1627 2531 1685 in den Geist der Dichtungen eindringen will, ist ausschließlich auf die Lektüre angewiesen.
2020 1668 2448 1748 John Schikowski.
1701 1856 1833 1963 2
1950 1955 2023 2018 WZL.
1677 1947 1968 2041 )
1574 2131 2019 2237 Wiener Kunfl.
1168 2213 2399 2312 Arthur Schnitzler. — Hugo von Hofmannsthal.
1079 2302 2530 2376 Wit drei Einaktern hat Arthur Schialer im Wiener Burgtheater einen starken Erfolg
1068 2356 2526 2410 ## errungen. Er kam diesmal#ers, als gewöhnlich. Durch seine teise, feine
1054 2411 2512 2473 Kunst, deren tiefstes Wesen Stimmung bedeutet, ging diesmal etwas von großem Zug.
1053 2457 2511 2514 Etwas von der Sehnsucht einer reifen Künstlerseele nach Loslösung vom Bann des All¬
1065 2516 2515 2564 tags und seiner Erscheinungen und dem unmittelbaren Zusammenhang mit dem Leben
1066 2554 2520 2614 seiner Zeit. So mag er Lust und Freude empfunden haben, im „Paracelsus“ ein
1065 2604 2526 2654 Stücklein Phantasie spielen zu lassen, so mag es ihn gedrängt haben, seine Kraft an dem
1054 2649 2528 2704 Geist der französischen Revolution zu messen, dieser gewaltig=blutigen Groteska der
1058 2714 2512 2763 Weltgeschichte. Beides that er in seiner vorsichtig zugreifenden, im Ausdruck vornehm
1063 2756 2524 2812 abwägenden Art. Im „Paracelsus“ ist ein mehr liebenswürdiger, als tiefer Gedanke
1061 2813 2519 2860 mit anmutiger Grazie verarbeitet. „Paracelsus“ findet auf einer seiner Wanderungen in
1053 2849 2511 2903 dem Städtchen Basel eine ehemalige Jugendliebe wieder, die an einen ehrlichen Waffen¬
1064 2897 2509 2961 schmied vermählt ist, aber Gefahr läuft, sich in einen jungen, hübschen Burschen zu ver¬
1056 2941 2521 3006 lieben. Auf dem Wege magnetischer Suggestion öffnet er dem Schmied die Augen und
1050 2995 2525 3049 befreit zugleich das junge Weibchen von seiner gefährlichen Neigung. Ein hübsches Spiel
1057 3046 2513 3111 mit Traum und Wirklichkeit, das viele schöne und seine Gedanken aufweist. Freilich
1064 3096 2516 3159 hatte man wohl manchmal das Gefühl, hier könnte etwas tieferer Ernst einsetzen, und
1055 3139 2507 3205 die Figur des Paracelsus könnte etwas energischer herausgearbeitet erscheinen. Im An¬
1057 3196 2515 3252 fang sind Ansätze dazu da, dann aber tritt die Charakteristik der Personen gegen die
1062 3238 2520 3290 Anekdote der Handlung in den Hintergrund. — Die Darstellung war eine sehr gelungene.
1062 3296 2525 3379 Herr Krastel gab den Waffenschmied Cyprianus mit Wärme und behäbigem Humor,
