3436 4224
1442 176 1874 263 box 15/2
669 177 1296 253 Fruene Kakadu
230 180 641 270 9.3. Der
463 241 1288 275 AAASeGn ARARRARARARAEREARARRRRRRAmr A
402 939 779 1024 Telephon 12801.
598 1014 1278 1139 „OBSERVER
398 1127 1523 1216 I. österr. behördl. konz. Unternehmen für Teitungs-Ausschnitte
605 1202 1333 1287 Wien, I., Concordiaplatz 4.
816 1260 1118 1321 Vertretungen
400 1296 1528 1363 in Berlin, Budapest, Chicago, Christiania, Genf, Kopenhagen,
406 1356 1530 1407 London, Madrid, Mailand, Minnenpolis, New-York, Paris, Rom,
582 1394 1348 1459 San Francisco, Stockholm, St. Petersburg.
752 1433 1170 1490 (Quallenangabe ohme Gewihr.)
397 1488 1493 1579 Ausschnitt## Allgerneine Zeitung, Wien
763 1581 1078 1671 17.10.1905
408 1622 559 1672 vom:
450 1733 1622 1856 Theater, Kunst und Literatur.
1152 1845 1572 1918 Wien, 16. Oktober.
552 1867 1605 1966 (Deutsches Volkstheater.) „Der zer¬
427 1936 1608 2013 sbrochene Krug Der ganz Ferbrochene Krug. Man hat
441 1997 1606 2067 ihm im Deutschen Volkstheater noch wesentliche Stücke fort¬
440 2039 1597 2122 geschlagen. Die wunderschöne Beschreibung seiner üppigen Pracht
443 2079 1608 2161 war auf ein ganz Geringes reduziert. Wer diesen weitschweifigen
449 2118 1605 2204 gerührten Nekrolog den Frau Marthe ihrem geliebten Krug
448 2172 1599 2251 hält, als „Länge“ empfindet, versteht die innige Laune des
438 2220 1591 2309 Kleistschen Lustspieles schlecht. Die Länge ist wohl da, aber
448 2276 1589 2357 eine äußerst reizvolle, bedingte, charakteristische, unerläßliche
446 2314 1588 2394 Länge. Eine Länge nach innerlicher Notwendigkeit, die eine
431 2362 1600 2450 dem Geist der Komödie nachspürende Regie ängstlich bewahren
434 2435 1576 2491 müßte. Da zu kürzen ist ein ähnlicher Geniestreich, wie es
426 2477 1600 2553 jetwa einer wäre, dem Habakuk die Worte: „Ich war zwei
431 2526 1596 2599 Jahr in Paris“ herauszustreichen, weil er das gar zu ost
429 2570 1597 2635 sagt. Im Volkstheater hat man den „Zerbrochenen Krug“ ats
437 2618 1583 2697 tinematographisch bewegtes Genrebild inszeniert. In gutem
428 2663 1582 2735 Tempo, aber ein wenig steif und ruckweise flossen die Bühnen¬
427 2707 1594 2806 bilder in einander über. Die ganze Aufführung war: saftlos.
428 2768 1582 2840 Humor, das heißt bekanntlich Feuchtigkeit. Die fehlte durchaus.
428 2811 1583 2901 Kleistsche Lustigkeit ist ja gewiß nicht possenhaft, hat immer
427 2870 1582 2941 einen dunklen Fond; es ist stets irgendwie Nacht ringsum, wo
420 2919 1587 2983 Kleistsche Heiterkeit strahlt. Aber Herr Höfer ist doch gar
426 2968 1586 3046 zu seriös komisch. Sein Dorfrichter Adam war höchstens eine
422 3011 1583 3076 klägliche, vielleicht lächerliche Figur, keine lustige. — Dann
426 3067 1586 3129 „Der grüne Kakadu“, die witzige Groteske von Arthur
422 3109 1579 3175 Schnitzler, welche nicht gewinnt, wenn man sie östers sieht.
415 3159 1580 3223 Man merkt dann die Monotonie des Einfalles, der so behaglich
416 3211 1573 3277 breit phrasiert und paraphrasiert ist, und empfindet die geniali¬
423 3247 1581 3330 sche Verschlingung von Spiel und Wirklichkeit, wenn auch mit
415 3314 1579 3375 glänzendem Geschick besorgt, doch als einen auf kältestem Weg
413 3355 1567 3420 des Kalküls erzeugten, konstruierten Theater=Spaß. Von dem
411 3388 1579 3465 berühmten, historischen frisson, der einem bei dieser Revolutions¬
423 3433 1572 3522 geschichte überlaufen soll, von dem ebenso berühmten Atem
418 3499 1573 3559 der Weltgeschichte, der geisterhaft über's Antlitz des Zuhörers
423 3536 1567 3601 zu streichen hat, habe ich diesmal gar nichts gespürt. Welt¬
411 3587 1571 3673 geschichte als Dekoration, 1789 als roter Hintergrund, mehr
404 3639 1567 3726 nicht. Prächtig war Herr Homma als Strolch. Herr Vallentin,
401 3702 1569 3766 der Regisseur, hat an der Schnitzlerschen Grotgske sein Bestel
403 3734 1561 3794 geleistet. Es war so viel Buntheit, Lebendigkeit und dramati
411 3773 1563 3863 'scher Zug in der Sache, daß das Publikum von dem Wirbel
414 3844 1577 3919 der Bühnenbewegung förmlich mitgepackt, und, beifalltobend,
415 3883 1018 3952 vor han Dichter geschloift wirde.
2211 93 2694 179 „D
2008 143 3114 235 I. österr. behördl. konz. Unternehmen für Zeitungs-Ausschnitte
2206 224 2929 300 Wien, I., Concordiaplatz 4.
2429 283 2735 346 Vertretungen
2021 303 3124 395 in Berlin, Budapest, Chicago, Christiania, Genf, Kopenhagen,
2014 362 3126 425 London, Madrid, Mailand, Minneapolis, New-York, Paris, Rom,
2201 399 2958 484 San Francisco, Stockholm, St. Petersburg.
2381 456 2791 519 (Quellenangabe ohne Gewshr.)
2553 502 3099 604 REICHSPOST, WIEN
2025 529 2421 612 Ausschnitt aus:
2493 603 2786 694 17. 10. 190
2035 649 2209 715 vom:
2209 686 3085 748 Deutsches Volkstheater. Besser konnte
2027 741 3079 811 dem Publikum die gähnende Kluft zwischen der
2016 806 3053 896 Kunst unserer Alten und den Leistungen der
2021 876 3044 952 Gegenwartsdekadenze nicht demonstriert werden,
2018 943 3060 984 als es durch die Aufführung der beiden Einakter
2020 977 3148 1054 „Der zerbrochene Krug“ von Kleist und „Der 5
2021 1030 3045 1102 grüne Kakadu“ von Schnitzler am letzten Samstag
2026 1077 3046 1151 geschah. Kleist und Schnitzler! Wenn Wilhelm
2022 1108 3035 1193 v. Schlegel mit seiner Behauptung im Rechte ist,
2024 1175 3044 1241 daß das Komische darin liege, daß zwei Unver¬
3082 1206 3125 1276 E
2034 1217 3049 1274 gleichbare Dinge zwangsweise mit einander ver¬
2035 1275 3051 1330 glichen werden, dann hat die Direktion des
2031 1323 3051 1386 Deutschen Volkstheaters durch Nebeneinander¬
2030 1364 3037 1434 stellung der beiden Autoren — der Name „Autor“
2015 1423 3052 1485 kann füglich für Schnitzler ebenso gebraucht
2036 1460 3043 1520 werden wie für Kleist — für die Fröhlichkeit des
2029 1509 3045 1561 Abends nicht minder gesorgt als die Darsteller.
2034 1566 3047 1613 „Der zerbrochene Krug“ hat den Kritikern, von
2024 1604 3055 1676 Goethe angefangen bis herauf in die jüngste Zeit,
2017 1633 3051 1715 viel Kopfzerbrechen gemacht. Der Einakter wollte
2018 1687 3050 1767 in so gar keinen der vielen Schablonenkrüge passen.
2026 1758 3056 1818 Und doch vermochte ihn kein Kopfschütteln
2018 1783 3052 1866 der Kritik umzubringen, mit solch dichterischer
2028 1854 3058 1903 Schöpferkraft hat Kleist das tragikomische Geschick
2015 1901 3051 1953 des schurkischen Richters von Huisum verewigt,
2020 1936 3052 2017 im wahrsten Sinne des Wortes verewigt. Die
2013 1993 3045 2047 Darstellung war eine recht gute, nur war das
2014 2026 3053 2103 Tempo stellenweise ein gar zu rasches. Die Hand¬
2021 2086 3054 2140 lung ist schon selbst so konzentriert und eilt mit
2019 2135 3046 2211 so pfeilgeschwinder Konsequenz dem Schlusse zu,
2017 2179 3042 2246 daß sie einer Nachhilfe durch eine sich überstürzende
2020 2234 3049 2295 Wiedergabe nicht bedarf. Bei aller Urwüchsigkeit des
2020 2284 3036 2349 Ausdruckes, der nie schwächlich umgeht und umschreibt,
2014 2326 3042 2379 was mitgeteilt werden soll, bei aller Wucht der
2014 2381 3035 2444 Charakteristik, enthält der Einakter so viele Fein¬
2006 2407 3033 2486 heiten, daß die Darstellung in der Betonung der¬
2018 2478 3038 2528 selben nicht freigebig genug sein kann, soll das
2010 2526 3044 2570 Publikum nichts überhören. Frl. Elsa Galafrés
2020 2567 3037 2625 („Eve“) überragte die übrigen Darsteller um
2009 2599 3038 2690 Haupteslänge. Höfers „Dorfrichter Adam“ war
2011 2670 3034 2727 gut gezeichnet, aber der grandiose Humor dieser
2006 2707 3045 2787 Rolle kam stellenweise nicht recht zum Durch¬
2023 2758 3042 2826 bruch. Die Damen Kathi Thaller (Marthe Rull)
2012 2813 3031 2867 und Schweighofer (Frau Brigitte) und die
2009 2852 3032 2925 Herren Amon (Schreiber Licht) und Birron
2019 2905 3032 2975 (Ruprecht) wurden ihren Rollen vollauf gerecht. Alles
2008 2960 3037 3038 in allem: Eine Vorstellung, die der Spielleitung
2018 3005 3034 3050 Pallentins zur Ehre gereicht und recht viele Wieder¬
2018 3050 3026 3113 holungen verdient. — Und nun „Der grüne Kakadu“
2024 3100 3043 3155 Eine Groteske“ nennt Schnitzler dieses vom
2019 3141 3035 3204 Burgtheater abgelegte Stück. Ein Pariser Nacht¬
2018 3193 3047 3271 lokal zur Zeit der Erstürmung der Bastille, be¬
2014 3252 3033 3309 setzt mit einem Gefindel aus den obersten und
2020 3294 3036 3350 untersten Zehntausend, mit Halbwelt, Dieben und
2017 3330 3037 3407 Revoluzzern — ja eine Groteske“ mag das
2021 3385 3036 3442 sein. Studenten würden das ganze einen minder
2016 3420 3048 3501 geglückten Fuchsenulk taufen. Die erste Hälfte ist
2012 3474 3035 3550 unendlich leer und langweilig, eine Summe wert¬
2019 3527 3032 3590 losen und gleichgültigen Geschwätzes, das auch
2016 3581 3035 3641 vom tollen Dauergeschrei des Schlusses nicht mehr
2009 3623 3035 3680 ungeschehen gemacht werden kann. Das hübsche
2011 3673 3039 3740 Motiv, daß aus Späßen blutiger Ernst werden
2005 3732 3031 3791 werden kann, wurde schon vor Schnitzler besser
2006 3769 3031 3820 und mit weniger Lärm verwendet. Die Dar¬
2004 3819 3014 3890 stellung der „Groteske“ war übrigens eine so
2005 3866 3031 3936 vollendete, daß das Publikum richtig hereinfiel
2001 3904 3031 3976 und auch den Autor hervorklatschte. Die Damen
2006 3950 3037 4028 Galafrés und Lißl, die Herren Homma, Jensen
1995 4020 3031 4093 und Krämer schufen Gestalten, wie man sie im Leben
2002 4063 2686 4121 nicht lebenswahrer treffen dürfte.
2870 4071 2983 4151 pt.
