3484 4480
1931 121 2365 217 box 16/1
169 127 1804 246 9. 4. Der gruene Kakadu Zyklus
594 1532 3333 1583 —1h., denn sie vertäufen nur einen be= des Klassenkampf=Charakters entgegenzutreten." Pattei= eine Rede, in weichere#sagte, Wun
278 1614 3366 1699 Phantasie und Kunst Mörder, Diebe, Strolche, Gauner und das ganz vorzügliche Zusammenspiel wirkten zu einem Dr. Pfannenschmidt) entsandt. 52 Vereine
265 1670 3346 1723 jeglicher Art dar, und die Blasiertheit ihres aristokratischen starken Erfolge zusammen. Den Herzog von Cadignan Delegierte vertreten. Archivrat Dr. Baillen
277 1721 3354 1781 Publikums ergötzt sich an dem schauerlichen Naturalismus, spielte für Hrn. Blankenstein Hr Winterstein aus Berlin Vorsitz, während zu Ehrenvorsitzenden die ##
272 1759 3357 1819 wie an der grotesken Grobheit des Wirts. Man steht mit entsprechendem vornehmen Uebermute. Aus den zahl= meister Dr. Back und der Präsident des La#
264 1802 1411 1855 schon mitten in der Revolution, es ist der Abend des
2502 1801 3344 1867 Dr. v. Schlumberger erwählt wurden. D
1399 1807 2515 1873 reichen Gestalten ragten Frl. Richard (Marquise von
274 1841 1406 1913 Bastillensturms, und der Dünkel und die überhebliche
1400 1840 3358 1917 Lansac), Fil Serda (Léocadie), die Herren Müller begann mit einem Nachruf für den verston
262 1888 1408 1959 Sicherheit der bevorrechteten Gesellschaft, die seit vielen
1401 1895 3358 1968 (Vicomie von Nogéant), Wiene (Prospère), Wiecke Reinwald in Lindau, der sich lebhaft an den
269 1937 1404 2006 Jahren mit dem Feuer spielt, hat noch immer keinen Be¬
1388 1951 3365 1994 (Henri), Gunz (Grasset, Philosoph), Winds (Polizei= des Gesamtvereins beteiligt hat, und mit
2498 1991 3360 2056 über die Geschäftslage während des letzten
262 1967 2516 2045 griff davon, daß ihr das Feuer demnächst auf die Nägel kommissar), René (Grain, ein Strolch) durch charakteristische
268 2024 2510 2097 brennen wird. Alles ist nur zu ihrer Unterhaltung, zur und scharfe Hervorhebung des Grundgedankens und der
2500 2023 3362 2103 legte eine reich mit wissenschaftlichen Beit
265 2075 2507 2138 Kitzelung ihrer Nerven in der Welt, die kochende Wut, Grundstimmung wirkungsvoll heraus; aber auch die
2492 2077 3358 2130 schichte Straßburgs und Elsaß=Lothringens
263 2110 2510 2195 die Selbstentwürdigung der Zertretenen wird zu einem kleineren Rollen erschienen vortrefflich auf den eigentüm¬
2491 2123 3334 2181 Festnummer des Korrespondenzblattes vor.
2500 2161 3354 2222 Grotefend nahm Gelegenheit, dem Verein
265 2156 2519 2233 ästhetischen Genuß, der durch die Beziehungen des lichen Ton des Ganzen gestimmt. Die phantastische
265 2202 1408 2275 Publikums zu den Darstellerinnen der Bühne seine be¬
2501 2214 3363 2279 Berlins, der 15 Jahre hindurch dem Gesah
1393 2202 2513 2276 Komödie oder Groteske, wie Hr. Schnitzler will, hat
271 2249 1406 2317 sondere Würze erhält. Um so wuchtiger bricht endlich die
2498 2258 3352 2316 gestanden hat, für seine Thätigkeit zu danken.
1395 2255 2503 2322 einen sehr ernsten Hintergrund, insosern sie nicht bloß
264 2289 1410 2353 Wahrheit über die frivole Phantastik herein, die Scharen
2499 2302 3365 2371 ein längerer Vortrag des Prof. Dr. Varrent##
1393 2307 2516 2381 Spiegel der Vergangenheit, sondern in einem gewissen
273 2330 1400 2402 der Bastillestürmer erfüllen den Keller, just in dem Augen¬
2488 2350 3354 2400 burger Einwirkung auf Goethes historische
1403 2343 2223 2430 Hinne auch einer gewissen Gegenwart ist.
252 2372 1414 2456 blick, wo der Schauspieler Henri der die schöne Leocadie
2496 2393 3358 2462 auf dessen reichen Inhalt wir an dieser S#
2137 2372 2473 2469 Adolf Stern.
258 2433 1409 2495 geheiratet hat, in Erfahrung bringt, daß diese ihn noch
2491 2443 3353 2507 gehen können. An die Hauptversammlung
2498 2470 3360 2529 Sektionssitzungen an; sowohl für die prät
268 2489 2508 2586 am Hochzeitstage mit dem Herzog von Cadignan be=Generalpersammlung des Gesamtvereins der deutschen
268 2519 1441 2601 trogen hat. In wilder Wut sticht Henri den Herzog)
2479 2514 3360 2591 kunstgeschichtliche als für die geschichtlichen
1573 2545 2323 2626 Geschichts= und Altertumsvereine.
252 2556 1418 2631 nieder; die Marquise Severine von Lansac will es“
2483 2573 3364 2624 ein so umfangreiches Beratungsmaterial v#
253 2601 3361 2676 zwar noch immer interessant finden, daß ein wirklicher Straßburg, den 27. September 1899. Dem ersten Erschöpfung von vornherein ausgeschlossen ersch
253 2648 2511 2726 Herzog einmal wirklich ermordet worden ist, aber auch deutschen Archivtage folgte am gestrigen Tage die
2501 2661 3362 2715 III/IV. Sektion sprachen Abbé Gény über die
258 2690 2519 2761 die Süffisantesten der vergnügungslustigen Gesellschaft Generalversammlung des Gesamtvereins der
2500 2697 3366 2759 Stadtrechte, Prof. Dr. Witte (Hagenau) ü
257 2736 2518 2809 ziehen bleich und schlotternd durch die Horde der zer= deutschen Geschichts= und Altertumsvereine in der
2505 2748 3359 2818 Friedrich III. von Nürnberg und den alth
260 2786 2511 2853 lumpten Pikenmänner und Musketenträger ab. Natürlich prächtigen Aula der Kaiser=Wilhelms=Universität. Gegen
2504 2782 3366 2843 Besitz in Oesterreich; am folgenden Tage
254 2821 2508 2890 ist die Erfindung historisch nach Tag und Stunde be= 300 Teilnehmer, der größere Teil von auswärts, hatten
2502 2841 3364 2892 dann noch Mitteilungen von Prof. Dr. v. Zwi
253 2872 2511 2938 trachtet eine Unmöglichkeit, aber der thatsächlich vor= sich angemeldet; Regierungsvertreter hatten Preußen (geh.
2498 2884 3364 2935 über die Ausbeutung der österreichischen Priv
255 2917 2513 2981 handene und verhängnisvolle Gegensatz zwischen der Oberregierungsrat v. Bremen), Sachsen (geh. Regierungs¬
2492 2927 3366 2992 die Gründung der Wiener historischen Kon
256 2953 3337 3030 Selbstüberhebung der vornehmen Gesellschaft und der rat Dr. Roscher), Württemberg (Prof. Dr. Gradmann), von Prof. Dr. Knod über das Archiv
263 3001 3374 3062 wahnsinnigen Erbitterung der anderen ist vorzüglich ver= Baden (Geh. Rat Dr. Wagner), Mecklenburg (geh. Nation in Padua an. Prof. Dr. Lampre
257 3051 3369 3105 körpert, die beiden Gruppen wirken vollkommen wie Archivrat Dr. Grotefend), Oldenburg (Archivrat Dr. Sello), machte Mitteilung über die von ihm geplan#
257 3090 3349 3148 Spieler und Gegenspieler, durch das Ganze geht ein Hamburg (Senatssekretär Dr. Hagedorn), Braunschweig für deutsche Kulturgeschichte; geh. Archivrat
260 3135 3376 3233 fortreißender Zug. Die Inscenierung durch Hrn Lewinger (Archivrat Dr. Zimmermann) und Hamburg (Archivdirektor suchte um die Mitteilung von Kalendar###
