3392 4256
2022 145 2473 248 box 15/5
1095 155 1227 231 Kal
252 160 1889 267 9.4. Der Brnene„kadnZkIus
901 1072 3223 1184 Das „Pragel Tagotart heot herdor, daß der sja die anderen Fractionen wissen nur Schraumes von Den¬
157 1115 888 1218 1809 zu Schweden gehörte, und
155 1155 3206 1240 unter 294 Mitgliedern noch bei Gedanke der Kreisämter auch den Deutschen seit geraumer jenigen zu erzählen, welche nicht zu ihnen gehören. Es soll
122 1197 3211 1310 wird in seiner Selbständigkeit von Zeit nicht ferne liege. Das Blatt meint, der springende Punkt nicht geleugnet werden, daß nach dem Tode Herbst's, nach
131 1241 3222 1363 als ein werthvolles Unterpfand für in der Frage sei, ob bei der geplanten Kreiseintheilung die dem Rücktritte Plener's vom öffentlichen Leben sich ein
122 1352 3199 1470 kenfassung seiner einactigen Stücke gewesen. Die erstere Suggestion wird zur Züchtigung früher Theaterdirector war, hat sich eine behördlich con¬
121 1405 3199 1516 efährtin“ und „Der grüne Kakadu“ des allzu selbstbewußten Herrn Cyprion, die zweite wird cessionirte Verbrecherkneipe eingerichtet, ein Local, das
119 1503 3205 1566 ktel hat Schnitzler abgesehen. Er zur Lection für Paracelsus selbst. Das ist Alles. Ein einen schrecklichen Ruf genießt, in dem aber nur die
844 1542 3208 1596 hübscher Gedanke, aber keine Handlung. Stoff genug engagirten Schauspieler Prospére's als Verbrecher auf¬
118 1535 868 1612 n, die sonst nichts Besseres zu
842 1548 3205 1657 für eine zierliche Novelle, aber keine Schauspielidee. Intreten, um einem hohen Adel und einem verehrungs¬
122 1598 845 1670 hen Titel, den verbindenden Ideen¬
838 1592 3216 1705 guten Versen plätschert das dahin, vielleicht recht ange= würdigen Publicum ein gelindes Gruseln zu lehren. An
123 1632 854 1723 ist zwecklose Tändelei. In Wahr¬
855 1650 3207 1741 nehm zu flüchtiger Lectüre, aber öde und ermüdend im dem Abend soll der Star der Gesellschaft, der Schau¬
120 1691 856 1772 geringste Verbindung zwischen dem
145 1684 3215 1806 Oder richtiger gesagt, die Ver= Schneckengang über die Bühne. — Das zweite Stück, spieler Henri, zum letztenmale auftreten, denn er hat
162 1755 3213 1844 hergestellt ist, läßt sich zwischen das einactige Schauspiel „Die Gefährtin“ führt uns in seine langjährige Geliebte, die Schauspielerin Leocadie
128 1809 3218 1902 etern herstellen. Es bedarf dazu die Villa des Professors Robert Pilgram. Er hat soeben geheiratet und will mit ihr fort von Paris, in das stille
2016 1839 3217 1921 Dorf hinaus, wo er daheim ist. Für sein letztes Auftreten
126 1860 2041 1956 ichkeit, einer Redewendung, irgend seine Frau zu Grabe geleitet. Nun ist er — endlich
2014 1891 3219 1969 in der Verbrecherspelunke hat er sich einen besonderen
135 1906 2025 2005 eines „aber“, das sich füglich allein. Denn seine Frau war ihm seit Jahren entfremdet,
2016 1919 3218 2021 Tric zurechtgelegt. Er kommt und erzählt, er habe
132 1967 2026 2036 man das nachsichtig als Ideen= sie hatte mit dem Assistenten des Professors, Dr. Haus¬
2020 1971 3229 2068 Leocadie aus dem Theater abholen wollen, sei in ihre
170 2007 2028 2096 dann ist ja Alles in Ordnung. mann, ein gemüthliches, häusliches Liebesverhältniß unter¬
152 2054 3226 2150 st den drei Einactern Schnitzler's halten. Pilgram wußte das. Nun kommt Hausmann Garderobe gedrungen, habe sie dort in verfänglicher
137 2142 3212 2193 e Verlauf, der vollständige Mangel aus Scheveningen und der Professor erwartet, er werde Situation mit dem jungen Herzog von Cadignac ange¬
861 2146 3224 2230 in wildem Seelenschmerz vor ihm zusammenbrechen. Er ist troffen und habe den Herzog niedergestochen. Das sagt
125 2167 864 2247 rknotung und Lösung. Das haspelt
851 2198 3222 2272 bereit, ihn liebevoll zu erheben und zu trösten. Aber der und spielt er so naturwahr und das ist an sich auch so
135 2227 870 2289 nter wie ein dreigetheilter Strähn
859 2230 3230 2321 Schwerenöther Hausmann hat sich an der Nordsee ver= wahrscheinlich, daß Prospère ihm verräth, Leocadie habe
121 2273 859 2350 Mach moderner Auffassung ist es
134 2320 3224 2388 atische Kunst. Nach urwüchsiger lobt, während seine Geliebte starb. Das erst ruft die ihn thatsächlich mit dem Herzog betrogen. Und da nun
2021 2322 3223 2394 dieser eben die Treppe der Spelunke herabsteigt, so
152 2355 2041 2426 es einfach — langweilig. Dabei moralische Entrüstung des merkwürdigen Eheheiligen
128 2353 3222 2499 Schnitzler überreichlich geboten ist, Professor Pilgram wach. Er jagt Hausmann über die stürzt sich Henri auf ihn und sticht ihn thatsächlich
151 2425 3213 2537 Da ist nichts als Convention. Schwelle. Man weiß nicht, warum erst jetzt. Und nun nieder. Um diese anekdotische Begebenheit sind Episoden¬
185 2526 3214 2567 einactigen Schauspiel „Para= erfährt Pilgram auch noch, daß seine liebe Frau von splitter mosaikartig angeordnet. Das Ganze wirkt trotz
130 2505 210 2589 n
257 2522 3221 2619 in das Haus des ehr= der Verlobung Hausmann's wußte und dagegen gar der wenig erquicklichen Scenerie und trotz der blut¬
136 2566 251 2635 wir
139 2588 3225 2690 affenschmiedes Cyprian geführt, nichts einzuwenden hatte. Er hat also seinen Assistenten geschwängerten Atmosphäre des 14. Juli 1789 keines¬
149 2622 3223 2720 berühmte Arzt, Chemiker und doch zu früh hinausgeworfen. Er legt den Kranz Haus= wegs aufregend. Man erwartet etwas, man ist auf
874 2663 3217 2761 mann's auf den Schreibtisch der Verstorbenen und geht Erregung, auf Erschütterung vorbereitet, aber es ge¬
141 2704 876 2782 in der Stadt erscheint und durch
143 2706 3225 2828 wie durch seine Wundercuren Auf= schlafen. Man darf beruhigt annehmen, er werde eine schieht nichts, was solche Wirkung hervorbringen könnte.
148 2820 3227 2866 lädt den Wundermann in sein gute Nacht haben. Schluß. Auch das ist eine Erzählung, Denn der Comödiantendolchstich, der aus Spiel zur
146 2815 3228 2919 sich von ihm für einen Gasttrunk aber kein Schauspiel, ein Spiel psychologischer Augenblicks= That wird, ist ein stark verbrauchter Theatereffect und
133 2917 3223 2977 lassen, sondern auch, um sich an wandlungen, eine Art Seelenkinematograph, aber gewiß man muß noch sehr naiv sein, um dadurch überrascht zu
151 2961 3226 3019 Frau zu weiden, um die Paracelsus keine dramatische Arbeit. Man mag mit Interesse diesen werden. Auch dieses Stück bietet also nur einen epischen
150 2955 3231 3061 Bombastus von Hohenheim die zittrigen Seelenbildern folgen, aber daß sie zu fesseln, Stoff in scenischer Form, keineswegs aber dramatischen
2034 3023 2231 3096 Inhalt.
872 3028 2054 3102 zu erschüttern vermöchten, wird wol Niemand ernsthaft
136 3053 874 3122 esuchte, gefreit hatte. Paracelsus
2133 3036 3223 3129 Wie der epische Charakter, so ist den drei Ein¬
870 3080 2049 3170 behaupten wollen. Der dritte Einacter, die „Groteske“
139 3102 882 3165 e Bürgersfrau Justina in hypnotischen
2036 3105 3222 3185 actern Schnitzler's auch eine wunderliche Technik „drama¬
879 3128 2050 3201 „Der grüne Kakadu“, läßt uns in die Spelunke des
140 3151 890 3220 t ihr, daß sie mit dem schmucken
137 3191 3227 3260 haften Umgang gepflogen habe und Bürgers Prospère zu Paris an dem Tage eintreten, das tischer“ Wendungen gemeinsam. Es ist eine Technik der
141 3198 3239 3321 hr sein solle, wie sie es nie noch die Bastille erstürmt wird. Der pfiffige Prospère, der scenischen Antithesen, der Umkehr einer scenischen
