3436 4256
318 189 572 283 9. 4
2075 200 2570 296 box 15/5
548 185 2069 308 Der-Bruene KakauuZukinS
1634 1417 1755 1517 8
2036 1429 2159 1519 1
422 1483 2731 1578 Und voch int Paracelsus — nach der vortrefflichen Cha=] In jungen Tagen hat dieser Paracelsus das Herz eines
417 1508 1344 1586 rakteristik in Sigwarts „Kleinen Schriften“-
2724 1518 3374 1592 Spielereien der „Groteske: Der
1371 1556 2726 1632 „eine der Baseler Bürgerkindes, Justina, gewonnen; als er von
2725 1568 3368 1636 des Bastille=Sturmes, an dem
413 1565 2730 1664 originellsten und ausdrucksvollsten Gestalten jener gähren=dannen ging, vor dreizehn Jahren, „ohn' Abschied und
2720 1619 3373 1678 begibt. Man wird die Kunde
417 1598 2720 1730 den Zeit, in der für alle energischen und strebsamen Köpsel ein Worl von Wiederkommen“, meinte Justina, sie müßte
2720 1648 3384 1720 Zum grünen Kakadu“ bei all
401 1640 1590 1730 Kampf gegen die unfruchtbar gewordenen Traditionen der
1569 1675 1761 1753 sterben.
419 1688 1592 1763 Schule, Erneuerung des Lebens auf allen Gebieten, Be¬
2716 1680 3385 1772 schichtschreibern der französischen
1985 1716 2448 1800 — „Wärt Ihr damals
415 1725 1589 1806 gründung des religiösen Glaubens, wie der Wissenschaft
2716 1744 3384 1813 bis auf Mignet, Michelet und
1665 1765 2563 1836 In jener Nacht, da Ihr die Stadt verließt,
405 1765 1593 1854 auf die echten und ursprünglichen Quellen die über¬
2718 1787 3379 1848 Diese Taverne, in der ein ehem
1663 1816 2638 1899 Nochmals zurückgekehrt — ach — alles hätt' ich,
403 1804 1599 1916 einstimmende Losung war. Er wird von demselben Zorn
2711 1826 3372 1891 blasirtesten Hochadel von Gauner
1663 1868 2560 1939 Was Ihr verlangt, Euch freubig hingegeben.
413 1867 1590 1938 gegen die Galenisten erfaßt, mit dem die Humanisten sich
2719 1876 3372 1945 Sorte Grufelscenen, Verbreche
1661 1901 2566 1978 Ob ich auch wußte, daß der nächste Morgen
406 1908 1579 1984 gegen die Scholastiker wandten und mit dem die Refor¬
2711 1912 3368 1989 Stücklein aufspielen läßt, ist vi
1670 1953 2642 2039 Für ewig mir Euch nahm — so liebt' ich Euch.
393 1960 1578 2043 matoren dus System der römischen Kirche bekämpften.“
2711 1965 3361 2031 Nachahmung der unmodernen
1668 1985 2517 2067 Wer weiß, wie viele Fenster in der Stadt
410 1999 1596 2086 Ein Neuerer dieses Schlages mag ohne weiteres von
2709 1994 3370 2072 der dritten Republik, in der ehe
1668 2035 2701 2114 Allnächtlich offenstehen für Einen, der — nicht kommt.“
397 2031 1582 2125 Stürmern und Drängern unsrer Tage willkommen ge¬
2705 2043 3374 2112 wirkliche oder vermeintliche Bag
396 2063 1596 2177 heißen werden als Vorläuser ihrer Meinungen und
2698 2081 3373 2152 den Bedands der Lebewelt 9
1640 2091 2722 2178 Allgemach hat sich Justina getröstet. Sie ist das Ehe¬
2713 2135 3375 2211 Die widerliche Mode fand imn
400 2121 3371 2200 Thaten. Ihn leibhaftig aus seinem Salzburger Grab weib des Waffenschmieds Cyprian geworden, eines robusten ahmer. Passant, sois moderne!
403 2157 3363 2229 zu neuem Dasein zu beschwören, ging indessen, wenn Philisters, der selbstgefällig sein häusliches Glück für sosund jener Kneipenwirthschaft d
391 2213 3377 2344 nicht über Schnitzlers Fähigkeiten, so doch über Schnitz= unerschütterlich hält, daß er sein Weib nie hütet und Ein paar übermüthige Kunstzig
390 2246 3368 2322 lers Wünsche. In seinem einakligen Schauspiel Para=derart Justina sorglos mit dem schmucken Gigerl Anselm nur geschmackvoller gewürzten
390 2290 3375 2376 celsus ist der geniale Phantast nur ein zahmer Doppel=bis dicht an die Grenze des — Gartenhauses gerathen gaben sie Flauberts „Tentation
400 2342 3382 2402 gänger moderner überkluger Frauenärzte, ein Gedanken=läßt. Hellsichtiger, als der Baseler Protz, gibt ihm der andermal die napoleonische Lege
401 2386 3367 2500 leser offen zutage liegender Geheimnisse, ein Raisonneur zuerst geneckte, dann gereizte Paracelsus eine Probe seiner tollere Schattenspiele zum besten
396 2423 3363 2497 über Liebesgeschichten und Heirathssachen aus der Schule Kunst und damit eine Lektüre modernster Ehe=Zucht. Er Suiten fühlte sich ein gescheiter
386 2463 3335 2537 des jüngeren Dumas und des rasch gealterten Paul hypnotisirt Justina, die im „Hochschlaf“ den platonischen mich recht, Jules Lemaitre —
384 2511 2706 2619 Bourget —: also nicht einmal der Theophrastus Para=Ehebruch beichtet. Es gehört kein besonderer Edelmuth
2696 2554 3228 2638 Plato's Höhle gemahnt.
390 2556 2719 2666 celsus, dem Schopenhauer in seinem Hauptwerk nachrühmte: des Gatten dazu, für solche Gedankensünden Ablaß zu
2774 2610 3366 2678 Ein ähnliches Motiv hat ve
400 2604 2711 2701 „es müsse ihm seine „Metaphysik der Geschlechtsliebe vor=gewähren. Und somit löst sich der Kursus über ver¬
2694 2650 3378 2718 geschwebt, der offenkundige Spitz
387 2640 2699 2769 geschwebt haben indem er in seiner desultorischen Manier suchten Ehebruch in den lehrhaften Lobgesang des Waffen¬
397 2684 1564 2770 fo gende merkwürdige Aeußerung hinschrieb: „Ili sunt quos
2698 2695 3363 2759 männer dermaßen durcheinander
1541 2713 1851 2783 schmieds auf:
382 2730 1564 2821 Deus coputvit, ut eam, quae fuit Uriae et David; quamvis
2699 2746 3372 2802 philosoph mit einem Anschein vo
1715 2772 2645 2858 „Ein Sturmwind kam, der hat auf Augenblicke
390 2778 1565 2861 ex diametro (sic enim sibi humana mens persuadebat) cum
2706 2783 3375 2865 kommen Leute her, die Verbreche
1707 2806 2449 2875 Die Thore unsrer Seelen aufgerissen.
384 2815 1562 2898 justo et legitimo matrimonio pugnaret hoc .. sed propter
2687 2820 3359 2894 es sind, ohne es zu ahnen.“
1695 2857 2438 2933 Wir haben einen Blick hineingethan.
394 2851 1561 2940 Salomonem, qui allunde nasci non potuit, nisi ex Bathseba
2687 2861 3367 2930 (Tabarins Urenkel, der Sohn vo
1702 2896 2449 2974 Es ist vorbei, die Thore fallen zu —
382 2904 1560 2989 conjuncto David semine, quamvis meretrice, conjunxit cos
2694 2914 3374 2969 ersticht zum Beschluß einer lebenst
1704 2942 2528 3018 Doch was ich heut' gesehn, für alle Zeit
376 2940 1546 3023 Deos.“ So verwegene, um nicht zu sagen verruchte Ge¬
2680 2942 3379 3013 seene den Herzog, der mit seiner
1694 2986 2588 3061 Soll's mich vor allzu großem Stolze hüten.
380 2991 1558 3068 dankensprünge läßt sich Schnitzlers Paracelsus nirgends zu¬
2677 2978 3371 3071 der Porte Saint=Martin, nur nah
1702 3027 2598 3115 Es war ein Spiel, doch fand ich seinen Sinn
379 3028 1567 3112 schulden kommen. Er ist — in die Tracht eines Thau¬
2684 3036 3363 3113 gescherzt und geherzt. Weßhalb
1691 3068 2552 3160 Und weiß, daß ich auf rechtem Wege bin.“
381 3074 1558 3150 maturgen entschwundener Jahrhunderte vermummt — der
2683 3092 3377 3153 schon vor Menschenaltern Br#
2685 3130 3376 3202 ihrem Schlußappell an die räch
379 3110 1557 3183 landläufige Diogenes=Desgenais der französischen Sitten¬
1606 3119 3366 3230 So wenig diese Töne und Leute zum Zeitalter der# theater spielen ließ, an Schnitz
381 3164 3326 3231 stücke, ein Klugredner, dessen Eheweisheit Sophisterei bleibt. Reformation stimmen, so wenig passen die tragikomischen! Anstoß nahm, ist rätselhaft.
