<?xml version="1.0" encoding="UTF-8" standalone="yes"?>
<PcGts xmlns="http://schema.primaresearch.org/PAGE/gts/pagecontent/2013-07-15" xmlns:xsi="http://www.w3.org/2001/XMLSchema-instance" xsi:schemaLocation="http://schema.primaresearch.org/PAGE/gts/pagecontent/2013-07-15 http://schema.primaresearch.org/PAGE/gts/pagecontent/2013-07-15/pagecontent.xsd">
    <Metadata>
        <Creator>prov=University of Rostock/Institute of Mathematics/CITlab/Gundram Leifert/gundram.leifert@uni-rostock.de:name=ONB_Newseye_GT_M1+(htr_id=10810)::::v=2.4.2
prov=University of Rostock/Institute of Mathematics/CITlab/Tobias Gruening/tobias.gruening@uni-rostock.de:name=de.uros.citlab.module.baseline2polygon.B2PSeamMultiOriented:v=2.4.2
prov=University of Rostock/Institute of Mathematics/CITlab/Tobias Gruening/tobias.gruening@uni-rostock.de:name=/mnt/transkribus/LA/DEA/URO/LA_news_onb_att.pb:de.uros.citlab.segmentation.CITlab_LA_ML:v=2.4.2
Transkribus</Creator>
        <Created>2019-10-07T11:41:45.194+02:00</Created>
        <LastChange>2019-10-08T17:02:47.665+02:00</LastChange>
        <TranskribusMetadata docId="223987" pageId="9502645" pageNr="142" tsid="16603084" status="IN_PROGRESS" userId="40391" imgUrl="https://files.transkribus.eu/Get?id=KHOKIBKKNZCBSJCJYMEDJWFL&amp;fileType=view" xmlUrl="https://files.transkribus.eu/Get?id=CFALYTDORICCKGQEOQYOKPXI" imageId="6192863"/>
    </Metadata>
    <Page imageFilename="223987_0142.jpeg" imageWidth="3484" imageHeight="4256">
        <ReadingOrder>
            <OrderedGroup id="ro_1711447319778" caption="Regions reading order">
                <RegionRefIndexed index="0" regionRef="r1"/>
                <RegionRefIndexed index="1" regionRef="r2"/>
                <RegionRefIndexed index="2" regionRef="r3"/>
            </OrderedGroup>
        </ReadingOrder>
        <TextRegion orientation="0.0" id="r1" custom="readingOrder {index:0;}">
            <Coords points="231,212 231,4023 1532,4023 1532,212"/>
            <TextLine id="r1l1" custom="readingOrder {index:0;}">
                <Coords points="690,238 1260,247 1301,236 1301,193 1212,175 1157,202 1031,177 970,214 927,186 689,199"/>
                <Baseline points="698,247 727,245 757,243 787,242 817,240 847,239 876,238 906,237 936,236 966,236 996,236 1025,236 1055,235 1085,235 1115,235 1145,235 1174,235 1204,234 1234,234 1264,233 1294,232"/>
                <TextEquiv>
                    <Unicode>Fruene Kakadu</Unicode>
                </TextEquiv>
            </TextLine>
            <TextLine id="r1l2" custom="readingOrder {index:1;}">
                <Coords points="224,259 299,270 342,259 365,275 465,241 496,256 620,254 634,250 633,188 564,205 474,192 451,214 377,179 333,181 308,199 275,192 252,211 222,206"/>
                <Baseline points="231,244 257,246 283,247 310,249 336,249 363,249 389,249 415,248 442,247 468,246 495,246 521,244 547,242 574,241 600,240 627,238"/>
                <TextEquiv>
                    <Unicode>9. 3. Der</Unicode>
                </TextEquiv>
            </TextLine>
            <TextLine id="r1l3" custom="readingOrder {index:2;}">
                <Coords points="488,292 1011,295 1083,274 1143,295 1214,266 1289,294 1288,239 648,228 487,250"/>
                <Baseline points="494,265 533,264 572,263 612,263 651,262 690,262 730,261 769,261 808,261 848,260 887,260 926,260 966,259 1005,259 1044,258 1084,258 1123,257 1162,257 1202,256 1241,256 1281,255"/>
                <TextEquiv>
                    <Unicode> A AsRR S uARAssAAasteastaratarenseataneraserasereesasseeaeeeeeeae un</Unicode>
                </TextEquiv>
            </TextLine>
            <TextLine id="r1l4" custom="readingOrder {index:3;}">
                <Coords points="1079,800 1155,809 1172,796 1226,805 1295,788 1360,799 1470,771 1458,711 1402,726 1365,710 1272,742 1216,721 1077,736"/>
                <Baseline points="1085,773 1110,774 1135,774 1160,774 1185,773 1211,771 1236,770 1261,768 1286,767 1311,765 1337,764 1362,763 1387,763 1412,764 1437,764 1463,767"/>
                <TextEquiv>
                    <Unicode>Telephon 12.801.</Unicode>
                </TextEquiv>
            </TextLine>
            <TextLine id="r1l5" custom="readingOrder {index:4;}">
                <Coords points="1138,901 1148,901 1164,883 1189,891 1216,880 1246,896 1251,890 1262,895 1273,889 1280,894 1290,890 1287,857 1262,859 1235,837 1223,841 1200,823 1179,816 1160,827 1141,822 1131,826"/>
                <Baseline points="1144,890 1171,886 1199,880 1226,877 1254,877 1282,881"/>
                <TextEquiv>
                    <Unicode>S—</Unicode>
                </TextEquiv>
            </TextLine>
            <TextLine id="r1l6" custom="readingOrder {index:5;}">
                <Coords points="412,964 1202,944 1233,919 1165,883 1127,900 1057,840 685,847 601,915 555,883 411,890"/>
                <Baseline points="419,934 459,938 499,942 539,944 580,946 620,946 660,946 701,946 741,945 781,943 822,942 862,940 902,938 942,936 983,935 1023,933 1063,931 1104,930 1144,930 1184,930 1225,930"/>
                <TextEquiv>
                    <Unicode>= „OBSERVEI:</Unicode>
                </TextEquiv>
            </TextLine>
            <TextLine id="r1l7" custom="readingOrder {index:6;}">
                <Coords points="371,1036 1465,1004 1463,934 370,1002"/>
                <Baseline points="378,1022 434,1019 491,1018 548,1016 605,1014 661,1013 718,1011 775,1010 832,1008 889,1006 945,1004 1002,1003 1059,1001 1116,998 1173,996 1229,993 1286,990 1343,987 1400,983 1457,979"/>
                <TextEquiv>
                    <Unicode>1. österr. behördl. konz. Unternehmen für Zeitungs-Ausschnitte</Unicode>
                </TextEquiv>
            </TextLine>
            <TextLine id="r1l8" custom="readingOrder {index:7;}">
                <Coords points="511,1092 1308,1087 1355,1068 1354,1035 1151,1009 991,1037 829,1016 689,1054 598,1022 509,1035"/>
                <Baseline points="517,1081 558,1082 600,1082 641,1082 683,1082 724,1081 766,1080 807,1079 849,1077 890,1075 932,1073 974,1071 1015,1069 1057,1067 1098,1065 1140,1063 1181,1061 1223,1060 1264,1058 1306,1057 1348,1057"/>
                <TextEquiv>
                    <Unicode>Wien, I., Concordiaplatz 4.</Unicode>
                </TextEquiv>
            </TextLine>
            <TextLine id="r1l9" custom="readingOrder {index:8;}">
                <Coords points="716,1140 787,1152 854,1140 1141,1148 1140,1110 1093,1089 1010,1109 964,1096 823,1114 771,1094 715,1103"/>
                <Baseline points="723,1139 748,1139 774,1139 799,1138 825,1137 851,1137 876,1136 902,1135 928,1135 953,1134 979,1133 1004,1132 1030,1131 1056,1130 1081,1130 1107,1128 1133,1127"/>
                <TextEquiv>
                    <Unicode>Vertretungen</Unicode>
                </TextEquiv>
            </TextLine>
            <TextLine id="r1l10" custom="readingOrder {index:9;}">
                <Coords points="385,1221 1452,1187 1458,1128 383,1182"/>
                <Baseline points="392,1206 445,1204 498,1202 551,1201 604,1199 657,1197 710,1196 763,1194 816,1192 869,1190 922,1188 975,1186 1028,1184 1081,1182 1134,1180 1187,1177 1240,1175 1293,1173 1346,1171 1399,1169 1453,1166"/>
                <TextEquiv>
                    <Unicode>in Berlin, Budapest, Chicago, Christiania, Genf, Kopen¬</Unicode>
                </TextEquiv>
            </TextLine>
            <TextLine id="r1l11" custom="readingOrder {index:10;}">
                <Coords points="391,1253 1461,1227 1475,1184 389,1216"/>
                <Baseline points="398,1245 451,1244 505,1242 558,1241 612,1239 665,1237 719,1235 772,1233 826,1231 879,1229 933,1227 987,1225 1040,1223 1094,1220 1147,1218 1201,1216 1254,1214 1308,1212 1361,1211 1415,1208 1469,1207"/>
                <TextEquiv>
                    <Unicode>hagen. London, Madrid, Mailand, Minneapolis, New-Vork,</Unicode>
                </TextEquiv>
            </TextLine>
            <TextLine id="r1l12" custom="readingOrder {index:11;}">
                <Coords points="430,1300 1371,1268 1444,1216 428,1253"/>
                <Baseline points="436,1282 486,1281 536,1279 586,1278 636,1276 686,1274 736,1272 786,1270 836,1268 886,1266 937,1265 987,1264 1037,1262 1087,1260 1137,1259 1187,1258 1237,1257 1287,1256 1337,1255 1387,1255 1438,1255"/>
                <TextEquiv>
                    <Unicode>Paris, Rom, San Francisco, Stockholm, St. Petersburg.</Unicode>
                </TextEquiv>
            </TextLine>
            <TextLine id="r1l13" custom="readingOrder {index:12;}">
                <Coords points="723,1319 772,1327 816,1308 851,1317 1033,1299 1099,1313 1153,1299 1152,1271 721,1279"/>
                <Baseline points="729,1308 755,1307 781,1306 807,1305 833,1303 859,1302 885,1301 911,1300 937,1299 963,1297 989,1296 1015,1295 1041,1294 1067,1294 1093,1294 1119,1293 1145,1293"/>
                <TextEquiv>
                    <Unicode>(Quellenangabyöhne Gewähr).</Unicode>
                </TextEquiv>
            </TextLine>
            <TextLine id="r1l14" custom="readingOrder {index:13;}">
                <Coords points="387,1405 1541,1335 1536,1277 1302,1255 1193,1311 384,1365"/>
                <Baseline points="393,1387 452,1389 512,1389 572,1388 632,1385 692,1382 752,1378 812,1373 872,1369 932,1363 992,1357 1052,1351 1112,1345 1172,1340 1232,1335 1292,1331 1352,1326 1412,1323 1472,1320 1532,1319"/>
                <TextEquiv>
                    <Unicode>Ausschnit ams: Mezzeg. Teger</Unicode>
                </TextEquiv>
            </TextLine>
            <TextLine id="r1l15" custom="readingOrder {index:14;}">
                <Coords points="1094,1428 1250,1429 1275,1411 1288,1422 1365,1411 1422,1422 1469,1402 1495,1417 1507,1415 1503,1367 1451,1370 1426,1349 1333,1365 1313,1352 1277,1377 1183,1362 1145,1389 1091,1401"/>
                <Baseline points="1102,1437 1128,1431 1154,1426 1181,1422 1207,1417 1234,1414 1260,1411 1287,1409 1313,1407 1340,1405 1366,1404 1393,1403 1419,1403 1446,1402 1472,1402 1499,1401"/>
                <TextEquiv>
                    <Unicode>Ka08</Unicode>
                </TextEquiv>
            </TextLine>
            <TextLine id="r1l16" custom="readingOrder {index:15;}">
                <Coords points="393,1516 421,1532 540,1523 565,1536 733,1518 752,1500 784,1501 785,1435 756,1447 722,1436 694,1458 664,1459 629,1429 486,1462 394,1459"/>
                <Baseline points="400,1494 425,1494 450,1493 475,1493 500,1493 525,1493 550,1493 575,1493 601,1493 626,1494 651,1494 676,1495 701,1496 726,1497 751,1499 777,1500"/>
                <TextEquiv>
                    <Unicode>WZ 4</Unicode>
                </TextEquiv>
            </TextLine>
            <TextLine id="r1l17" custom="readingOrder {index:16;}">
                <Coords points="743,1556 1032,1557 1223,1504 1459,1516 1520,1508 1520,1485 1408,1450 1245,1461 1157,1425 1017,1497 869,1427 741,1430"/>
                <Baseline points="749,1510 787,1512 825,1513 863,1514 901,1514 940,1514 978,1513 1016,1512 1054,1511 1092,1509 1131,1508 1169,1507 1207,1505 1245,1504 1283,1503 1322,1503 1360,1503 1398,1503 1436,1504 1474,1506 1513,1509"/>
                <TextEquiv>
                    <Unicode>G ###tte</Unicode>
                </TextEquiv>
            </TextLine>
            <TextLine id="r1l18" custom="readingOrder {index:17;}">
                <Coords points="563,1604 899,1631 1039,1610 1129,1636 1399,1618 1400,1572 563,1568"/>
                <Baseline points="570,1604 611,1605 652,1605 693,1606 734,1606 775,1607 816,1608 858,1609 899,1610 940,1610 981,1611 1022,1611 1063,1612 1104,1612 1146,1611 1187,1611 1228,1610 1269,1609 1310,1607 1351,1605 1393,1602"/>
                <TextEquiv>
                    <Unicode>All' Argentina,s ku rappresentato il</Unicode>
                </TextEquiv>
            </TextLine>
            <TextLine id="r1l19" custom="readingOrder {index:18;}">
                <Coords points="533,1670 755,1692 815,1659 1390,1663 1351,1623 1269,1618 1014,1639 735,1633 681,1606 533,1629"/>
                <Baseline points="539,1655 581,1657 623,1659 665,1661 708,1662 750,1662 792,1663 834,1663 877,1663 919,1662 961,1662 1003,1662 1046,1661 1088,1661 1130,1660 1172,1660 1215,1660 1257,1659 1299,1660 1341,1660 1384,1661"/>
                <TextEquiv>
                    <Unicode>* Papjmgallo Verde. di A. Schnitzler.</Unicode>
                </TextEquiv>
            </TextLine>
            <TextLine id="r1l20" custom="readingOrder {index:19;}">
                <Coords points="518,1718 746,1755 1180,1707 1311,1735 1395,1723 1395,1673 517,1686"/>
                <Baseline points="524,1712 567,1713 610,1714 653,1715 696,1715 740,1716 783,1715 826,1715 869,1715 912,1714 956,1713 999,1713 1042,1712 1085,1711 1128,1711 1172,1710 1215,1710 1258,1710 1301,1711 1344,1711 1388,1712"/>
                <TextEquiv>
                    <Unicode>tradotia d3 Tutino, II. HT6T717</Unicode>
                </TextEquiv>
            </TextLine>
            <TextLine id="r1l21" custom="readingOrder {index:20;}">
                <Coords points="520,1760 593,1786 742,1766 970,1790 1379,1766 1379,1739 1325,1729 520,1737"/>
                <Baseline points="527,1767 569,1767 611,1768 653,1768 696,1768 738,1768 780,1769 822,1769 865,1769 907,1769 949,1769 991,1769 1034,1769 1076,1769 1118,1769 1160,1769 1203,1768 1245,1768 1287,1768 1329,1767 1372,1767"/>
                <TextEquiv>
                    <Unicode>origiuale nell’ insieme, con delle rie¬</Unicode>
                </TextEquiv>
            </TextLine>
            <TextLine id="r1l22" custom="readingOrder {index:21;}">
                <Coords points="526,1849 721,1825 1275,1848 1382,1818 1382,1792 1172,1773 1110,1797 526,1795"/>
                <Baseline points="533,1820 575,1820 617,1819 659,1819 701,1819 743,1819 785,1819 827,1820 869,1820 911,1820 954,1821 996,1821 1038,1821 1080,1821 1122,1822 1164,1822 1206,1822 1248,1822 1290,1822 1332,1821 1375,1821"/>
                <TextEquiv>
                    <Unicode>scitissime macchiette della nobilta fran¬</Unicode>
                </TextEquiv>
            </TextLine>
            <TextLine id="r1l23" custom="readingOrder {index:22;}">
                <Coords points="527,1882 1388,1892 1388,1849 1343,1839 1109,1831 1045,1862 883,1828 528,1846"/>
                <Baseline points="534,1871 576,1871 618,1871 661,1871 703,1871 745,1872 788,1872 830,1873 872,1873 915,1874 957,1875 999,1875 1042,1876 1084,1876 1126,1877 1169,1877 1211,1877 1253,1877 1296,1877 1338,1876 1381,1876"/>
                <TextEquiv>
                    <Unicode>cese — cioe, siamo pin esatti, di unn</Unicode>
                </TextEquiv>
            </TextLine>
            <TextLine id="r1l24" custom="readingOrder {index:23;}">
                <Coords points="523,1950 657,1925 781,1951 880,1928 1338,1951 1375,1940 1376,1886 523,1901"/>
                <Baseline points="531,1932 572,1931 614,1929 656,1928 698,1928 740,1928 782,1928 824,1928 866,1929 908,1929 950,1930 991,1931 1033,1931 1075,1932 1117,1932 1159,1932 1201,1932 1243,1932 1285,1931 1327,1930 1369,1929"/>
                <TextEquiv>
                    <Unicode>parte di essa — nel tempo della terri¬</Unicode>
                </TextEquiv>
            </TextLine>
            <TextLine id="r1l25" custom="readingOrder {index:24;}">
                <Coords points="526,1981 581,2003 663,1986 674,1996 842,1989 909,2004 909,1961 848,1942 714,1956 674,1942 630,1959 596,1940 526,1940"/>
                <Baseline points="533,1984 559,1983 585,1983 612,1982 638,1982 664,1982 691,1982 717,1982 743,1982 770,1982 796,1983 822,1983 849,1984 875,1984 902,1985"/>
                <TextEquiv>
                    <Unicode>bile rivoluzione.</Unicode>
                </TextEquiv>
            </TextLine>
            <TextLine id="r1l26" custom="readingOrder {index:25;}">
                <Coords points="562,2041 1379,2057 1378,2000 562,2001"/>
                <Baseline points="569,2039 609,2039 649,2039 689,2039 729,2039 769,2039 809,2039 849,2039 889,2039 929,2038 970,2038 1010,2038 1050,2037 1090,2037 1130,2036 1170,2036 1210,2036 1250,2035 1290,2035 1330,2035 1371,2034"/>
                <TextEquiv>
                    <Unicode>In una trattoria condotta da un cnpo¬</Unicode>
                </TextEquiv>
            </TextLine>
            <TextLine id="r1l27" custom="readingOrder {index:26;}">
                <Coords points="528,2101 1108,2120 1370,2089 1349,2050 528,2058"/>
                <Baseline points="536,2090 577,2092 618,2093 660,2094 701,2094 742,2094 784,2094 825,2094 866,2094 908,2093 949,2093 990,2092 1032,2092 1073,2091 1114,2090 1156,2090 1197,2090 1238,2090 1280,2090 1321,2091 1363,2092"/>
                <TextEquiv>
                    <Unicode>comico, alenni attori rappresentano al¬</Unicode>
                </TextEquiv>
            </TextLine>
            <TextLine id="r1l28" custom="readingOrder {index:27;}">
                <Coords points="504,2208 1375,2206 1375,2160 1327,2151 821,2170 505,2144"/>
                <Baseline points="511,2190 553,2189 596,2189 639,2189 682,2189 725,2190 768,2190 810,2191 853,2192 896,2193 939,2194 982,2195 1025,2197 1068,2197 1110,2198 1153,2199 1196,2199 1239,2199 1282,2199 1325,2198 1368,2197"/>
                <TextEquiv>
                    <Unicode> Pimprovviso scene che fanno fremere.</Unicode>
                </TextEquiv>
            </TextLine>
            <TextLine id="r1l29" custom="readingOrder {index:28;}">
                <Coords points="517,2251 1383,2249 1356,2209 518,2200"/>
                <Baseline points="524,2243 566,2242 609,2241 651,2241 694,2241 737,2241 779,2242 822,2242 864,2243 907,2244 950,2245 992,2247 1035,2248 1077,2249 1120,2250 1163,2251 1205,2252 1248,2252 1290,2253 1333,2253 1376,2253"/>
                <TextEquiv>
                    <Unicode>La realta, come nella Fomnme de Taba¬</Unicode>
                </TextEquiv>
            </TextLine>
            <TextLine id="r1l30" custom="readingOrder {index:29;}">
                <Coords points="522,2311 649,2284 716,2326 847,2297 1338,2328 1380,2323 1381,2277 523,2254"/>
                <Baseline points="529,2293 571,2293 613,2294 655,2294 697,2295 740,2295 782,2296 824,2296 866,2297 908,2298 951,2299 993,2300 1035,2301 1077,2301 1119,2302 1162,2303 1204,2304 1246,2305 1288,2306 1330,2307 1373,2308"/>
                <TextEquiv>
                    <Unicode>#s si unisce alla linzione. — E fa di</Unicode>
                </TextEquiv>
            </TextLine>
            <TextLine id="r1l31" custom="readingOrder {index:30;}">
                <Coords points="530,2356 1349,2380 1387,2341 867,2308 531,2323"/>
                <Baseline points="538,2347 580,2348 622,2349 664,2349 706,2350 748,2351 790,2351 832,2352 874,2353 916,2353 959,2354 1001,2355 1043,2355 1085,2356 1127,2356 1169,2357 1211,2358 1253,2359 1295,2359 1337,2360 1380,2361"/>
                <TextEquiv>
                    <Unicode>esfondos all’ambiente teatrale.,, in unn</Unicode>
                </TextEquiv>
            </TextLine>
            <TextLine id="r1l32" custom="readingOrder {index:31;}">
                <Coords points="511,2397 1123,2436 1169,2414 1314,2431 1338,2377 511,2368"/>
                <Baseline points="518,2398 558,2400 599,2401 639,2402 680,2403 721,2404 761,2405 802,2406 842,2406 883,2407 924,2408 964,2408 1005,2409 1045,2410 1086,2410 1127,2411 1167,2411 1208,2412 1248,2413 1289,2414 1330,2414"/>
                <TextEquiv>
                    <Unicode>bettola. ai caratteri degli spettatori,</Unicode>
                </TextEquiv>
            </TextLine>
            <TextLine id="r1l33" custom="readingOrder {index:32;}">
                <Coords points="516,2475 1378,2485 1379,2445 1211,2415 1114,2439 517,2427"/>
                <Baseline points="524,2455 566,2456 608,2456 651,2457 693,2457 736,2458 778,2459 820,2460 863,2461 905,2462 948,2464 990,2464 1032,2465 1075,2466 1117,2467 1160,2468 1202,2468 1244,2468 1287,2468 1329,2468 1372,2468"/>
                <TextEquiv>
                    <Unicode>alla scena passionale la eaduta della Ba¬</Unicode>
                </TextEquiv>
            </TextLine>
            <TextLine id="r1l34" custom="readingOrder {index:33;}">
                <Coords points="557,2553 601,2581 1301,2587 1379,2575 1381,2510 1280,2552 558,2516"/>
                <Baseline points="564,2561 604,2562 644,2563 685,2564 725,2565 766,2566 806,2568 846,2569 887,2569 927,2571 968,2572 1008,2573 1048,2574 1089,2575 1129,2575 1170,2576 1210,2576 1250,2576 1291,2576 1331,2576 1372,2575"/>
                <TextEquiv>
                    <Unicode>Questo lavoro e piü alto, nel suo con¬</Unicode>
                </TextEquiv>
            </TextLine>
            <TextLine id="r1l35" custom="readingOrder {index:34;}">
                <Coords points="507,2620 1367,2646 1368,2611 985,2578 508,2584"/>
                <Baseline points="514,2613 556,2614 598,2614 640,2615 683,2615 725,2616 767,2616 810,2616 852,2617 894,2618 937,2618 979,2619 1021,2620 1063,2621 1106,2621 1148,2622 1190,2624 1233,2625 1275,2626 1317,2628 1360,2629"/>
                <TextEquiv>
                    <Unicode>cctto, d’un semplice dramma di azione,</Unicode>
                </TextEquiv>
            </TextLine>
            <TextLine id="r1l36" custom="readingOrder {index:35;}">
                <Coords points="522,2681 1386,2683 1316,2635 522,2643"/>
                <Baseline points="529,2664 571,2666 613,2668 656,2669 698,2670 741,2671 783,2672 826,2672 868,2673 911,2673 953,2674 995,2674 1038,2675 1080,2675 1123,2675 1165,2676 1208,2676 1250,2677 1293,2678 1335,2679 1378,2680"/>
                <TextEquiv>
                    <Unicode>#ussürge quasi alla potenza di simbolo.</Unicode>
                </TextEquiv>
            </TextLine>
            <TextLine id="r1l37" custom="readingOrder {index:36;}">
                <Coords points="549,2731 1139,2732 1270,2762 1374,2745 1375,2707 550,2695"/>
                <Baseline points="557,2722 597,2723 638,2724 678,2724 719,2725 759,2725 800,2726 840,2727 881,2727 921,2728 962,2728 1002,2729 1043,2729 1083,2730 1124,2730 1164,2731 1205,2731 1245,2732 1286,2733 1326,2733 1367,2734"/>
                <TextEquiv>
                    <Unicode>Masealchi ne fu un potente interprete:</Unicode>
                </TextEquiv>
            </TextLine>
            <TextLine id="r1l38" custom="readingOrder {index:37;}">
                <Coords points="513,2774 1010,2811 1381,2800 1381,2752 1330,2741 1263,2763 514,2737"/>
                <Baseline points="521,2780 563,2779 606,2779 648,2779 691,2779 734,2779 776,2779 819,2779 862,2780 904,2780 947,2781 990,2781 1032,2782 1075,2782 1118,2783 1160,2784 1203,2784 1246,2785 1288,2786 1331,2787 1374,2787"/>
                <TextEquiv>
                    <Unicode>ottimo Cesare Dondini, graziosissima in</Unicode>
                </TextEquiv>
            </TextLine>
            <TextLine id="r1l39" custom="readingOrder {index:38;}">
                <Coords points="510,2832 608,2860 724,2834 1314,2862 1371,2847 1372,2795 511,2807"/>
                <Baseline points="517,2832 559,2831 601,2831 644,2831 686,2831 728,2831 771,2832 813,2832 855,2833 898,2834 940,2834 982,2835 1025,2836 1067,2837 1109,2838 1152,2839 1194,2839 1236,2839 1279,2840 1321,2840 1364,2840"/>
                <TextEquiv>
                    <Unicode>Rossi Bissi. nelle sue eleganti vesti di</Unicode>
                </TextEquiv>
            </TextLine>
            <TextLine id="r1l40" custom="readingOrder {index:39;}">
                <Coords points="514,2897 1378,2907 1378,2877 1287,2853 1086,2874 985,2849 515,2854"/>
                <Baseline points="521,2885 563,2885 606,2886 648,2886 691,2886 733,2886 776,2886 818,2886 861,2886 903,2886 946,2886 988,2887 1031,2887 1073,2887 1116,2888 1158,2889 1201,2890 1243,2891 1286,2893 1328,2895 1371,2897"/>
                <TextEquiv>
                    <Unicode>gran dama., edeendentes — parlo dei co¬</Unicode>
                </TextEquiv>
            </TextLine>
            <TextLine id="r1l41" custom="readingOrder {index:40;}">
                <Coords points="513,2938 1377,2972 1378,2909 1353,2906 1187,2926 514,2892"/>
                <Baseline points="520,2936 562,2937 605,2938 647,2939 690,2939 732,2940 775,2940 817,2941 860,2941 902,2941 945,2942 987,2942 1030,2943 1072,2943 1115,2944 1157,2945 1200,2945 1242,2947 1285,2948 1327,2950 1370,2951"/>
                <TextEquiv>
                    <Unicode>stumi —.e nell’interpretazione della</Unicode>
                </TextEquiv>
            </TextLine>
            <TextLine id="r1l42" custom="readingOrder {index:41;}">
                <Coords points="511,2994 1248,3013 1264,2972 881,2967 760,2940 676,2963 512,2955"/>
                <Baseline points="519,2983 555,2984 592,2985 629,2986 666,2987 703,2988 740,2989 776,2990 813,2991 850,2991 887,2992 924,2993 961,2993 998,2994 1034,2995 1071,2996 1108,2996 1145,2997 1182,2997 1219,2998 1256,2998"/>
                <TextEquiv>
                    <Unicode>sua parte, breve ma signilicativa.</Unicode>
                </TextEquiv>
            </TextLine>
            <TextLine id="r1l43" custom="readingOrder {index:42;}">
                <Coords points="548,3035 675,3064 877,3066 930,3038 995,3066 1375,3060 1365,3014 549,3011"/>
                <Baseline points="556,3040 596,3041 637,3041 677,3041 718,3042 759,3042 799,3043 840,3043 880,3044 921,3044 962,3045 1002,3045 1043,3046 1083,3046 1124,3047 1165,3047 1205,3048 1246,3048 1286,3049 1327,3050 1368,3050"/>
                <TextEquiv>
                    <Unicode>Ln ripresa degli eLffetti di luces di</Unicode>
                </TextEquiv>
            </TextLine>
            <TextLine id="r1l44" custom="readingOrder {index:43;}">
                <Coords points="539,3101 1299,3124 1365,3102 1366,3065 1058,3057 907,3082 539,3047"/>
                <Baseline points="546,3096 586,3096 627,3096 667,3096 708,3097 749,3098 789,3098 830,3099 870,3100 911,3101 952,3102 992,3103 1033,3104 1073,3104 1114,3105 1155,3105 1195,3106 1236,3106 1276,3106 1317,3105 1358,3104"/>
                <TextEquiv>
                    <Unicode>&amp; Lucio d’Ambras. con la Varini, la Car¬</Unicode>
                </TextEquiv>
            </TextLine>
            <TextLine id="r1l45" custom="readingOrder {index:44;}">
                <Coords points="502,3159 1367,3167 1343,3128 1171,3115 503,3108"/>
                <Baseline points="509,3153 551,3152 594,3151 636,3150 679,3150 721,3150 764,3150 806,3151 849,3152 891,3153 934,3153 977,3155 1019,3156 1062,3157 1104,3157 1147,3158 1189,3159 1232,3159 1274,3159 1317,3159 1360,3159"/>
                <TextEquiv>
                    <Unicode>loni Talli. il Dondini. fu molto apprez¬</Unicode>
                </TextEquiv>
            </TextLine>
            <TextLine id="r1l46" custom="readingOrder {index:45;}">
                <Coords points="512,3219 529,3224 573,3205 581,3210 591,3206 601,3209 619,3227 638,3229 637,3173 625,3176 616,3172 605,3178 592,3166 580,3166 570,3159 525,3184 512,3178"/>
                <Baseline points="519,3201 547,3199 575,3199 603,3200 631,3199"/>
                <TextEquiv>
                    <Unicode>Zuta.</Unicode>
                </TextEquiv>
            </TextLine>
            <TextLine id="r1l47" custom="readingOrder {index:46;}">
                <Coords points="545,3265 814,3288 848,3264 1004,3264 1157,3291 1371,3275 1372,3237 546,3216"/>
                <Baseline points="552,3255 592,3255 633,3256 673,3257 714,3258 755,3258 795,3259 836,3260 876,3261 917,3262 958,3263 998,3264 1039,3265 1079,3265 1120,3266 1161,3267 1201,3267 1242,3268 1282,3268 1323,3268 1364,3268"/>
                <TextEquiv>
                    <Unicode>La compagnin dell'e Argentinasche</Unicode>
                </TextEquiv>
            </TextLine>
            <TextLine id="r1l48" custom="readingOrder {index:47;}">
                <Coords points="509,3321 1372,3333 1373,3286 1342,3275 510,3281"/>
                <Baseline points="517,3302 559,3305 601,3308 644,3309 686,3310 729,3311 771,3312 814,3312 856,3312 899,3312 941,3312 983,3311 1026,3311 1068,3312 1111,3312 1153,3313 1196,3314 1238,3316 1281,3318 1323,3321 1366,3324"/>
                <TextEquiv>
                    <Unicode>si sta riformando per il nuove triennio,</Unicode>
                </TextEquiv>
            </TextLine>
            <TextLine id="r1l49" custom="readingOrder {index:48;}">
                <Coords points="508,3363 698,3387 839,3363 1369,3379 1348,3335 509,3328"/>
                <Baseline points="516,3359 558,3360 600,3361 642,3362 685,3362 727,3363 769,3363 812,3364 854,3364 896,3364 939,3364 981,3365 1023,3365 1065,3365 1108,3366 1150,3367 1192,3368 1235,3369 1277,3370 1319,3371 1362,3373"/>
                <TextEquiv>
                    <Unicode>avrebibe dovuto compiere ir carnevalecon</Unicode>
                </TextEquiv>
            </TextLine>
            <TextLine id="r1l50" custom="readingOrder {index:49;}">
                <Coords points="499,3434 619,3414 678,3438 1147,3449 1189,3427 1281,3451 1365,3439 1366,3384 499,3397"/>
                <Baseline points="506,3415 548,3416 591,3417 633,3417 676,3418 719,3418 761,3419 804,3419 846,3420 889,3420 932,3421 974,3421 1017,3422 1059,3422 1102,3423 1145,3424 1187,3424 1230,3425 1272,3425 1315,3426 1358,3427"/>
                <TextEquiv>
                    <Unicode>una #on#nee nelle citta minori. In venti</Unicode>
                </TextEquiv>
            </TextLine>
            <TextLine id="r1l51" custom="readingOrder {index:50;}">
                <Coords points="500,3471 660,3495 929,3467 1193,3506 1379,3489 1379,3454 1303,3441 500,3437"/>
                <Baseline points="507,3471 550,3469 593,3469 636,3468 680,3468 723,3468 766,3468 809,3469 853,3470 896,3471 939,3473 982,3474 1026,3475 1069,3476 1112,3478 1155,3479 1199,3481 1242,3481 1285,3482 1328,3483 1372,3483"/>
                <TextEquiv>
                    <Unicode>giorni. dieci teatri — e dappertutto in</Unicode>
                </TextEquiv>
            </TextLine>
            <TextLine id="r1l52" custom="readingOrder {index:51;}">
                <Coords points="514,3515 558,3540 778,3519 1000,3553 1224,3528 1356,3553 1357,3491 1310,3482 1159,3513 871,3478 775,3505 571,3479 515,3498"/>
                <Baseline points="521,3523 562,3522 603,3521 645,3521 686,3521 728,3522 769,3522 810,3523 852,3524 893,3525 935,3527 976,3528 1017,3529 1059,3530 1100,3532 1142,3533 1183,3534 1224,3535 1266,3535 1307,3536 1349,3536"/>
                <TextEquiv>
                    <Unicode>* Naves, 0 e GiulioCesare.. o tulti e</Unicode>
                </TextEquiv>
            </TextLine>
            <TextLine id="r1l53" custom="readingOrder {index:52;}">
                <Coords points="493,3571 560,3603 795,3578 1371,3599 1371,3565 1242,3542 1200,3567 837,3532 493,3545"/>
                <Baseline points="500,3580 543,3580 586,3579 629,3579 672,3579 716,3579 759,3579 802,3579 845,3580 888,3580 932,3581 975,3581 1018,3582 1061,3583 1104,3583 1148,3584 1191,3585 1234,3586 1277,3587 1320,3587 1364,3588"/>
                <TextEquiv>
                    <Unicode>due i Iavori. Poi invece resto a Romn.</Unicode>
                </TextEquiv>
            </TextLine>
            <TextLine id="r1l54" custom="readingOrder {index:53;}">
                <Coords points="497,3635 1185,3665 1331,3660 1365,3647 1366,3610 498,3597"/>
                <Baseline points="504,3630 546,3630 589,3630 632,3630 674,3630 717,3631 760,3631 802,3632 845,3633 888,3634 931,3635 973,3636 1016,3637 1059,3638 1101,3639 1144,3640 1187,3640 1229,3641 1272,3641 1315,3640 1358,3640"/>
                <TextEquiv>
                    <Unicode>#e recitb due lnvori nuevi. importanti.</Unicode>
                </TextEquiv>
            </TextLine>
            <TextLine id="r1l55" custom="readingOrder {index:54;}">
                <Coords points="497,3679 788,3710 838,3689 1073,3715 1127,3691 1303,3718 1364,3699 1310,3644 1102,3669 957,3642 498,3656"/>
                <Baseline points="504,3682 546,3684 589,3684 631,3685 674,3686 717,3686 759,3686 802,3686 845,3686 887,3686 930,3686 973,3686 1015,3687 1058,3687 1101,3687 1143,3688 1186,3689 1229,3690 1271,3691 1314,3694 1357,3696"/>
                <TextEquiv>
                    <Unicode>7 Edera, di Grazia Deleddae di Camillo</Unicode>
                </TextEquiv>
            </TextLine>
            <TextLine id="r1l56" custom="readingOrder {index:55;}">
                <Coords points="503,3749 1373,3759 1355,3700 884,3722 561,3690 504,3712"/>
                <Baseline points="510,3741 552,3740 595,3739 638,3738 681,3738 724,3738 766,3738 809,3738 852,3738 895,3739 938,3739 980,3740 1023,3741 1066,3742 1109,3743 1152,3744 1194,3746 1237,3747 1280,3749 1323,3750 1366,3751"/>
                <TextEquiv>
                    <Unicode>Antona-Traversi.6/ Canto der Ciyno.</Unicode>
                </TextEquiv>
            </TextLine>
            <TextLine id="r1l57" custom="readingOrder {index:56;}">
                <Coords points="495,3810 1366,3801 1366,3754 1268,3779 1091,3748 1044,3776 959,3752 496,3763"/>
                <Baseline points="502,3795 544,3793 587,3793 630,3792 673,3791 716,3791 758,3791 801,3791 844,3792 887,3792 930,3793 972,3794 1015,3795 1058,3796 1101,3797 1144,3798 1186,3799 1229,3800 1272,3801 1315,3802 1358,3803"/>
                <TextEquiv>
                    <Unicode>graziosa commedia francese.,, da hon</Unicode>
                </TextEquiv>
            </TextLine>
            <TextLine id="r1l58" custom="readingOrder {index:57;}">
                <Coords points="499,3840 710,3867 1373,3865 1373,3837 1295,3808 500,3813"/>
                <Baseline points="506,3846 549,3846 592,3846 635,3847 678,3847 721,3847 764,3848 807,3848 850,3848 893,3849 936,3849 979,3850 1022,3850 1065,3851 1108,3852 1151,3852 1194,3853 1237,3855 1280,3856 1323,3857 1366,3859"/>
                <TextEquiv>
                    <Unicode>confondersi con quella del sottoseritto.</Unicode>
                </TextEquiv>
            </TextLine>
            <TextLine id="r1l59" custom="readingOrder {index:58;}">
                <Coords points="490,3907 1365,3919 1365,3892 1279,3868 783,3878 615,3849 491,3872"/>
                <Baseline points="498,3901 541,3900 584,3900 627,3899 670,3899 713,3899 756,3899 799,3900 842,3900 885,3901 928,3902 971,3903 1014,3905 1057,3905 1100,3907 1143,3908 1186,3909 1229,3910 1272,3912 1315,3912 1358,3913"/>
                <TextEquiv>
                    <Unicode>pubblicata nele Libro delle seduzioni .</Unicode>
                </TextEquiv>
            </TextLine>
            <TextLine id="r1l60" custom="readingOrder {index:59;}">
                <Coords points="501,3955 1367,3979 1367,3939 1234,3916 501,3919"/>
                <Baseline points="508,3955 550,3955 593,3955 635,3954 678,3954 721,3954 763,3954 806,3954 848,3954 891,3954 934,3954 976,3955 1019,3955 1061,3956 1104,3957 1147,3958 1189,3959 1232,3961 1274,3963 1317,3964 1360,3967"/>
                <TextEquiv>
                    <Unicode>1 due lavori ebbero buon esito, efurono</Unicode>
                </TextEquiv>
            </TextLine>
            <TextLine id="r1l61" custom="readingOrder {index:60;}">
                <Coords points="494,4023 695,4011 879,4032 1010,4015 1070,4032 1086,3985 982,3969 801,3986 700,3955 663,3983 619,3983 495,3961"/>
                <Baseline points="502,4007 530,4007 559,4007 588,4007 617,4008 646,4008 674,4008 703,4009 732,4009 761,4010 790,4010 818,4011 847,4011 876,4011 905,4011 934,4012 962,4012 991,4012 1020,4012 1049,4012 1078,4011"/>
                <TextEquiv>
                    <Unicode>Tinterpretati egregiamente.</Unicode>
                </TextEquiv>
            </TextLine>
            <TextEquiv>
                <Unicode>Fruene Kakadu
9. 3. Der
 A AsRR S uARAssAAasteastaratarenseataneraserasereesasseeaeeeeeeae un
Telephon 12.801.
S—
= „OBSERVEI:
1. österr. behördl. konz. Unternehmen für Zeitungs-Ausschnitte
Wien, I., Concordiaplatz 4.
Vertretungen
in Berlin, Budapest, Chicago, Christiania, Genf, Kopen¬
hagen. London, Madrid, Mailand, Minneapolis, New-Vork,
Paris, Rom, San Francisco, Stockholm, St. Petersburg.
(Quellenangabyöhne Gewähr).
Ausschnit ams: Mezzeg. Teger
Ka08
WZ 4
G ###tte
All' Argentina,s ku rappresentato il
* Papjmgallo Verde. di A. Schnitzler.
tradotia d3 Tutino, II. HT6T717
origiuale nell’ insieme, con delle rie¬
scitissime macchiette della nobilta fran¬
cese — cioe, siamo pin esatti, di unn
parte di essa — nel tempo della terri¬
bile rivoluzione.
In una trattoria condotta da un cnpo¬
comico, alenni attori rappresentano al¬
 Pimprovviso scene che fanno fremere.
La realta, come nella Fomnme de Taba¬
#s si unisce alla linzione. — E fa di
esfondos all’ambiente teatrale.,, in unn
bettola. ai caratteri degli spettatori,
alla scena passionale la eaduta della Ba¬
Questo lavoro e piü alto, nel suo con¬
cctto, d’un semplice dramma di azione,
#ussürge quasi alla potenza di simbolo.
Masealchi ne fu un potente interprete:
ottimo Cesare Dondini, graziosissima in
Rossi Bissi. nelle sue eleganti vesti di
gran dama., edeendentes — parlo dei co¬
stumi —.e nell’interpretazione della
sua parte, breve ma signilicativa.
Ln ripresa degli eLffetti di luces di
&amp; Lucio d’Ambras. con la Varini, la Car¬
loni Talli. il Dondini. fu molto apprez¬
Zuta.
La compagnin dell'e Argentinasche
si sta riformando per il nuove triennio,
avrebibe dovuto compiere ir carnevalecon
una #on#nee nelle citta minori. In venti
giorni. dieci teatri — e dappertutto in
* Naves, 0 e GiulioCesare.. o tulti e
due i Iavori. Poi invece resto a Romn.
#e recitb due lnvori nuevi. importanti.
7 Edera, di Grazia Deleddae di Camillo
Antona-Traversi.6/ Canto der Ciyno.
graziosa commedia francese.,, da hon
confondersi con quella del sottoseritto.
pubblicata nele Libro delle seduzioni .
1 due lavori ebbero buon esito, efurono
Tinterpretati egregiamente.</Unicode>
            </TextEquiv>
        </TextRegion>
        <TextRegion orientation="0.0" id="r2" custom="readingOrder {index:1;}">
            <Coords points="1455,123 1455,281 1855,281 1855,123"/>
            <TextLine id="r2l1" custom="readingOrder {index:0;}">
                <Coords points="1448,233 1542,247 1616,228 1743,231 1770,248 1863,240 1862,152 1664,171 1624,195 1448,168"/>
                <Baseline points="1455,228 1480,229 1505,229 1530,229 1555,230 1580,230 1605,231 1630,231 1655,231 1680,231 1705,231 1730,231 1755,229 1780,229 1805,227 1830,225 1855,223"/>
                <TextEquiv>
                    <Unicode>box 15/2</Unicode>
                </TextEquiv>
            </TextLine>
            <TextEquiv>
                <Unicode>box 15/2</Unicode>
            </TextEquiv>
        </TextRegion>
        <TextRegion orientation="0.0" id="r3" custom="readingOrder {index:2;}">
            <Coords points="1920,1031 1920,3514 3052,3514 3052,1031"/>
            <TextLine id="r3l1" custom="readingOrder {index:0;}">
                <Coords points="2644,1083 2777,1096 2836,1079 2949,1087 3010,1065 3009,1021 2952,1008 2862,1010 2834,1035 2784,1007 2758,1028 2740,1020 2727,1030 2678,1004 2643,1012"/>
                <Baseline points="2651,1064 2676,1064 2701,1064 2726,1064 2751,1063 2776,1063 2801,1061 2827,1061 2852,1059 2877,1059 2902,1058 2927,1058 2952,1058 2977,1059 3003,1060"/>
                <TextEquiv>
                    <Unicode>Telephon 12.801.</Unicode>
                </TextEquiv>
            </TextLine>
            <TextLine id="r3l2" custom="readingOrder {index:1;}">
                <Coords points="2671,1202 2689,1202 2715,1172 2721,1176 2740,1174 2760,1184 2794,1162 2803,1162 2800,1126 2785,1122 2770,1132 2727,1113 2712,1121 2698,1112 2663,1117"/>
                <Baseline points="2676,1177 2706,1172 2736,1169 2766,1167 2796,1166"/>
                <TextEquiv>
                    <Unicode>P..</Unicode>
                </TextEquiv>
            </TextLine>
            <TextLine id="r3l3" custom="readingOrder {index:2;}">
                <Coords points="1974,1240 2103,1269 2279,1236 2637,1237 2766,1225 2765,1179 2710,1172 2688,1196 2596,1127 2238,1141 2172,1189 1972,1169"/>
                <Baseline points="1981,1226 2019,1231 2058,1235 2097,1237 2136,1240 2175,1240 2214,1240 2252,1240 2291,1238 2330,1237 2369,1234 2408,1232 2447,1230 2486,1227 2524,1225 2563,1222 2602,1221 2641,1220 2680,1218 2719,1218 2758,1219"/>
                <TextEquiv>
                    <Unicode>= „OBSERVE.</Unicode>
                </TextEquiv>
            </TextLine>
            <TextLine id="r3l4" custom="readingOrder {index:3;}">
                <Coords points="1918,1312 3018,1279 3016,1240 2952,1230 1917,1268"/>
                <Baseline points="1925,1315 1979,1313 2033,1310 2087,1309 2142,1307 2196,1305 2250,1303 2305,1301 2359,1298 2413,1297 2468,1295 2522,1293 2576,1290 2630,1288 2685,1286 2739,1283 2793,1281 2848,1278 2902,1276 2956,1273 3011,1270"/>
                <TextEquiv>
                    <Unicode>I. österr. behördl. konz. Unternehmen für Zeitungs-Ausschnitte</Unicode>
                </TextEquiv>
            </TextLine>
            <TextLine id="r3l5" custom="readingOrder {index:4;}">
                <Coords points="2071,1395 2810,1370 2902,1353 2901,1330 2697,1297 2651,1322 2381,1312 2334,1347 2292,1320 2243,1347 2068,1328"/>
                <Baseline points="2077,1373 2117,1373 2158,1374 2199,1373 2240,1372 2281,1371 2322,1370 2362,1369 2403,1367 2444,1365 2485,1363 2526,1360 2567,1358 2608,1356 2648,1354 2689,1352 2730,1351 2771,1349 2812,1348 2853,1347 2894,1346"/>
                <TextEquiv>
                    <Unicode>Wien, I., Concordiaplatz 4.</Unicode>
                </TextEquiv>
            </TextLine>
            <TextLine id="r3l6" custom="readingOrder {index:5;}">
                <Coords points="2270,1428 2384,1448 2433,1430 2603,1442 2687,1408 2678,1381 2627,1398 2547,1387 2530,1403 2416,1389 2355,1409 2307,1387 2269,1397"/>
                <Baseline points="2278,1432 2303,1431 2328,1431 2353,1430 2378,1430 2403,1429 2429,1429 2454,1428 2479,1427 2504,1425 2529,1424 2555,1423 2580,1421 2605,1420 2630,1418 2655,1417 2681,1415"/>
                <TextEquiv>
                    <Unicode>Vertretungen</Unicode>
                </TextEquiv>
            </TextLine>
            <TextLine id="r3l7" custom="readingOrder {index:6;}">
                <Coords points="1935,1498 3002,1473 3025,1425 1934,1474"/>
                <Baseline points="1943,1496 1996,1495 2050,1494 2104,1493 2158,1491 2212,1489 2265,1487 2319,1485 2373,1483 2427,1480 2481,1478 2534,1476 2588,1473 2642,1470 2696,1468 2750,1466 2803,1464 2857,1461 2911,1459 2965,1457 3019,1455"/>
                <TextEquiv>
                    <Unicode>in Berlin, Budapest, Chicago, Christiania, Genf, Kopen¬</Unicode>
                </TextEquiv>
            </TextLine>
            <TextLine id="r3l8" custom="readingOrder {index:7;}">
                <Coords points="1940,1535 3029,1518 3027,1462 1939,1508"/>
                <Baseline points="1947,1534 2000,1534 2054,1533 2108,1532 2161,1530 2215,1528 2269,1526 2322,1524 2376,1521 2430,1520 2484,1517 2537,1514 2591,1512 2645,1510 2698,1508 2752,1505 2806,1503 2859,1502 2913,1500 2967,1499 3021,1498"/>
                <TextEquiv>
                    <Unicode>hagen, London, Madrid, Mailand, Minneapolis, New-Vork,</Unicode>
                </TextEquiv>
            </TextLine>
            <TextLine id="r3l9" custom="readingOrder {index:8;}">
                <Coords points="1988,1590 3000,1541 2879,1507 1987,1548"/>
                <Baseline points="1994,1572 2046,1571 2099,1570 2151,1568 2204,1566 2256,1564 2309,1561 2362,1559 2414,1557 2467,1554 2519,1551 2572,1549 2624,1547 2677,1545 2730,1544 2782,1543 2835,1542 2887,1542 2940,1543 2993,1544"/>
                <TextEquiv>
                    <Unicode>Paris, Rom, San Francisco, Stockholm, St. Petersburg.</Unicode>
                </TextEquiv>
            </TextLine>
            <TextLine id="r3l10" custom="readingOrder {index:9;}">
                <Coords points="2284,1600 2420,1596 2464,1613 2488,1592 2563,1583 2616,1587 2664,1621 2741,1618 2740,1571 2687,1573 2655,1554 2475,1573 2283,1570"/>
                <Baseline points="2291,1598 2317,1597 2343,1597 2369,1596 2395,1595 2421,1593 2447,1592 2473,1590 2499,1588 2525,1587 2551,1586 2577,1585 2603,1584 2629,1584 2655,1585 2681,1586 2707,1587 2733,1590"/>
                <TextEquiv>
                    <Unicode>(Quellenangabe ohne Gewähr).</Unicode>
                </TextEquiv>
            </TextLine>
            <TextLine id="r3l11" custom="readingOrder {index:10;}">
                <Coords points="1950,1694 3059,1661 3013,1602 2967,1639 2904,1598 2821,1641 2572,1584 2207,1645 1949,1623"/>
                <Baseline points="1957,1677 2011,1677 2066,1676 2121,1675 2175,1673 2230,1672 2285,1670 2339,1668 2394,1666 2449,1664 2504,1662 2558,1661 2613,1659 2668,1657 2722,1656 2777,1655 2832,1655 2886,1654 2941,1655 2996,1656 3051,1657"/>
                <TextEquiv>
                    <Unicode>ss </Unicode>
                </TextEquiv>
            </TextLine>
            <TextLine id="r3l12" custom="readingOrder {index:11;}">
                <Coords points="2324,1769 2430,1775 2455,1752 2569,1781 2890,1779 2889,1712 2741,1718 2682,1683 2620,1679 2518,1729 2402,1704 2324,1728"/>
                <Baseline points="2331,1768 2358,1767 2386,1766 2413,1764 2441,1764 2469,1763 2496,1763 2524,1763 2551,1762 2579,1762 2607,1762 2634,1762 2662,1763 2689,1763 2717,1763 2745,1762 2772,1762 2800,1762 2827,1761 2855,1760 2883,1759"/>
                <TextEquiv>
                    <Unicode>be oLOe</Unicode>
                </TextEquiv>
            </TextLine>
            <TextLine id="r3l13" custom="readingOrder {index:12;}">
                <Coords points="1943,1785 1959,1791 1975,1786 1983,1794 1996,1786 2002,1790 2024,1785 2037,1790 2089,1784 2089,1750 2081,1748 2071,1754 2048,1743 2033,1744 2025,1751 2003,1745 1971,1764 1953,1752 1944,1752"/>
                <Baseline points="1951,1780 1977,1782 2003,1782 2029,1781 2055,1782 2081,1786"/>
                <TextEquiv>
                    <Unicode>vom:</Unicode>
                </TextEquiv>
            </TextLine>
            <TextLine id="r3l14" custom="readingOrder {index:13;}">
                <Coords points="2086,1835 2122,1829 2153,1839 2188,1813 2209,1808 2217,1815 2250,1803 2291,1813 2320,1803 2319,1775 2273,1767 2259,1777 2229,1777 2211,1767 2186,1781 2179,1775 2128,1786 2099,1772 2084,1780"/>
                <Baseline points="2091,1798 2118,1799 2146,1799 2173,1798 2201,1797 2229,1797 2256,1794 2284,1791 2312,1788"/>
                <TextEquiv>
                    <Unicode>e  </Unicode>
                </TextEquiv>
            </TextLine>
            <TextLine id="r3l15" custom="readingOrder {index:14;}">
                <Coords points="2537,1863 2644,1883 2696,1868 2789,1884 2825,1869 2996,1874 3044,1901 3044,1799 2982,1787 2920,1808 2775,1785 2671,1813 2610,1796 2537,1810"/>
                <Baseline points="2544,1865 2569,1866 2595,1867 2621,1867 2647,1867 2673,1867 2699,1867 2725,1867 2751,1867 2777,1866 2803,1866 2829,1866 2855,1866 2881,1866 2907,1866 2933,1866 2959,1867 2985,1868 3011,1869 3037,1871"/>
                <TextEquiv>
                    <Unicode>Dramma in 1 atto di A.</Unicode>
                </TextEquiv>
            </TextLine>
            <TextLine id="r3l16" custom="readingOrder {index:15;}">
                <Coords points="1950,1930 3039,1927 2987,1878 2614,1891 2514,1831 1951,1824"/>
                <Baseline points="1957,1912 2010,1911 2064,1911 2118,1911 2172,1911 2225,1912 2279,1913 2333,1914 2387,1915 2440,1916 2494,1917 2548,1919 2602,1919 2655,1920 2709,1921 2763,1922 2817,1922 2870,1922 2924,1921 2978,1920 3032,1918"/>
                <TextEquiv>
                    <Unicode>kpappagallo verde Senztzauh-— I diret¬</Unicode>
                </TextEquiv>
            </TextLine>
            <TextLine id="r3l17" custom="readingOrder {index:16;}">
                <Coords points="1918,1965 3049,1995 3040,1930 1919,1936"/>
                <Baseline points="1925,1962 1980,1964 2036,1965 2092,1966 2148,1968 2204,1969 2260,1970 2316,1970 2372,1971 2428,1972 2484,1972 2539,1973 2595,1973 2651,1974 2707,1974 2763,1974 2819,1975 2875,1975 2931,1975 2987,1975 3043,1975"/>
                <TextEquiv>
                    <Unicode>toré di unpiccolo teatro di Parigi, facendo cattivi af¬</Unicode>
                </TextEquiv>
            </TextLine>
            <TextLine id="r3l18" custom="readingOrder {index:17;}">
                <Coords points="1922,2014 2098,2054 2426,2019 2825,2059 3049,2028 3050,1983 1922,1992"/>
                <Baseline points="1929,2017 1984,2018 2040,2020 2095,2021 2151,2022 2207,2023 2262,2024 2318,2025 2374,2026 2429,2027 2485,2027 2541,2028 2596,2028 2652,2029 2708,2030 2763,2030 2819,2030 2875,2031 2930,2031 2986,2032 3042,2032"/>
                <TextEquiv>
                    <Unicode>fari, Ha Unhidea: chiude il teatro ed apre un osteria</Unicode>
                </TextEquiv>
            </TextLine>
            <TextLine id="r3l19" custom="readingOrder {index:18;}">
                <Coords points="1919,2083 3048,2092 3004,2037 2887,2064 2684,2027 2495,2060 1920,2028"/>
                <Baseline points="1927,2071 1982,2072 2038,2073 2093,2074 2149,2075 2205,2076 2260,2077 2316,2078 2372,2079 2427,2081 2483,2082 2539,2082 2594,2084 2650,2084 2706,2085 2761,2085 2817,2085 2873,2085 2928,2085 2984,2085 3040,2084"/>
                <TextEquiv>
                    <Unicode>all’ insegna del Pappagallo verde, nella quale i Bioi##</Unicode>
                </TextEquiv>
            </TextLine>
            <TextLine id="r3l20" custom="readingOrder {index:19;}">
                <Coords points="1920,2130 3056,2158 3056,2111 2997,2090 1921,2093"/>
                <Baseline points="1927,2125 1983,2125 2039,2126 2095,2127 2151,2128 2207,2130 2263,2131 2319,2133 2375,2134 2431,2136 2488,2137 2544,2138 2600,2139 2656,2139 2712,2139 2768,2139 2824,2139 2880,2138 2936,2136 2992,2134 3049,2131"/>
                <TextEquiv>
                    <Unicode>ex attori intervengono seralmente e, fingendo esse</Unicode>
                </TextEquiv>
            </TextLine>
            <TextLine id="r3l21" custom="readingOrder {index:20;}">
                <Coords points="1923,2193 2965,2219 3046,2204 3047,2159 1924,2151"/>
                <Baseline points="1931,2181 1986,2181 2041,2181 2097,2182 2152,2182 2208,2183 2263,2183 2318,2184 2374,2185 2429,2186 2485,2187 2540,2188 2595,2189 2651,2190 2706,2191 2762,2192 2817,2194 2872,2195 2928,2196 2983,2197 3039,2198"/>
                <TextEquiv>
                    <Unicode>re dei grandi malandrini, raccontano esimulans i</Unicode>
                </TextEquiv>
            </TextLine>
            <TextLine id="r3l22" custom="readingOrder {index:21;}">
                <Coords points="1925,2244 2958,2270 3036,2254 3037,2203 1926,2192"/>
                <Baseline points="1932,2241 1986,2240 2041,2239 2096,2238 2151,2238 2206,2238 2261,2239 2315,2239 2370,2240 2425,2241 2480,2242 2535,2243 2590,2244 2645,2245 2699,2247 2754,2248 2809,2249 2864,2250 2919,2250 2974,2251 3029,2251"/>
                <TextEquiv>
                    <Unicode>piü atroci delitti. Cio solletica la curiosità di molti si¬</Unicode>
                </TextEquiv>
            </TextLine>
            <TextLine id="r3l23" custom="readingOrder {index:22;}">
                <Coords points="1921,2297 2977,2327 3034,2308 3035,2245 2741,2278 2590,2243 1922,2258"/>
                <Baseline points="1928,2296 1985,2295 2043,2294 2101,2294 2159,2294 2217,2294 2275,2294 2332,2295 2390,2296 2448,2297 2506,2297 2564,2298 2622,2300 2679,2300 2737,2302 2795,2302 2853,2304 2911,2304 2969,2305 3027,2305"/>
                <TextEquiv>
                    <Unicode>gnori, che, se non andavano al teatro, vanno volentie¬</Unicode>
                </TextEquiv>
            </TextLine>
            <TextLine id="r3l24" custom="readingOrder {index:23;}">
                <Coords points="1918,2344 3030,2368 3012,2312 1919,2294"/>
                <Baseline points="1925,2346 1979,2346 2034,2346 2089,2346 2144,2346 2199,2346 2254,2347 2308,2348 2363,2348 2418,2349 2473,2350 2528,2351 2583,2352 2638,2353 2692,2354 2747,2355 2802,2356 2857,2357 2912,2358 2967,2359 3022,2359"/>
                <TextEquiv>
                    <Unicode>ri all’osteria sotto l’impressione di assistere a fattacei</Unicode>
                </TextEquiv>
            </TextLine>
            <TextLine id="r3l25" custom="readingOrder {index:24;}">
                <Coords points="1924,2404 3032,2414 3000,2375 2772,2362 1925,2371"/>
                <Baseline points="1931,2396 1985,2396 2040,2397 2095,2398 2149,2398 2204,2399 2259,2400 2313,2400 2368,2401 2423,2402 2478,2403 2532,2404 2587,2405 2642,2406 2696,2407 2751,2408 2806,2410 2860,2411 2915,2413 2970,2415 3025,2417"/>
                <TextEquiv>
                    <Unicode>veri. Alla vigilia della presa della Bastiglia, anzi nel¬</Unicode>
                </TextEquiv>
            </TextLine>
            <TextLine id="r3l26" custom="readingOrder {index:25;}">
                <Coords points="1924,2455 3038,2467 2966,2431 1924,2404"/>
                <Baseline points="1930,2451 1985,2452 2040,2454 2095,2455 2150,2456 2205,2457 2260,2457 2315,2458 2370,2458 2425,2459 2480,2459 2535,2460 2590,2461 2645,2461 2700,2462 2755,2463 2810,2464 2865,2465 2920,2467 2975,2469 3030,2471"/>
                <TextEquiv>
                    <Unicode>la sera del 14 lr glio 1789, gli aristocratiei non presta¬</Unicode>
                </TextEquiv>
            </TextLine>
            <TextLine id="r3l27" custom="readingOrder {index:26;}">
                <Coords points="1923,2514 2988,2537 3034,2522 3035,2467 2735,2499 2684,2466 1923,2476"/>
                <Baseline points="1930,2505 1984,2506 2039,2507 2094,2508 2149,2509 2204,2509 2259,2510 2313,2510 2368,2511 2423,2511 2478,2511 2533,2512 2588,2512 2643,2513 2697,2514 2752,2515 2807,2515 2862,2517 2917,2518 2972,2520 3027,2522"/>
                <TextEquiv>
                    <Unicode>no ancora fede al movimento popolare e continuano</Unicode>
                </TextEquiv>
            </TextLine>
            <TextLine id="r3l28" custom="readingOrder {index:27;}">
                <Coords points="1919,2569 3028,2595 3029,2535 2936,2528 2068,2536 2026,2509 1920,2546"/>
                <Baseline points="1926,2562 1980,2562 2035,2562 2090,2562 2145,2562 2199,2562 2254,2563 2309,2563 2364,2564 2418,2565 2473,2565 2528,2566 2583,2567 2637,2568 2692,2569 2747,2570 2802,2572 2856,2573 2911,2575 2966,2576 3021,2578"/>
                <TextEquiv>
                    <Unicode>a frequentare il Pappagallo verde in cerca di emozioni</Unicode>
                </TextEquiv>
            </TextLine>
            <TextLine id="r3l29" custom="readingOrder {index:28;}">
                <Coords points="1920,2622 3026,2649 3027,2596 2988,2586 1921,2582"/>
                <Baseline points="1928,2614 1982,2615 2037,2616 2091,2617 2146,2618 2200,2619 2255,2619 2309,2620 2364,2620 2418,2621 2473,2621 2528,2621 2582,2622 2637,2622 2691,2623 2746,2624 2800,2624 2855,2625 2909,2626 2964,2627 3019,2629"/>
                <TextEquiv>
                    <Unicode>mentre poco distante tuona ii cannone. Fra i comicié</Unicode>
                </TextEquiv>
            </TextLine>
            <TextLine id="r3l30" custom="readingOrder {index:29;}">
                <Coords points="1921,2675 3036,2686 2981,2634 2901,2660 1922,2624"/>
                <Baseline points="1928,2669 1983,2670 2038,2671 2093,2671 2148,2672 2203,2673 2258,2673 2313,2674 2368,2674 2423,2675 2478,2675 2533,2676 2588,2677 2643,2678 2698,2678 2753,2679 2808,2680 2863,2681 2918,2682 2973,2683 3029,2684"/>
                <TextEquiv>
                    <Unicode>Enrico, che ha sposato Leocadia, e viene a dare addio</Unicode>
                </TextEquiv>
            </TextLine>
            <TextLine id="r3l31" custom="readingOrder {index:30;}">
                <Coords points="1919,2728 2803,2740 2867,2770 2962,2741 3032,2776 3033,2709 2922,2693 1991,2674 1920,2703"/>
                <Baseline points="1926,2723 1983,2725 2041,2725 2099,2726 2157,2727 2215,2727 2273,2728 2330,2729 2388,2729 2446,2730 2504,2730 2562,2731 2620,2731 2677,2732 2735,2733 2793,2734 2851,2735 2909,2736 2967,2738 3025,2740"/>
                <TextEquiv>
                    <Unicode>ai compagni. Prima di partire promette per quella se¬</Unicode>
                </TextEquiv>
            </TextLine>
            <TextLine id="r3l32" custom="readingOrder {index:31;}">
                <Coords points="1922,2785 2146,2809 2753,2792 2753,2767 2651,2735 2055,2759 1923,2726"/>
                <Baseline points="1929,2778 1969,2778 2010,2779 2051,2780 2092,2780 2133,2781 2174,2781 2214,2781 2255,2781 2296,2781 2337,2781 2378,2781 2419,2782 2460,2782 2500,2782 2541,2782 2582,2783 2623,2784 2664,2785 2705,2786 2746,2787"/>
                <TextEquiv>
                    <Unicode>ra un ultimo impressionante spettacolo.</Unicode>
                </TextEquiv>
            </TextLine>
            <TextLine id="r3l33" custom="readingOrder {index:32;}">
                <Coords points="1945,2830 3022,2875 3023,2809 2966,2798 1946,2790"/>
                <Baseline points="1952,2831 2005,2831 2058,2832 2111,2832 2164,2833 2218,2834 2271,2835 2324,2835 2377,2836 2430,2837 2484,2838 2537,2839 2590,2840 2643,2841 2696,2842 2750,2843 2803,2844 2856,2845 2909,2845 2962,2846 3016,2846"/>
                <TextEquiv>
                    <Unicode>In fatti poco dopo, mentre l'usteria é piena di signo¬</Unicode>
                </TextEquiv>
            </TextLine>
            <TextLine id="r3l34" custom="readingOrder {index:33;}">
                <Coords points="1914,2883 1970,2913 2398,2887 2982,2925 3024,2874 1914,2854"/>
                <Baseline points="1920,2887 1974,2888 2029,2889 2084,2889 2139,2890 2194,2890 2249,2890 2303,2891 2358,2891 2413,2891 2468,2892 2523,2892 2578,2893 2633,2894 2687,2894 2742,2895 2797,2897 2852,2898 2907,2900 2962,2902 3017,2904"/>
                <TextEquiv>
                    <Unicode>ri, egli entra furibondo raccontando di aver sorpreso</Unicode>
                </TextEquiv>
            </TextLine>
            <TextLine id="r3l35" custom="readingOrder {index:34;}">
                <Coords points="1921,2943 2327,2971 2771,2945 2968,2980 3038,2959 3039,2914 1922,2896"/>
                <Baseline points="1928,2943 1983,2942 2038,2942 2093,2942 2148,2942 2203,2943 2258,2943 2314,2944 2369,2944 2424,2945 2479,2946 2534,2947 2589,2948 2644,2949 2700,2951 2755,2952 2810,2953 2865,2954 2920,2955 2975,2956 3031,2957"/>
                <TextEquiv>
                    <Unicode>la moglie in fraglunte delitto di adulterio col Duca di</Unicode>
                </TextEquiv>
            </TextLine>
            <TextLine id="r3l36" custom="readingOrder {index:35;}">
                <Coords points="1917,3001 2604,3022 2605,2969 2575,2966 2089,2972 2019,2951 1918,2969"/>
                <Baseline points="1924,2993 1957,2993 1991,2994 2024,2994 2058,2994 2092,2995 2125,2995 2159,2995 2193,2996 2226,2996 2260,2997 2294,2997 2327,2998 2361,2998 2395,2999 2428,3000 2462,3001 2496,3001 2529,3002 2563,3003 2597,3005"/>
                <TextEquiv>
                    <Unicode>Gadignan e di aver ucciso costui.</Unicode>
                </TextEquiv>
            </TextLine>
            <TextLine id="r3l37" custom="readingOrder {index:36;}">
                <Coords points="1949,3049 2125,3078 3038,3059 2886,3011 1949,3021"/>
                <Baseline points="1956,3048 2009,3049 2063,3050 2117,3051 2170,3052 2224,3053 2278,3053 2331,3054 2385,3055 2439,3056 2493,3056 2546,3057 2600,3058 2654,3059 2707,3059 2761,3060 2815,3061 2868,3061 2922,3062 2976,3062 3030,3063"/>
                <TextEquiv>
                    <Unicode>II racconto é reso con tauto accento di verismo che</Unicode>
                </TextEquiv>
            </TextLine>
            <TextLine id="r3l38" custom="readingOrder {index:37;}">
                <Coords points="1915,3106 3029,3134 3029,3097 2823,3064 1915,3079"/>
                <Baseline points="1922,3106 1977,3106 2032,3107 2087,3108 2142,3108 2197,3109 2252,3109 2307,3110 2362,3111 2417,3111 2472,3112 2527,3113 2582,3114 2637,3114 2692,3115 2747,3116 2802,3117 2857,3118 2912,3119 2967,3120 3022,3121"/>
                <TextEquiv>
                    <Unicode>qualeuno fra gli astanti, credendo che Enrico dica</Unicode>
                </TextEquiv>
            </TextLine>
            <TextLine id="r3l39" custom="readingOrder {index:38;}">
                <Coords points="1919,3177 3031,3186 3031,3144 2767,3118 1920,3118"/>
                <Baseline points="1926,3157 1980,3157 2035,3158 2090,3159 2145,3160 2200,3160 2255,3161 2310,3162 2365,3163 2420,3164 2475,3165 2529,3166 2584,3167 2639,3168 2694,3169 2749,3170 2804,3171 2859,3171 2914,3172 2969,3173 3024,3174"/>
                <TextEquiv>
                    <Unicode>il vero, esprime la sua soddisfazione. Enrico apprende</Unicode>
                </TextEquiv>
            </TextLine>
            <TextLine id="r3l40" custom="readingOrder {index:39;}">
                <Coords points="1914,3223 3058,3247 3059,3200 3015,3183 1915,3190"/>
                <Baseline points="1922,3217 1978,3217 2035,3216 2091,3216 2148,3215 2204,3215 2261,3216 2317,3216 2374,3217 2430,3217 2487,3218 2543,3219 2600,3220 2656,3221 2713,3223 2769,3224 2826,3226 2882,3227 2939,3229 2995,3231 3052,3233"/>
                <TextEquiv>
                    <Unicode>in tal modo di essere stato veramente tradito e di</Unicode>
                </TextEquiv>
            </TextLine>
            <TextLine id="r3l41" custom="readingOrder {index:40;}">
                <Coords points="1914,3283 3042,3299 3043,3247 2968,3229 1915,3236"/>
                <Baseline points="1922,3266 1977,3266 2033,3266 2089,3267 2144,3267 2200,3268 2256,3268 2311,3269 2367,3270 2423,3270 2479,3271 2534,3272 2590,3273 2646,3275 2701,3276 2757,3278 2813,3280 2868,3282 2924,3284 2980,3286 3036,3289"/>
                <TextEquiv>
                    <Unicode>avere inconsapevolmente recitata la veritä e vedendo,</Unicode>
                </TextEquiv>
            </TextLine>
            <TextLine id="r3l42" custom="readingOrder {index:41;}">
                <Coords points="1916,3355 2785,3332 2999,3365 3036,3300 1917,3293"/>
                <Baseline points="1924,3319 1979,3321 2034,3322 2089,3323 2145,3324 2200,3325 2255,3326 2310,3327 2366,3328 2421,3329 2476,3329 2531,3330 2587,3331 2642,3332 2697,3332 2752,3333 2808,3334 2863,3335 2918,3336 2973,3337 3029,3339"/>
                <TextEquiv>
                    <Unicode>in quel mentre, entrare nell’osteria il Duca di Gadignan</Unicode>
                </TextEquiv>
            </TextLine>
            <TextLine id="r3l43" custom="readingOrder {index:42;}">
                <Coords points="1919,3398 2397,3386 2546,3412 2636,3383 2743,3409 2784,3397 2785,3340 2685,3361 1976,3329 1920,3355"/>
                <Baseline points="1926,3375 1968,3376 2011,3377 2053,3377 2096,3378 2139,3379 2181,3380 2224,3381 2266,3382 2309,3383 2352,3383 2394,3384 2437,3385 2479,3385 2522,3386 2565,3386 2607,3386 2650,3386 2692,3386 2735,3385 2778,3384"/>
                <TextEquiv>
                    <Unicode>gli si fa bruscamente incontro e lo uccide.</Unicode>
                </TextEquiv>
            </TextLine>
            <TextLine id="r3l44" custom="readingOrder {index:43;}">
                <Coords points="1951,3437 3033,3458 3024,3403 1952,3400"/>
                <Baseline points="1958,3429 2011,3431 2064,3432 2118,3434 2171,3436 2224,3437 2278,3438 2331,3439 2384,3440 2438,3441 2491,3441 2544,3442 2598,3442 2651,3443 2704,3444 2758,3445 2811,3445 2864,3447 2918,3448 2971,3449 3025,3450"/>
                <TextEquiv>
                    <Unicode>La folla che, frattanto, ha preso la Bastiglia irrom¬</Unicode>
                </TextEquiv>
            </TextLine>
            <TextLine id="r3l45" custom="readingOrder {index:44;}">
                <Coords points="1918,3529 2752,3535 2770,3459 1919,3446"/>
                <Baseline points="1926,3494 1967,3493 2009,3493 2051,3492 2093,3492 2135,3492 2176,3493 2218,3493 2260,3493 2302,3494 2344,3495 2385,3496 2427,3496 2469,3497 2511,3498 2553,3499 2594,3499 2636,3500 2678,3500 2720,3501 2762,3501"/>
                <TextEquiv>
                    <Unicode>pe nella scena.ab grido: Viva la libertä!</Unicode>
                </TextEquiv>
            </TextLine>
            <TextEquiv>
                <Unicode>Telephon 12.801.
P..
= „OBSERVE.
I. österr. behördl. konz. Unternehmen für Zeitungs-Ausschnitte
Wien, I., Concordiaplatz 4.
Vertretungen
in Berlin, Budapest, Chicago, Christiania, Genf, Kopen¬
hagen, London, Madrid, Mailand, Minneapolis, New-Vork,
Paris, Rom, San Francisco, Stockholm, St. Petersburg.
(Quellenangabe ohne Gewähr).
ss 
be oLOe
vom:
e  
Dramma in 1 atto di A.
kpappagallo verde Senztzauh-— I diret¬
toré di unpiccolo teatro di Parigi, facendo cattivi af¬
fari, Ha Unhidea: chiude il teatro ed apre un osteria
all’ insegna del Pappagallo verde, nella quale i Bioi##
ex attori intervengono seralmente e, fingendo esse
re dei grandi malandrini, raccontano esimulans i
piü atroci delitti. Cio solletica la curiosità di molti si¬
gnori, che, se non andavano al teatro, vanno volentie¬
ri all’osteria sotto l’impressione di assistere a fattacei
veri. Alla vigilia della presa della Bastiglia, anzi nel¬
la sera del 14 lr glio 1789, gli aristocratiei non presta¬
no ancora fede al movimento popolare e continuano
a frequentare il Pappagallo verde in cerca di emozioni
mentre poco distante tuona ii cannone. Fra i comicié
Enrico, che ha sposato Leocadia, e viene a dare addio
ai compagni. Prima di partire promette per quella se¬
ra un ultimo impressionante spettacolo.
In fatti poco dopo, mentre l'usteria é piena di signo¬
ri, egli entra furibondo raccontando di aver sorpreso
la moglie in fraglunte delitto di adulterio col Duca di
Gadignan e di aver ucciso costui.
II racconto é reso con tauto accento di verismo che
qualeuno fra gli astanti, credendo che Enrico dica
il vero, esprime la sua soddisfazione. Enrico apprende
in tal modo di essere stato veramente tradito e di
avere inconsapevolmente recitata la veritä e vedendo,
in quel mentre, entrare nell’osteria il Duca di Gadignan
gli si fa bruscamente incontro e lo uccide.
La folla che, frattanto, ha preso la Bastiglia irrom¬
pe nella scena.ab grido: Viva la libertä!</Unicode>
            </TextEquiv>
        </TextRegion>
    </Page>
</PcGts>
