3392 4352
2339 12 2710 108 I Dnda sbente helenunschescen
1155 478 2043 563 plus hardie que nos producteurs, failt une expor¬
2066 486 2938 579 que pratiques, l’cuvre de M. Gabriel
1158 534 2046 590 tation coloniale considérable. Pour vous en don¬
2059 558 2942 618 Trarieux, remplie d’observation et de fi¬
1163 566 2036 618 ner une idée,1 ville de Stuttgard a requ, en une
1152 608 2047 654 seule saison, 6.000 wagons de pomines (wagons
2065 603 2935 654 nesse, atteste un talent très distingué,
1152 638 2040 693 de 12.000 à 20.000 kilos), dont 1,200 provenant de
2062 645 2926 694 tres sobre et tres original, qui produira
1152 686 2043 745 France et 1,100 provenant de Belgiqute et de Hol¬
2050 679 2931 741 du bon et méme du très hon théätre,
1150 702 1305 764 lande.
2060 725 2941 787 quand il voudra prendre la scène pour
1200 729 2041 814 II faut que le spectacle de ceitte activité
2056 774 2931 819 ce qu'elle est en réalité, un champ d’ac¬
1145 768 2035 849 exalte Normands, Bretons, Picardsi. Ce breu¬
2050 813 2932 868 tion et non pas une salle, plus ou moins
1149 836 2044 891 vage, qui est leur, ils je doivent imposer aux
2046 858 2606 911 animée, de conférences.
1154 864 2044 922 autres provinces françaises et 5. Tétranger.
2095 887 2934 963 Cette intéressante pièce a été fort bien
1156 909 2045 971 Eux-mémes en boivent-ils assez? Pourquoi
2043 934 2926 1003 jouée par Mme Suzanne Desprès qui
1157 949 2036 1004 un Rouennais se contente-t-il de 168 litres an¬
1150 985 2040 1033 nuels? un Rennais en boit 496... Qua“ au
2052 987 2932 1049 excelle dans ces röles de révoltée ou elle
1140 1025 2035 1082 Parisien, 6 litres lui suffisent. Et dans la plu¬
2041 1043 2930 1093 peut déployer à l'aise sesqualités d’éner¬
1151 1071 2033 1113 part des villes, la consommation est nulle.
2051 1082 2919 1133 gie, de vérité, d’émotion simple et forte.
1154 1102 2040 1165 Pourtant le cidre est sain, de prix minime; il
2051 1124 2937 1173 M. Antoine qui, dans la distribution,
1142 1144 2028 1197 rafraichit sil’on a chaud, et si l’on a froid
2051 1167 2931 1222 s était tres modestement servi, a dessiné
1147 1185 2031 1232 réchauffe; contre une vingtaine de maux, la
2045 1199 2927 1264 en perfection une fugitivé silhouette de
1148 1223 2034 1282 médecine a institué des cures de cidre. Le
2048 1253 2929 1293 curé de campagne, craintif et bon. M.
1141 1264 2034 1331 cidre a bien des vertus et leur panégyriste
1136 1296 1758 1370 sut toutes les mettr“ en relief.
2051 1293 2928 1355 Signoret faisait le professeur Masseron,
2051 1336 2937 1403 syrupathique raté dont il a très exacte¬
2048 1380 2932 1440 ment rendu le débraillé physique etmeme
1488 1380 1716 1470 BUICIDE
2037 1422 2928 1467 moral. Les antresröles sont tenus avec
1174 1418 2039 1509 wne Prague. — A GGablonz (Bohème),
2039 1460 2933 1519 beancoup de soin par MM. Matrat, Mos¬
1140 1485 2028 1540 Luigi Gedolin, Vénitien, siest mis sous l'ais¬
2045 1503 2930 1571 nier, Degeorge, Saverne, Mmes Jeanne
1141 1524 2042 1586 selle une cartouche de dynamite et l'a fait
2039 1551 2932 1625 Lion, Grumbach, Ellen Andrée, Marie
1137 1568 1328 1634 éclater.
2046 1595 2260 1665 Besson.
1799 1572 1998 1669 Argus.
2068 1638 2947 1735 Le spectacle était complété par deux
2051 1700 2926 1763 pièces en un acte: d’abord la Matérielle,
1172 1703 1990 1792 AVIS DIVERS
2050 1757 2936 1807 une amusante fantaisie de M. Gabriel
1494 1776 1679 1843 —
2042 1797 2933 1852 Astruc, qui se passe dans une prison.
1122 1807 2031 1890 IiEiNr osscuner redevient clair instantané¬
2035 1829 2941 1891 Deux détenus causent. L’un, un vaga¬
1138 1876 2035 1934 A ment avec le DUVET DE NINON, poudre
2047 1869 2950 1939 bond misérable, s’étonne de voir son
1131 1915 2035 1977 de riz de la Parfumerie Winon, 31, r. du 4-7bre.
2049 1921 2926 1981 camarade s’amuser à se dandiner cons¬
2041 1962 2944 2030 tamment comme un ours et demande
1135 1986 2032 2043 MORT AUX-RATS STEINER, sans rivale.
2048 2011 2936 2068 des explications. Le camarade, qui est.
2050 2059 2929 2110 bacheller, lui fait alors un cours sur le
1130 2035 1908 2113 NOFTRR LIS MAUE DETORAG
2039 2095 2930 2147 confortable dans les prisons; il a étudié
1255 2063 2030 2159 ET LES DIGESTIONS DIFFICILES
2048 2125 2949 2213 à fond la question et, après avoir essayé
1282 2147 1931 2239 LIOUEUR NORMALE
2046 2187 2943 2236 de tous les établissements pénitentiaires,
1128 2212 2030 2279 anx trois ferments (Pepsine, Diastase et Pan¬
2033 2227 2943 2286 il en est arrivé à conclure que l’asile
1129 2265 2028 2325 créatine). Flacon de 3 fr. 50, 6 fr., 9 francs.
2033 2281 2930 2330 révé c’est celuf de Sainte-Anne, celui
1286 2292 1899 2369 PHARMACIE NORMALE
2039 2314 2943 2381 des fous, ou l’on a à sa disposition de!
1447 2315 2032 2417 17 et 19, rue Drouot,Pants.
2039 2347 2941 2422 jolis jardins fleuris et d’ou lon sort en
1525 2405 1708 2479 —.
2035 2394 2937 2473 permission. II a pour but, avec son dan¬
2051 2437 2941 2510 dinement, de se faire passer pour #tim¬
1376 2467 1468 2566 7
2039 2493 2934 2557 bré v. II v réussit d’ailleurs pleinement,
2030 2546 2941 2591 car le médecin qui vient l’exhminer l’ex¬
1128 2518 2031 2629 EÄS PHEAYRRS
2045 2588 2945 2646 pédie en effet à Seinte-Anne. L’autre
1614 2613 1678 2668 —
2038 2625 2944 2681 reste seul, désespéré ét jaloux, s’effor¬
2037 2652 2935 2725 çant de chercher quelle monomanie il
1123 2672 2025 2758 Théatre Antoine: Lu Guerre au village,
2045 2717 2936 2772 pourrait bien avoir pour s’assurer le
1158 2722 2033 2782 piéce en trois actes, de M. Gabriel Tra¬
2031 2760 2331 2819 méme sort.
1167 2737 2040 2815 rienx; la Matérielle, coniédie en un acte,
1172 2790 2035 2854 de M. Gabriel Astruc; Au Perroquet vert,
2082 2770 2941 2861 Ce gentil petit acte est parfaitement
1172 2841 2034 2905 sotie en un acte, de M. Schnitzler, traduc¬
2040 2840 2938 2916 joué par MM. Berthier, l’intellectuel, et
1175 2880 1591 2954 tion de M. E. Lutz.
2043 2889 2696 2962 Tunc, le vagabond vulgaire.
1164 2919 2039 2994 Le théätre Antoine nous donnait hier
2066 2937 2932 3007 Pour finir, Au Perroquet vert, une
1134 2987 2023 3048 un spectacle coupé dont le morceau de
2039 2999 2934 3052 curieuse pièce qui a au moins le mérite
1134 3024 2022 3094 résistance était la Guerre au village, trois
2045 3047 2929 3099 de la nouveauté.Nous sommes, le 14 juil¬
1138 3086 2035 3129 actes de M. Gabriel Trarieux que l’on
2044 3062 2946 3147 let 1789, dans le cabaret du & Perroquet
1142 3109 2024 3186 pourra discuter, mais dont on ne contes¬
2038 3129 2942 3190 vert v. G’est une sorte de bonge ou la
1131 3159 2022 3228 tera ni l’intérêt ni la sincérité. On avait
2040 3179 2930 3235 noblesse vient chercher parmi les pires
1801 3198 2026 3256 n’est pas
1132 3208 1769 3273 annoncé une pièce à these.
2037 3210 2941 3275 canailles des sensations inédites. Pros¬
1787 3237 2034 3306 es äthese
1142 3254 1762 3313 tout 5 fait cela, car dans #e 8.
2034 3267 2927 3331 per, le patron de cet étrange établisse¬
1794 3287 2029 3345 unethese.
1138 3300 1743 3349 on nesoutientgénéralemen
2034 3301 2940 3367 ment recrute des individus qui passent
1775 3328 2042 3406 sentées, et
1137 3338 1737 3410 lei, ilyen aplusieurs der
2033 3350 2930 3401 aux yeux de la noble clientèle pour des
1781 3376 2033 3434 amistres
1141 3388 1727 3441 Tauteur, sans tricherie au
2045 3393 2946 3453 malandrins, des voleurs, des assassins.
1795 3422 2024 3477 chacun de
1143 3426 1716 3489 loyalement dans la boueh
2038 3431 2938 3494 IIs sont payés pour raconter des forfaits
1788 3468 2026 3528 ui Jui était
1145 3472 1703 3530 ses personnages le lan¬
2039 3473 2946 3544 imaginaires terribles et donner le petit
1780 3504 2026 3570 rement te¬
1145 3518 1679 3584 propre et qu'il devait n
2038 3517 2944 3575 frisson aux seigneurs et aux belles da¬
1789 3552 2034 3609 en bon so¬
1152 3562 1679 3623 nir. Ilyaun socialiste g
2038 3558 2938 3622 mes blasées. Loriginalité et la trouvaille
1776 3596 2030 3656 hon prêtre,
1156 3603 1683 3665 cialiste, un prétre quip
2036 3611 2937 3684 c’estle mélange saisissant du truqué et
1785 3640 2028 3696 tout juste
1145 3647 1669 3715 une institutrice laique
2040 3648 2938 3709 du réel: un véritable assassin qui a réel¬
1746 3683 2033 3740 et un maire
1153 3687 1671 3754 les choses qu'elle doit
2041 3696 2934 3756 Jement & refroidi v sa tante, mais qui
1140 3713 2026 3800 de campagne dont les les égoistes et
2037 3745 2937 3797 ignore l’art de dramatiser une histoire,
1139 3778 2024 3844 seches sont bien dan physionomie
2046 3774 2939 3842 est traité d’ C amateur , et conspué par
1141 3821 1798 3886 un peu étroite de son ploi,
2044 3831 2943 3890 Tassistance, tandis que celle-ci n’est pas
1189 3840 2033 3917 Tous ces’gens dont chacun dit ce qu'il
2032 3867 2936 3941 éloignée de croire à lanthenticité du poi¬
1152 3901 2034 3971 faut tournent autour d’une action qui
2037 3918 2932 3967 gnant récit que lui fait le célebre acteur
1156 3944 2036 4015 ne m's pas paru aussi nette que leurs
2040 3950 2940 4028 Didier. Cet acteur, pour terroriser son
1153 3999 2048 4046 paroles. Cette Guerre au village cest
1146 4002 2944 4101 Thistoire d’une jeune institutrice, Hen-] public de choix, invente un drame saisis¬
1190 4045 2941 4119 ette Pastoret aui a éfé jadis séduite; saht: il'raconte qulil vient de tuer le
2533 4082 2910 4131 à sürpris avcc sa
