3484 4352
1500 176 1920 274 box 15/3
769 190 1354 266 ruene Kakadu
275 192 692 287 9.3. Der
520 250 1340 300 RsseSSSseSsesesssseee
614 785 1730 916 The Westminster Gazette.
787 892 1664 1005 Date of Issue; 22:70.
406 1070 1778 1161 TWO PLAYS AT THE VAUDEVILLE THEATRE.
463 1143 1786 1231 It is regrettable that“ Collision?' should have had so short a
405 1184 1778 1278 run, for it was an interesting play of considerable merit, and,
403 1248 1775 1333 despite its technical flavour, deserved support; but the public thin
405 1294 1777 1372 season sccms to be set against serious drama. Last night ###o
394 1352 1761 1428 one-act pieces of substantial length were presented at the Vaude¬
406 1406 1774 1476 ville, and introduced by a short song-recital, which I do not feci
397 1432 1766 1528 myself competentto criticise. Still, 1 should like to say that Mies
397 1489 1765 1586 Gertrude Rolffs rendered a dramatic song called“ The Song oi
383 1540 1771 1632 Misery? with quite thrilling power. The ordinary performanse
390 1596 1766 1668 began with a play in four scenes by Mr. Hermon Quld, called
419 1638 1766 1745 * Between Sunset and Dawn. It is a tragedy of humble lisc,
397 1693 1759 1788 written with some ability. The chief figures are Bill Higgins,
388 1749 1759 1838 exact calling unknown, his wile Liz, and Jim Harris, keeper of a
409 1789 1773 1897 “ duss-house, ?' so humble that acccmmodation could be obtained
386 1832 1763 1936 for as little as a penny. Bill iiggins is a voung drunkard who
379 1910 1757 1973 knocks his wite about, so she runs away, and late at night comes
382 1940 1760 2021 tothe doss-house. Jim falls in love with her, and begs her to
378 1980 1765 2057 come and live with him, and after scruples on the ground of respec¬
380 2026 1754 2108 tability she consents, but a lew minutes later gocs back to her
385 2060 1771 2155 husband. Bill is jealous, am after a row attempts to assault her,
384 2114 1766 2195 So she runs away again, and returns to the doss-house. Jim is a
387 2159 1764 2238 littie chilled after hearing the truth, and withdraws his invitation,
381 2203 1761 2285 but when she is going awav fires up again, and soon discovers that
386 2257 1755 2322 though she consents to live with him she prefers the husband.
396 2292 1751 2378 Then he invites her to sit down, adopts a queer idiotic manner
388 2330 1757 2425 which 1 do not understand, asks her #o kiss him, and when she is
384 2382 1759 2463 about to do so, stabs her fatallz. I am still päzzled by the idiotic
383 2428 1735 2501 demeancur in the last scene, and perhaps in consequence of my
370 2473 1741 2556 ignorance do not feel at all satisfied about the truth of the play
379 2510 1757 2591 on the whole. This is unfortunate in the case of a work of such
370 2560 1742 2648 a grim character. It may be a profound study; if so, my judgment
371 2610 1754 2691 isat fault. Mr. Norman McKinnel acted with considerable force
374 2653 1752 2739 as Jim without being quite convincing. Miss May Blayney, in the
377 2705 1746 2780 part of the wife, though there was skill in her performance, did not
367 2760 1741 2823 succeed in keeping back the idea that she was a lady representing
381 2788 1742 2879 one of the almost submerged. There was some merit in the
383 2838 1152 2898 acting of Mr. Edmond Breon as Bill.
439 2890 1733 2963 The second piece was Schiitzler’s comedy“ The Green Cocka¬
362 2929 1752 2980 too, presented in March of last year by the Stage Society, and
381 2975 1736 3052 subsequently published in book form, though in another transla¬
379 3017 1734 3094 tion ably made by Mr. Horace B. Samuel. A quite remarkable
365 3059 1742 3143 little drama with vivid thumb-nail sketches of character presenting
374 3119 1736 3189 an episode of the beginning of the French Revolution, and bringing
368 3156 1735 3233 out certain aspects with extraordinary force. Indeed." The
376 3188 1738 3274 Green Cockatoo?' is masterly in construction, and presents a host
363 3239 1733 3309 of real characters acting and reucting on one another, and is
376 3274 1725 3369 worked up with great skill to a big climax. The performance
368 3322 1725 3395 is more notable for general excellence than great individual merit.
370 3379 1736 3456 Alr. McKinnel acted with much force as Henri, the central figure,
364 3401 1726 3505 Bit failed to give the poctic note. There was skilful work by¬
367 3474 1747 3544 Messrs. Edward Rigby, A. G. Poulton, and Leslie Carter. The
361 3506 1332 3579 piece was received with Considerable applause.
1458 3527 1703 3606 E. F. S.
2077 213 2339 269 #. - Saldcn
2658 220 2987 279 —0Lobsechdl
3008 226 3349 314 ANU SPEEU.
2370 313 3308 418 S
2033 349 2359 432 ing fromthe —
2039 434 2482 514 ress of Publication
2487 500 2972 597 2110•77
2052 524 2232 596 dated —
2068 672 3218 782 BETWEEN SUNSET AND DAWN“
2035 821 3220 904 Mr. Norman MeKinnel in a Strong New
2542 895 2733 982 Play.
2095 999 3239 1084 It was an interesting evening at the Vamleville last
2040 1057 3245 1122 night, when Messis. Norman Mekinnel and Frederick
2043 1109 3239 1194 Whelen presented what was in the nature of a triple bill.
2043 1162 3242 1228 But, as the first part was musical and the last was a
2043 1208 3240 1272 revival, chief attention müst be centred upon the second¬
2040 1264 3235 1334 item, which was a piece in four scenes by Hermon Quld,
2963 1313 3246 1379 By this it
2044 1311 2912 1388 entitled“ Between Sunset and Dawn.
2049 1358 3246 1438 should not be inferred that the miniature recital of their
2046 1427 3248 1478 own songs by Miss Gertrude Rolffs and Mr. Anton¬
2044 1467 3243 1532 Dressler fell upon unappreciative cars. On the contrary,
2041 1519 3244 1590 both the vocal and creative abilities and the fine dramatie
2047 1567 3247 1634 manner in which they were delivered to the brilliant
2048 1631 3249 1687 pianoforte accompaniment ef Mr. Dressler were recog¬
2046 1675 3152 1743 nised in no uncertain manner by the audience.
2107 1726 3254 1800 The title of the evening’s novelty is a good one, and,
2045 1772 3257 1844 it must be confessed, filled one with more confidence
2053 1843 3243 1901 before the curtain rose than just immediately after. For,
2042 1886 3248 1954 truth to tell, those zho had not studied well their pro¬
2055 1924 3260 2007 gramme, and seen that the first section took place in the
2045 1969 3269 2033 kitchen of Mrs. Harris s dosshouse in South London, felt
2055 2019 3261 2077 a sense of disappointment that the characters and scenes
2052 2073 3253 2131 fealt with London“ low life. It stands to the credit
2048 2124 3261 2179 pf those concerned, players and author alike, that this
2057 2168 3240 2216 feeling soon gave way to one of eager attention. Inter¬
2052 2201 3250 2274 preters of a new play seldom receive their dud, for, on
2050 2253 3245 2300 account of.the exigencies of space, the author gets most
2056 2304 3258 2354 of the notice; but there is no doubt that the stimulating
2055 2342 3259 2390 ##ffectof the acting of Mr. Norman Mekinnel, as Jim
2052 2372 3258 2439 Harris, and of Miss Ada King, as Jim s mother, in the
2059 2422 3259 2487 first moments of the piece, had its influence right through
2066 2474 2341 2535 to the end.
2123 2496 3240 2574 Between Sunset and Dawn has qufte the Gals¬
2055 2552 3256 2609 worthy touch, but the scenes are handled with more
2060 2601 3252 2659 realism and less decision. For as a matter of fact, it is
2047 2640 3252 2701 difficult to decide which of the two forbidding male speci¬
2058 2674 3271 2753 inens between whom poor little Liz Higgins has to cheose
2053 2728 3262 2785 is the more mentally unbalanced. The husband, Who bangs
2059 2772 3271 2831 her about wlen he is in his cups, who wants to kiss her
2066 2824 3261 2880 one minute and to hate her the next, is every bit as dan¬
2066 2863 3251 2918 generous at large as the burly imbecile that does her
2069 2919 3259 2966 in intheend. Abanyrate Liz, pretty as a peach, as the
2064 2946 3252 3023 Americans would say, runs away from her young“ old
2061 2998 3254 3050 man, and is driven by a storm into a penny doss¬
2057 3036 3253 3093 house, just as Mrs. Harris, whose tongue s as sharp as
2060 3079 3243 3158 her thirst, is being candidly rebuked by her big, slow,
2069 3127 2596 3196 roughly honest son Jim.
2100 3146 3255 3222 Liz has not a penny, but Jim takes her in; and when
2064 3194 3263 3270 Bill Higgins, finding her whercabouts, demands his wife's
2067 3257 3254 3314 release, for Jim has locked her in a room, the big man
2066 3299 3260 3344 refuses tolet her husband take her away, though he has to
2065 3332 3268 3397 knock him down several times by way of emphasis of his
2070 3395 3252 3445 Intentions. Liz is distinetly impressed by her protector,
2063 3440 3259 3491 who hitherto has held all feminity in calm contempt, but
2059 3480 3268 3536 she takes a lot of persuading to meet him somewhere next
2063 3515 3264 3580 fay. Her“ lawful'’ instinets prove, however, stronger
2069 3554 3268 3611 than anything else, and she goes back to her home just
2062 3608 3275 3667 after Bill has gone sorrowfully to bed. But he hears her
2059 3649 3256 3707 return. He is jealous, trusting, misbelieving, kind,
2070 3696 3259 3756 brutal by turn, and finally only the lamp going
2065 3725 3260 3798 but and giving Liz the chance to escape
2070 3782 3259 3854 prevents his killing her on the spot. The woman returns
2064 3832 3253 3882 to Jim, who for a time is for turning her away, simply
2066 3861 3261 3930 because she had lied“ like all women in telling her
2066 3905 3265 3983 husband he, Jimn, had not tried to kiss her. But a new
2061 3953 3268 4014 and dangerous chord has been struck in Jim, and he
2062 4013 3256 4058 rannot let her go. He stops her at the door. She dees
2067 4051 3261 4094 not read his leering looks aright. But passion had
2060 4089 3252 4149 nwakened in this hulking frame the hereditary taint that
2057 4127 3247 4176 had sent his father to a madman's grave. He puts two
