<?xml version="1.0" encoding="UTF-8" standalone="yes"?>
<PcGts xmlns="http://schema.primaresearch.org/PAGE/gts/pagecontent/2013-07-15" xmlns:xsi="http://www.w3.org/2001/XMLSchema-instance" xsi:schemaLocation="http://schema.primaresearch.org/PAGE/gts/pagecontent/2013-07-15 http://schema.primaresearch.org/PAGE/gts/pagecontent/2013-07-15/pagecontent.xsd">
    <Metadata>
        <Creator>prov=University of Rostock/Institute of Mathematics/CITlab/Gundram Leifert/gundram.leifert@uni-rostock.de:name=ONB_Newseye_GT_M1+(htr_id=10810)::::v=2.4.2
prov=University of Rostock/Institute of Mathematics/CITlab/Tobias Gruening/tobias.gruening@uni-rostock.de:name=de.uros.citlab.module.baseline2polygon.B2PSeamMultiOriented:v=2.4.2
prov=University of Rostock/Institute of Mathematics/CITlab/Tobias Gruening/tobias.gruening@uni-rostock.de:name=/mnt/transkribus/LA/DEA/URO/LA_news_onb_att.pb:de.uros.citlab.segmentation.CITlab_LA_ML:v=2.4.2
Transkribus</Creator>
        <Created>2019-10-07T11:41:16.498+02:00</Created>
        <LastChange>2019-10-08T15:48:48.507+02:00</LastChange>
        <TranskribusMetadata docId="223987" pageId="9502049" pageNr="33" tsid="16597140" status="IN_PROGRESS" userId="40391" imgUrl="https://files.transkribus.eu/Get?id=GCOEIUEPJBFUWWCPKLFMRRKR&amp;fileType=view" xmlUrl="https://files.transkribus.eu/Get?id=WEKSODQZKMZNBBXSTFVVTBFD" imageId="6192267"/>
    </Metadata>
    <Page imageFilename="223987_0033.jpeg" imageWidth="3392" imageHeight="4352">
        <ReadingOrder>
            <OrderedGroup id="ro_1711447242415" caption="Regions reading order">
                <RegionRefIndexed index="0" regionRef="r1"/>
            </OrderedGroup>
        </ReadingOrder>
        <TextRegion orientation="0.0" id="r1" custom="readingOrder {index:0;}">
            <Coords points="256,186 256,3962 2311,3962 2311,186"/>
            <TextLine id="r1l1" custom="readingOrder {index:0;}">
                <Coords points="480,217 517,220 532,212 557,222 596,223 621,216 634,220 632,173 598,176 587,167 572,173 546,169 526,153 515,152 507,159 478,164"/>
                <Baseline points="488,214 515,209 542,208 570,208 597,208 625,207"/>
                <TextEquiv>
                    <Unicode>Der</Unicode>
                </TextEquiv>
            </TextLine>
            <TextLine id="r1l2" custom="readingOrder {index:1;}">
                <Coords points="695,205 734,223 1305,223 1305,155 1217,149 1162,176 1115,149 1076,171 1040,149 965,185 695,164"/>
                <Baseline points="704,214 733,212 763,211 792,210 822,209 852,209 881,209 911,209 941,209 970,210 1000,210 1030,210 1059,211 1089,211 1119,211 1148,211 1178,211 1208,211 1237,210 1267,209 1297,208"/>
                <TextEquiv>
                    <Unicode>Fruene Kakadu</Unicode>
                </TextEquiv>
            </TextLine>
            <TextLine id="r1l3" custom="readingOrder {index:2;}">
                <Coords points="1445,232 1510,215 1597,229 1619,211 1696,237 1737,218 1796,233 1881,197 1881,174 1831,150 1736,150 1715,166 1681,149 1628,186 1611,168 1564,173 1545,158 1446,148"/>
                <Baseline points="1454,208 1480,207 1506,207 1532,208 1558,208 1584,209 1610,210 1636,210 1663,211 1689,212 1715,212 1741,213 1767,213 1793,212 1819,212 1845,211 1872,209"/>
                <TextEquiv>
                    <Unicode>box 14/8</Unicode>
                </TextEquiv>
            </TextLine>
            <TextLine id="r1l4" custom="readingOrder {index:3;}">
                <Coords points="247,226 1306,265 1292,211 514,212 375,150 248,164"/>
                <Baseline points="256,208 308,213 360,217 412,220 464,223 516,227 568,229 620,231 672,232 724,233 777,234 829,234 881,235 933,235 985,234 1037,234 1089,234 1141,233 1193,232 1245,231 1298,231"/>
                <TextEquiv>
                    <Unicode>J. 3  4 eesersensereteteetete e e </Unicode>
                </TextEquiv>
            </TextLine>
            <TextLine id="r1l5" custom="readingOrder {index:4;}">
                <Coords points="1384,673 1829,692 1832,616 1767,630 1720,610 1599,628 1537,611 1387,611"/>
                <Baseline points="1394,646 1419,647 1444,648 1469,649 1494,650 1519,651 1545,652 1570,653 1595,655 1620,655 1645,656 1670,657 1696,659 1721,660 1746,660 1771,662 1796,662 1822,663"/>
                <TextEquiv>
                    <Unicode>Telephon 12801.</Unicode>
                </TextEquiv>
            </TextLine>
            <TextLine id="r1l6" custom="readingOrder {index:5;}">
                <Coords points="997,750 2196,776 2197,733 2092,714 999,693"/>
                <Baseline points="1007,732 1066,733 1125,734 1184,736 1243,738 1302,739 1361,741 1420,744 1479,746 1538,748 1597,751 1656,753 1715,755 1774,757 1833,759 1892,761 1951,762 2010,763 2069,764 2128,765 2188,765"/>
                <TextEquiv>
                    <Unicode>Alex. Weigl’s Unternehmen für Zeitungs-Ausschnitte</Unicode>
                </TextEquiv>
            </TextLine>
            <TextLine id="r1l7" custom="readingOrder {index:6;}">
                <Coords points="1810,858 1871,877 1968,826 2117,833 2151,820 2149,795 2104,779 2074,791 2062,782 2002,790 1975,775 1942,786 1922,812 1853,792 1803,799"/>
                <Baseline points="1819,859 1845,853 1872,848 1899,843 1926,838 1953,834 1980,831 2007,828 2034,826 2061,824 2088,824 2115,823 2142,824"/>
                <TextEquiv>
                    <Unicode>Dee Ausschnitt</Unicode>
                </TextEquiv>
            </TextLine>
            <TextLine id="r1l8" custom="readingOrder {index:7;}">
                <Coords points="1246,884 1376,863 1498,898 1533,878 1656,903 1694,883 1767,907 1919,894 1920,863 1825,864 1786,821 1731,850 1700,826 1652,844 1619,810 1487,849 1412,805 1319,847 1248,832"/>
                <Baseline points="1256,860 1288,861 1321,863 1354,864 1386,865 1419,866 1452,867 1484,868 1517,869 1550,870 1583,870 1615,871 1648,872 1681,873 1713,874 1746,875 1779,877 1811,878 1844,880 1877,882 1910,885"/>
                <TextEquiv>
                    <Unicode>„OBSEHVE.</Unicode>
                </TextEquiv>
            </TextLine>
            <TextLine id="r1l9" custom="readingOrder {index:8;}">
                <Coords points="1995,907 2064,919 2081,909 2111,922 2135,909 2171,930 2222,926 2246,908 2260,912 2264,861 2229,867 2195,847 2113,858 2060,827 2037,838 2000,830"/>
                <Baseline points="2005,900 2032,897 2059,897 2087,898 2114,900 2142,903 2169,906 2197,909 2224,910 2252,911"/>
                <TextEquiv>
                    <Unicode>Nr. 49</Unicode>
                </TextEquiv>
            </TextLine>
            <TextLine id="r1l10" custom="readingOrder {index:9;}">
                <Coords points="871,934 2135,987 2321,948 873,872"/>
                <Baseline points="880,922 951,924 1023,927 1094,929 1166,931 1237,933 1309,935 1380,937 1452,939 1523,941 1595,943 1667,945 1738,947 1810,950 1881,952 1953,954 2024,957 2096,959 2167,961 2239,964 2311,967"/>
                <TextEquiv>
                    <Unicode>I. österr beföri) conc. Bureau für Zeitungsberichte u. Personalnachrichten</Unicode>
                </TextEquiv>
            </TextLine>
            <TextLine id="r1l11" custom="readingOrder {index:10;}">
                <Coords points="1145,1023 2053,1044 2054,994 2004,980 1147,961"/>
                <Baseline points="1156,996 1200,1000 1244,1003 1289,1006 1333,1007 1378,1009 1422,1011 1467,1012 1511,1014 1556,1015 1600,1015 1644,1016 1689,1017 1733,1018 1778,1019 1822,1021 1867,1021 1911,1023 1956,1025 2000,1027 2045,1030"/>
                <TextEquiv>
                    <Unicode>Wien, I., Concondiaplatz 4.</Unicode>
                </TextEquiv>
            </TextLine>
            <TextLine id="r1l12" custom="readingOrder {index:11;}">
                <Coords points="874,1051 2305,1105 2307,1046 2178,1034 876,997"/>
                <Baseline points="883,1046 953,1049 1024,1052 1095,1055 1165,1057 1236,1060 1307,1062 1377,1064 1448,1066 1519,1068 1590,1070 1660,1072 1731,1074 1802,1076 1872,1079 1943,1081 2014,1084 2084,1086 2155,1089 2226,1092 2297,1096"/>
                <TextEquiv>
                    <Unicode>Vertretungen in Berlin, Budapest, Chicago, Genf, London, Newyork, Paris, Rom,</Unicode>
                </TextEquiv>
            </TextLine>
            <TextLine id="r1l13" custom="readingOrder {index:12;}">
                <Coords points="1233,1108 1751,1117 1902,1146 1947,1131 1948,1097 1925,1089 1235,1066"/>
                <Baseline points="1242,1095 1276,1097 1311,1099 1346,1101 1381,1102 1416,1104 1451,1105 1485,1106 1520,1107 1555,1109 1590,1110 1625,1111 1660,1112 1695,1113 1729,1113 1764,1115 1799,1116 1834,1117 1869,1118 1904,1120 1939,1122"/>
                <TextEquiv>
                    <Unicode>Stockholm, Kristiania, St. Petersburg.</Unicode>
                </TextEquiv>
            </TextLine>
            <TextLine id="r1l14" custom="readingOrder {index:13;}">
                <Coords points="867,1235 1950,1260 2037,1234 2037,1182 1711,1146 1555,1178 1403,1151 1305,1198 866,1181"/>
                <Baseline points="875,1229 932,1233 990,1236 1047,1238 1105,1239 1163,1239 1220,1239 1278,1238 1336,1236 1393,1234 1451,1232 1509,1231 1566,1229 1624,1227 1682,1226 1739,1225 1797,1225 1855,1226 1912,1228 1970,1231 2028,1234"/>
                <TextEquiv>
                    <Unicode>Ausschnitt aus: Berliner Lonal-Anzeiger</Unicode>
                </TextEquiv>
            </TextLine>
            <TextLine id="r1l15" custom="readingOrder {index:14;}">
                <Coords points="1227,1384 1252,1390 1271,1376 1291,1371 1329,1382 1349,1382 1366,1370 1389,1376 1386,1310 1370,1315 1359,1306 1343,1313 1323,1307 1305,1315 1281,1305 1222,1303"/>
                <Baseline points="1234,1364 1263,1359 1292,1356 1321,1355 1350,1355 1380,1354"/>
                <TextEquiv>
                    <Unicode>775</Unicode>
                </TextEquiv>
            </TextLine>
            <TextLine id="r1l16" custom="readingOrder {index:15;}">
                <Coords points="861,1374 891,1391 955,1389 966,1399 984,1394 1014,1404 1047,1381 1091,1386 1102,1397 1120,1392 1121,1347 1096,1363 1057,1340 1001,1344 982,1333 963,1347 941,1333 887,1339 862,1329"/>
                <Baseline points="870,1374 896,1372 923,1371 950,1371 977,1372 1004,1374 1031,1375 1058,1376 1085,1377 1112,1378"/>
                <TextEquiv>
                    <Unicode>vom: </Unicode>
                </TextEquiv>
            </TextLine>
            <TextLine id="r1l17" custom="readingOrder {index:16;}">
                <Coords points="1129,1421 1145,1420 1148,1416 1160,1412 1163,1407 1165,1409 1174,1400 1189,1401 1178,1339 1165,1341 1147,1368 1138,1370 1135,1374 1131,1371 1120,1373"/>
                <Baseline points="1133,1395 1177,1387"/>
                <TextEquiv>
                    <Unicode>2</Unicode>
                </TextEquiv>
            </TextLine>
            <TextLine id="r1l18" custom="readingOrder {index:17;}">
                <Coords points="1303,1604 1619,1586 2005,1625 2008,1530 1955,1521 1834,1531 1773,1500 1633,1542 1529,1518 1456,1532 1398,1500 1306,1518"/>
                <Baseline points="1313,1572 1347,1574 1381,1575 1415,1576 1449,1578 1484,1580 1518,1581 1552,1582 1586,1584 1620,1585 1655,1587 1689,1588 1723,1589 1757,1590 1791,1591 1826,1593 1860,1593 1894,1594 1928,1594 1962,1594 1997,1594"/>
                <TextEquiv>
                    <Unicode>Theater und Mulik.</Unicode>
                </TextEquiv>
            </TextLine>
            <TextLine id="r1l19" custom="readingOrder {index:18;}">
                <Coords points="1233,1643 2061,1671 2108,1654 2109,1618 1768,1627 1515,1588 1233,1619"/>
                <Baseline points="1241,1639 1283,1641 1326,1642 1369,1643 1412,1645 1455,1645 1498,1646 1541,1647 1584,1648 1627,1648 1670,1649 1712,1649 1755,1650 1798,1650 1841,1651 1884,1651 1927,1652 1970,1653 2013,1654 2056,1655 2099,1656"/>
                <TextEquiv>
                    <Unicode>F. H. Im Schiller=Theater wurden gestern</Unicode>
                </TextEquiv>
            </TextLine>
            <TextLine id="r1l20" custom="readingOrder {index:19;}">
                <Coords points="1184,1686 2111,1711 2099,1655 1185,1643"/>
                <Baseline points="1194,1680 1239,1683 1284,1684 1330,1685 1375,1686 1421,1687 1466,1688 1512,1688 1557,1689 1603,1689 1648,1690 1693,1690 1739,1691 1784,1691 1830,1692 1875,1692 1921,1694 1966,1695 2012,1696 2057,1698 2103,1700"/>
                <TextEquiv>
                    <Unicode>(Donnerstag) drei Einakter gegeben. Den Anfang</Unicode>
                </TextEquiv>
            </TextLine>
            <TextLine id="r1l21" custom="readingOrder {index:20;}">
                <Coords points="1185,1727 2032,1746 2114,1738 2115,1683 1800,1714 1186,1686"/>
                <Baseline points="1195,1721 1240,1722 1286,1723 1331,1724 1377,1725 1422,1726 1468,1726 1513,1727 1559,1728 1604,1729 1650,1729 1695,1730 1741,1730 1786,1731 1832,1731 1877,1732 1923,1732 1968,1733 2014,1734 2059,1734 2105,1735"/>
                <TextEquiv>
                    <Unicode>machte die dramatische Skizze eines dänischen</Unicode>
                </TextEquiv>
            </TextLine>
            <TextLine id="r1l22" custom="readingOrder {index:21;}">
                <Coords points="1181,1761 2072,1788 2108,1774 2109,1736 1181,1732"/>
                <Baseline points="1189,1759 1234,1760 1280,1760 1325,1761 1371,1762 1416,1762 1462,1763 1507,1764 1553,1764 1598,1765 1644,1766 1689,1767 1735,1767 1780,1768 1826,1769 1871,1770 1917,1771 1962,1772 2008,1773 2053,1775 2099,1776"/>
                <TextEquiv>
                    <Unicode>Autors, den das Schiller=Theater gestern zueist</Unicode>
                </TextEquiv>
            </TextLine>
            <TextLine id="r1l23" custom="readingOrder {index:22;}">
                <Coords points="1180,1808 1980,1824 2100,1810 2101,1785 1181,1762"/>
                <Baseline points="1189,1800 1234,1800 1279,1800 1324,1800 1369,1801 1414,1802 1459,1803 1505,1804 1550,1805 1595,1806 1640,1808 1685,1809 1730,1810 1775,1811 1821,1812 1866,1812 1911,1813 1956,1814 2001,1814 2046,1814 2092,1813"/>
                <TextEquiv>
                    <Unicode>rauf die deutsche Bühne brachte. „Nach Jahr</Unicode>
                </TextEquiv>
            </TextLine>
            <TextLine id="r1l24" custom="readingOrder {index:23;}">
                <Coords points="1185,1842 2107,1853 2107,1804 2014,1826 1185,1809"/>
                <Baseline points="1194,1837 1239,1837 1284,1838 1329,1840 1374,1841 1419,1842 1464,1843 1510,1844 1555,1845 1600,1846 1645,1847 1690,1848 1735,1849 1780,1849 1826,1850 1871,1851 1916,1851 1961,1851 2006,1851 2051,1851 2097,1851"/>
                <TextEquiv>
                    <Unicode>und Tag“ heißt das Stückchen, sein Dichter ist</Unicode>
                </TextEquiv>
            </TextLine>
            <TextLine id="r1l25" custom="readingOrder {index:24;}">
                <Coords points="1187,1889 1300,1868 1454,1896 1880,1878 2071,1903 2105,1850 1188,1846"/>
                <Baseline points="1197,1876 1241,1877 1286,1878 1331,1879 1376,1880 1421,1881 1466,1882 1511,1883 1556,1884 1601,1885 1646,1886 1690,1887 1735,1889 1780,1889 1825,1890 1870,1891 1915,1891 1960,1892 2005,1892 2050,1892 2095,1892"/>
                <TextEquiv>
                    <Unicode>Axel Steenbuch, als Verdeutscher nennt sich</Unicode>
                </TextEquiv>
            </TextLine>
            <TextLine id="r1l26" custom="readingOrder {index:25;}">
                <Coords points="1182,1933 2101,1936 2101,1893 1906,1900 1877,1876 1478,1900 1294,1868 1183,1893"/>
                <Baseline points="1191,1921 1236,1920 1281,1919 1326,1919 1371,1919 1416,1920 1461,1921 1506,1922 1551,1922 1596,1923 1641,1925 1686,1926 1731,1927 1776,1927 1821,1928 1866,1928 1911,1929 1956,1928 2001,1927 2046,1926 2092,1924"/>
                <TextEquiv>
                    <Unicode>Francis Maro. Man kennt die nordischen Novellen¬</Unicode>
                </TextEquiv>
            </TextLine>
            <TextLine id="r1l27" custom="readingOrder {index:26;}">
                <Coords points="1182,1953 1261,1979 1344,1955 1993,1985 2104,1962 2105,1933 1183,1932"/>
                <Baseline points="1191,1960 1236,1959 1281,1959 1326,1958 1372,1958 1417,1959 1462,1959 1507,1960 1553,1961 1598,1962 1643,1963 1688,1964 1734,1965 1779,1966 1824,1967 1869,1968 1915,1968 1960,1969 2005,1969 2050,1969 2096,1969"/>
                <TextEquiv>
                    <Unicode>skizzen, in denen die äußerliche Handlung nichts,</Unicode>
                </TextEquiv>
            </TextLine>
            <TextLine id="r1l28" custom="readingOrder {index:27;}">
                <Coords points="1185,1998 2066,2017 2098,2010 2099,1962 1186,1964"/>
                <Baseline points="1195,1996 1239,1997 1284,1997 1329,1997 1373,1998 1418,1999 1463,1999 1507,2000 1552,2001 1597,2002 1642,2002 1686,2003 1731,2004 1776,2005 1820,2005 1865,2006 1910,2007 1954,2007 1999,2008 2044,2008 2089,2008"/>
                <TextEquiv>
                    <Unicode>die psychologisch gefeilte Charakteristik, die auf</Unicode>
                </TextEquiv>
            </TextLine>
            <TextLine id="r1l29" custom="readingOrder {index:28;}">
                <Coords points="1187,2039 2070,2057 2114,2046 2115,2005 1188,1996"/>
                <Baseline points="1196,2037 1241,2037 1287,2037 1332,2037 1378,2038 1423,2038 1469,2038 1514,2039 1560,2039 1605,2040 1651,2040 1696,2041 1742,2041 1787,2042 1833,2042 1878,2043 1924,2043 1969,2044 2015,2044 2060,2044 2106,2044"/>
                <TextEquiv>
                    <Unicode>feiner Beobachtung der Menschennatur aufgebaut</Unicode>
                </TextEquiv>
            </TextLine>
            <TextLine id="r1l30" custom="readingOrder {index:29;}">
                <Coords points="1186,2076 2028,2097 2100,2078 2101,2044 1618,2040 1583,2065 1541,2037 1186,2042"/>
                <Baseline points="1195,2074 1239,2074 1284,2074 1329,2074 1374,2074 1419,2074 1463,2075 1508,2076 1553,2076 1598,2077 1643,2078 1687,2079 1732,2080 1777,2081 1822,2081 1867,2083 1911,2084 1956,2084 2001,2085 2046,2086 2091,2087"/>
                <TextEquiv>
                    <Unicode>ist, alles bedeutet. Solch eine in einfachste</Unicode>
                </TextEquiv>
            </TextLine>
            <TextLine id="r1l31" custom="readingOrder {index:30;}">
                <Coords points="1187,2114 1772,2118 1842,2142 2098,2123 2098,2080 1187,2076"/>
                <Baseline points="1195,2114 1239,2114 1284,2115 1329,2115 1373,2116 1418,2116 1463,2116 1507,2117 1552,2117 1597,2117 1642,2118 1686,2118 1731,2119 1776,2119 1820,2120 1865,2120 1910,2121 1954,2121 1999,2122 2044,2123 2089,2124"/>
                <TextEquiv>
                    <Unicode>Bühnenform gebrachte Skizze ist Steenbuchs</Unicode>
                </TextEquiv>
            </TextLine>
            <TextLine id="r1l32" custom="readingOrder {index:31;}">
                <Coords points="1197,2158 2101,2171 2101,2121 1197,2119"/>
                <Baseline points="1205,2151 1249,2152 1293,2153 1338,2154 1382,2154 1426,2155 1471,2156 1515,2157 1559,2157 1604,2158 1648,2159 1692,2160 1737,2160 1781,2161 1825,2161 1870,2162 1914,2162 1958,2163 2003,2163 2047,2163 2092,2164"/>
                <TextEquiv>
                    <Unicode>Einakter. Ein Dialog zwischen zwei alten</Unicode>
                </TextEquiv>
            </TextLine>
            <TextLine id="r1l33" custom="readingOrder {index:32;}">
                <Coords points="839,2191 2267,2227 2087,2157 842,2125"/>
                <Baseline points="850,2162 920,2169 990,2174 1061,2179 1131,2183 1202,2186 1272,2188 1343,2190 1413,2192 1484,2194 1554,2195 1624,2196 1695,2197 1765,2199 1836,2202 1906,2204 1977,2208 2047,2211 2118,2217 2188,2222 2259,2230"/>
                <TextEquiv>
                    <Unicode>Für 50 Zeitung Mädchen, die sich ihrer Jugendliebe „nach selusive</Unicode>
                </TextEquiv>
            </TextLine>
            <TextLine id="r1l34" custom="readingOrder {index:33;}">
                <Coords points="951,2198 962,2199 978,2216 993,2222 1013,2213 1019,2219 1036,2220 1044,2216 1047,2220 1060,2221 1061,2183 1043,2184 1033,2178 1029,2182 1024,2178 1009,2181 999,2175 995,2179 964,2158 953,2157"/>
                <Baseline points="959,2210 989,2207 1020,2210 1051,2212"/>
                <TextEquiv>
                    <Unicode>100</Unicode>
                </TextEquiv>
            </TextLine>
            <TextLine id="r1l35" custom="readingOrder {index:34;}">
                <Coords points="1188,2238 1272,2246 1315,2225 1347,2249 1405,2228 1485,2251 1528,2223 1567,2248 1729,2230 1729,2207 1700,2196 1188,2197"/>
                <Baseline points="1197,2232 1223,2232 1249,2232 1275,2231 1301,2231 1327,2232 1353,2232 1380,2233 1406,2233 1432,2233 1458,2234 1484,2235 1510,2235 1536,2236 1563,2236 1589,2237 1615,2237 1641,2237 1667,2236 1693,2236 1720,2235"/>
                <TextEquiv>
                    <Unicode>Jahr und Tag“ erinnern.</Unicode>
                </TextEquiv>
            </TextLine>
            <TextLine id="r1l36" custom="readingOrder {index:35;}">
                <Coords points="942,2253 952,2253 961,2262 974,2253 979,2257 1008,2256 1029,2261 1044,2253 1051,2260 1062,2260 1062,2212 1048,2211 1033,2226 1028,2220 992,2221 983,2216 964,2226 942,2226"/>
                <Baseline points="951,2247 976,2245 1001,2245 1026,2246 1052,2248"/>
                <TextEquiv>
                    <Unicode>200</Unicode>
                </TextEquiv>
            </TextLine>
            <TextLine id="r1l37" custom="readingOrder {index:36;}">
                <Coords points="1736,2232 1768,2247 1838,2235 1875,2252 2057,2243 2102,2270 2225,2272 2227,2245 2048,2205 1738,2209"/>
                <Baseline points="1744,2237 1770,2238 1796,2238 1822,2239 1849,2239 1875,2240 1901,2241 1927,2242 1954,2243 1980,2245 2006,2246 2033,2248 2059,2250 2085,2253 2111,2255 2138,2258 2164,2261 2190,2265 2217,2270"/>
                <TextEquiv>
                    <Unicode>Die Indiskretere porto.</Unicode>
                </TextEquiv>
            </TextLine>
            <TextLine id="r1l38" custom="readingOrder {index:37;}">
                <Coords points="1192,2274 1915,2274 1945,2298 2065,2283 2066,2244 1192,2240"/>
                <Baseline points="1201,2270 1243,2270 1286,2270 1329,2270 1372,2270 1415,2271 1457,2272 1500,2273 1543,2273 1586,2274 1629,2275 1671,2276 1714,2277 1757,2278 1800,2278 1843,2279 1885,2279 1928,2280 1971,2280 2014,2280 2057,2280"/>
                <TextEquiv>
                    <Unicode>von den beiden alten Dämchen will das Bild des</Unicode>
                </TextEquiv>
            </TextLine>
            <TextLine id="r1l39" custom="readingOrder {index:38;}">
                <Coords points="939,2296 960,2292 967,2297 974,2292 985,2297 1005,2297 1010,2292 1028,2295 1044,2286 1057,2288 1057,2256 1048,2256 1040,2250 1017,2258 976,2254 949,2271 939,2269"/>
                <Baseline points="947,2285 972,2285 997,2285 1022,2285 1048,2284"/>
                <TextEquiv>
                    <Unicode>500</Unicode>
                </TextEquiv>
            </TextLine>
            <TextLine id="r1l40" custom="readingOrder {index:39;}">
                <Coords points="1183,2317 2054,2334 2242,2306 2242,2276 1182,2274"/>
                <Baseline points="1191,2313 1243,2311 1295,2311 1347,2311 1399,2311 1451,2312 1503,2313 1555,2313 1607,2314 1659,2315 1712,2316 1764,2317 1816,2317 1868,2317 1920,2316 1972,2315 2024,2313 2076,2311 2128,2307 2180,2303 2233,2297"/>
                <TextEquiv>
                    <Unicode>Jugendgeliebten der anderen sehen. Da erweist sahlbar</Unicode>
                </TextEquiv>
            </TextLine>
            <TextLine id="r1l41" custom="readingOrder {index:40;}">
                <Coords points="931,2323 940,2323 957,2337 972,2336 979,2343 993,2335 1005,2342 1013,2337 1025,2340 1029,2336 1032,2340 1045,2328 1069,2331 1070,2297 1058,2293 1036,2303 1025,2295 993,2297 967,2290 956,2294 933,2287"/>
                <Baseline points="940,2323 970,2324 1000,2325 1030,2326 1060,2329"/>
                <TextEquiv>
                    <Unicode>1000</Unicode>
                </TextEquiv>
            </TextLine>
            <TextLine id="r1l42" custom="readingOrder {index:41;}">
                <Coords points="2097,2358 2125,2368 2147,2360 2160,2363 2167,2356 2178,2362 2202,2349 2248,2358 2284,2351 2285,2337 2267,2332 2235,2300 2198,2313 2154,2305 2099,2313"/>
                <Baseline points="2108,2337 2136,2341 2164,2343 2192,2344 2220,2345 2248,2346 2276,2347"/>
                <TextEquiv>
                    <Unicode>Voraus.</Unicode>
                </TextEquiv>
            </TextLine>
            <TextLine id="r1l43" custom="readingOrder {index:42;}">
                <Coords points="1194,2354 2089,2361 2089,2315 1194,2314"/>
                <Baseline points="1202,2346 1245,2347 1289,2348 1333,2349 1377,2350 1421,2350 1465,2351 1508,2352 1552,2353 1596,2353 1640,2354 1684,2355 1728,2356 1772,2356 1815,2357 1859,2357 1903,2358 1947,2358 1991,2358 2035,2358 2079,2358"/>
                <TextEquiv>
                    <Unicode>sich, daß der Mann die eine verließ, um der</Unicode>
                </TextEquiv>
            </TextLine>
            <TextLine id="r1l44" custom="readingOrder {index:43;}">
                <Coords points="958,2369 2284,2424 2285,2386 2124,2366 959,2337"/>
                <Baseline points="968,2374 1033,2378 1098,2381 1164,2384 1229,2387 1294,2388 1360,2390 1425,2391 1490,2392 1556,2393 1621,2394 1686,2394 1752,2395 1817,2396 1882,2397 1948,2399 2013,2401 2078,2403 2144,2405 2209,2409 2275,2412"/>
                <TextEquiv>
                    <Unicode>Im Gegenst anderen sein Herz zu schenken. Sein Herz und ein ist das</Unicode>
                </TextEquiv>
            </TextLine>
            <TextLine id="r1l45" custom="readingOrder {index:44;}">
                <Coords points="849,2419 2291,2471 2292,2417 2101,2400 850,2385"/>
                <Baseline points="858,2408 929,2413 1000,2417 1071,2420 1143,2423 1214,2426 1285,2428 1356,2429 1428,2430 1499,2431 1570,2432 1641,2432 1713,2433 1784,2435 1855,2436 1926,2437 1998,2439 2069,2441 2140,2445 2211,2448 2283,2453"/>
                <TextEquiv>
                    <Unicode>Abonnement durch ganz kleines Kind. Er starb, das Kind starb, das sit es den</Unicode>
                </TextEquiv>
            </TextLine>
            <TextLine id="r1l46" custom="readingOrder {index:45;}">
                <Coords points="839,2439 990,2485 2156,2485 2028,2439 840,2408"/>
                <Baseline points="848,2447 912,2451 977,2455 1042,2458 1107,2461 1172,2463 1237,2465 1302,2466 1367,2468 1432,2469 1497,2470 1561,2470 1626,2471 1691,2472 1756,2473 1821,2474 1886,2475 1951,2476 2016,2478 2081,2480 2146,2482"/>
                <TextEquiv>
                    <Unicode>Abonnenten frei d.Mädchen alterte und bewahrte treuinnig die teuere ju.</Unicode>
                </TextEquiv>
            </TextLine>
            <TextLine id="r1l47" custom="readingOrder {index:46;}">
                <Coords points="1177,2495 1992,2530 2097,2503 1964,2474 1177,2474"/>
                <Baseline points="1185,2503 1230,2504 1275,2505 1320,2506 1365,2507 1410,2508 1455,2508 1501,2509 1546,2509 1591,2510 1636,2510 1681,2511 1726,2511 1771,2511 1817,2512 1862,2512 1907,2513 1952,2513 1997,2514 2042,2515 2088,2515"/>
                <TextEquiv>
                    <Unicode>Erinnerung, bis die andere von ihm Verschmähte</Unicode>
                </TextEquiv>
            </TextLine>
            <TextLine id="r1l48" custom="readingOrder {index:47;}">
                <Coords points="959,2543 2078,2554 2067,2516 1090,2494 1049,2521 960,2494"/>
                <Baseline points="967,2540 1022,2541 1077,2541 1132,2542 1187,2542 1242,2543 1297,2543 1352,2544 1407,2545 1462,2546 1518,2547 1573,2547 1628,2548 1683,2549 1738,2550 1793,2551 1848,2551 1903,2552 1958,2553 2013,2554 2069,2555"/>
                <TextEquiv>
                    <Unicode>Der „OBsE kommt und wütend der Beglückteren das Bild ent¬</Unicode>
                </TextEquiv>
            </TextLine>
            <TextLine id="r1l49" custom="readingOrder {index:48;}">
                <Coords points="840,2575 2036,2604 2280,2547 840,2541"/>
                <Baseline points="849,2580 920,2579 991,2578 1062,2579 1133,2579 1204,2580 1275,2581 1346,2583 1417,2584 1488,2586 1559,2587 1630,2588 1701,2589 1772,2589 1843,2589 1914,2588 1985,2587 2056,2585 2127,2582 2198,2576 2270,2571"/>
                <TextEquiv>
                    <Unicode>Inhaltsangabe al reißt. Wie die beiden alten Mädchen miteinander stend die</Unicode>
                </TextEquiv>
            </TextLine>
            <TextLine id="r1l50" custom="readingOrder {index:49;}">
                <Coords points="839,2621 2038,2643 2278,2619 2278,2585 839,2593"/>
                <Baseline points="848,2621 919,2619 990,2618 1061,2617 1132,2617 1203,2618 1274,2619 1345,2620 1416,2622 1487,2624 1559,2626 1630,2627 1701,2628 1772,2629 1843,2629 1914,2629 1985,2627 2056,2626 2127,2622 2198,2618 2270,2612"/>
                <TextEquiv>
                    <Unicode>blätter (Tages um die Erinnerung an den Toten kämpfen, das porgen¬</Unicode>
                </TextEquiv>
            </TextLine>
            <TextLine id="r1l51" custom="readingOrder {index:50;}">
                <Coords points="850,2658 2275,2665 2275,2622 2207,2615 850,2622"/>
                <Baseline points="858,2659 928,2657 998,2657 1069,2657 1139,2657 1209,2658 1280,2660 1350,2661 1420,2662 1491,2664 1561,2666 1631,2667 1702,2667 1772,2668 1842,2667 1913,2666 1983,2664 2053,2661 2124,2658 2194,2652 2265,2646"/>
                <TextEquiv>
                    <Unicode>wodurch eine Ueb ist seelisch warm und nicht ohne dramatisches Tem= eitung")</Unicode>
                </TextEquiv>
            </TextLine>
            <TextLine id="r1l52" custom="readingOrder {index:51;}">
                <Coords points="2088,2692 2118,2692 2152,2702 2174,2694 2245,2702 2263,2684 2276,2688 2276,2668 2229,2668 2218,2659 2197,2666 2177,2655 2154,2660 2088,2653"/>
                <Baseline points="2096,2689 2124,2691 2152,2691 2181,2691 2209,2691 2237,2691 2266,2691"/>
                <TextEquiv>
                    <Unicode>haftliche</Unicode>
                </TextEquiv>
            </TextLine>
            <TextLine id="r1l53" custom="readingOrder {index:52;}">
                <Coords points="836,2693 2073,2724 2073,2679 2006,2671 837,2661"/>
                <Baseline points="846,2691 910,2694 974,2696 1038,2697 1102,2699 1166,2700 1230,2701 1295,2701 1359,2702 1423,2702 1487,2703 1551,2703 1615,2703 1680,2704 1744,2705 1808,2705 1872,2706 1936,2707 2000,2709 2065,2711"/>
                <TextEquiv>
                    <Unicode>Leben des In- und perament gemalt. Ein Stück Stilleben aus einer</Unicode>
                </TextEquiv>
            </TextLine>
            <TextLine id="r1l54" custom="readingOrder {index:53;}">
                <Coords points="2087,2749 2160,2741 2192,2758 2239,2732 2275,2740 2276,2709 2263,2707 2256,2713 2208,2695 2163,2696 2158,2702 2127,2694 2088,2699"/>
                <Baseline points="2096,2727 2124,2729 2153,2730 2181,2732 2210,2732 2238,2731 2267,2730"/>
                <TextEquiv>
                    <Unicode>ese Mit¬</Unicode>
                </TextEquiv>
            </TextLine>
            <TextLine id="r1l55" custom="readingOrder {index:54;}">
                <Coords points="833,2722 1028,2762 2077,2754 2050,2711 833,2706"/>
                <Baseline points="841,2736 902,2737 963,2738 1024,2739 1086,2739 1147,2739 1208,2740 1270,2740 1331,2740 1392,2740 1454,2741 1515,2741 1576,2741 1637,2742 1699,2742 1760,2743 1821,2744 1883,2745 1944,2746 2005,2748 2067,2750"/>
                <TextEquiv>
                    <Unicode>theilungen werden (Altjungfernstube ist hier der Bühne gewonnen, und</Unicode>
                </TextEquiv>
            </TextLine>
            <TextLine id="r1l56" custom="readingOrder {index:55;}">
                <Coords points="1175,2781 1195,2784 1199,2780 1208,2785 1222,2785 1227,2781 1235,2788 1245,2788 1263,2802 1274,2802 1273,2750 1264,2750 1261,2754 1248,2745 1244,2747 1235,2742 1228,2747 1223,2742 1212,2746 1201,2739 1187,2748 1175,2747"/>
                <Baseline points="1185,2777 1211,2775 1238,2775 1265,2775"/>
                <TextEquiv>
                    <Unicode>das</Unicode>
                </TextEquiv>
            </TextLine>
            <TextLine id="r1l57" custom="readingOrder {index:56;}">
                <Coords points="1305,2789 1346,2809 1501,2765 1559,2794 1713,2771 1745,2792 2060,2798 2096,2797 2097,2774 2032,2751 1306,2749"/>
                <Baseline points="1314,2780 1352,2780 1391,2780 1430,2780 1468,2780 1507,2781 1546,2781 1584,2781 1623,2782 1662,2782 1701,2782 1739,2783 1778,2783 1817,2784 1855,2785 1894,2786 1933,2787 1971,2788 2010,2789 2049,2791 2088,2792"/>
                <TextEquiv>
                    <Unicode>Publikum erkannte das dankbar an,</Unicode>
                </TextEquiv>
            </TextLine>
            <TextLine id="r1l58" custom="readingOrder {index:57;}">
                <Coords points="1182,2833 2064,2838 2088,2795 1182,2781"/>
                <Baseline points="1190,2814 1234,2815 1278,2815 1323,2816 1367,2817 1412,2817 1456,2818 1501,2819 1545,2819 1590,2820 1634,2820 1678,2821 1723,2822 1767,2822 1812,2823 1856,2823 1901,2824 1945,2824 1990,2825 2034,2825 2079,2826"/>
                <TextEquiv>
                    <Unicode>um so mehr, als die Damen Bünger und</Unicode>
                </TextEquiv>
            </TextLine>
            <TextLine id="r1l59" custom="readingOrder {index:58;}">
                <Coords points="1170,2843 1699,2879 2088,2863 2088,2833 1999,2825 1170,2829"/>
                <Baseline points="1179,2858 1224,2857 1269,2857 1314,2857 1359,2857 1404,2857 1449,2858 1494,2859 1539,2859 1584,2860 1629,2861 1674,2862 1719,2862 1764,2863 1809,2863 1854,2864 1899,2864 1944,2864 1989,2864 2034,2863 2079,2862"/>
                <TextEquiv>
                    <Unicode>Gundra sich redlich bemühten, die beiden</Unicode>
                </TextEquiv>
            </TextLine>
            <TextLine id="r1l60" custom="readingOrder {index:59;}">
                <Coords points="1179,2893 2089,2926 2090,2865 1179,2852"/>
                <Baseline points="1187,2898 1231,2897 1276,2896 1320,2896 1365,2896 1410,2896 1454,2896 1499,2897 1544,2898 1588,2898 1633,2899 1678,2900 1722,2901 1767,2902 1812,2902 1856,2903 1901,2903 1946,2903 1990,2903 2035,2902 2080,2901"/>
                <TextEquiv>
                    <Unicode>alten Mädchen glaubhaft zu machen. Der zweite</Unicode>
                </TextEquiv>
            </TextLine>
            <TextLine id="r1l61" custom="readingOrder {index:60;}">
                <Coords points="1172,2944 2089,2943 2089,2900 1173,2889"/>
                <Baseline points="1181,2932 1228,2932 1275,2932 1322,2932 1370,2933 1417,2933 1464,2934 1512,2935 1559,2936 1606,2937 1654,2938 1701,2939 1748,2940 1796,2941 1843,2941 1890,2942 1938,2942 1985,2942 2032,2942 2080,2942"/>
                <TextEquiv>
                    <Unicode>Einakter des Abends war Hartlebens ergreifender</Unicode>
                </TextEquiv>
            </TextLine>
            <TextLine id="r1l62" custom="readingOrder {index:61;}">
                <Coords points="1179,2990 2083,2988 2083,2947 1179,2947"/>
                <Baseline points="1187,2974 1231,2972 1275,2972 1319,2971 1364,2971 1408,2972 1452,2972 1497,2973 1541,2973 1585,2974 1630,2975 1674,2976 1718,2977 1762,2978 1807,2979 1851,2979 1895,2980 1940,2980 1984,2980 2028,2980 2073,2979"/>
                <TextEquiv>
                    <Unicode>„Abschied vom Regiment“. Die zwin¬</Unicode>
                </TextEquiv>
            </TextLine>
            <TextLine id="r1l63" custom="readingOrder {index:62;}">
                <Coords points="1166,3027 2081,3023 2080,2990 1911,2978 1167,2977"/>
                <Baseline points="1176,3015 1220,3014 1265,3013 1310,3012 1355,3012 1400,3012 1444,3012 1489,3013 1534,3013 1579,3014 1624,3014 1668,3015 1713,3016 1758,3017 1803,3017 1848,3018 1892,3019 1937,3019 1982,3019 2027,3019 2072,3019"/>
                <TextEquiv>
                    <Unicode>gende dramatische Gewalt dieses wunderbar echten</Unicode>
                </TextEquiv>
            </TextLine>
            <TextLine id="r1l64" custom="readingOrder {index:63;}">
                <Coords points="1168,3072 1510,3047 2032,3070 2084,3063 2085,3026 1168,3026"/>
                <Baseline points="1177,3056 1221,3054 1266,3052 1311,3052 1356,3051 1401,3051 1446,3051 1491,3052 1536,3053 1581,3054 1626,3055 1670,3056 1715,3057 1760,3058 1805,3058 1850,3059 1895,3059 1940,3059 1985,3059 2030,3058 2075,3057"/>
                <TextEquiv>
                    <Unicode>Bühnenbildes aus dem Leben hinter den Kulissen</Unicode>
                </TextEquiv>
            </TextLine>
            <TextLine id="r1l65" custom="readingOrder {index:64;}">
                <Coords points="1170,3091 2038,3110 2091,3103 2092,3042 1895,3075 1170,3064"/>
                <Baseline points="1179,3093 1224,3092 1269,3091 1314,3090 1359,3090 1404,3090 1449,3090 1495,3091 1540,3091 1585,3091 1630,3093 1675,3093 1720,3094 1765,3095 1811,3095 1856,3096 1901,3097 1946,3097 1991,3097 2036,3097 2082,3097"/>
                <TextEquiv>
                    <Unicode>der kleinstädtischen Garnison kam durch treffliches</Unicode>
                </TextEquiv>
            </TextLine>
            <TextLine id="r1l66" custom="readingOrder {index:65;}">
                <Coords points="1170,3140 2089,3132 2073,3098 1171,3093"/>
                <Baseline points="1180,3135 1225,3134 1270,3133 1315,3132 1360,3131 1405,3131 1450,3131 1495,3131 1540,3132 1585,3132 1630,3133 1675,3134 1720,3134 1765,3135 1810,3136 1855,3137 1900,3137 1945,3137 1990,3138 2035,3138 2080,3137"/>
                <TextEquiv>
                    <Unicode>Spiel der Darsteller vollauf zur Geltung. Voller</Unicode>
                </TextEquiv>
            </TextLine>
            <TextLine id="r1l67" custom="readingOrder {index:66;}">
                <Coords points="1172,3171 1811,3175 1849,3199 2091,3166 2066,3139 1173,3136"/>
                <Baseline points="1182,3172 1227,3171 1272,3171 1317,3171 1362,3171 1407,3171 1452,3171 1497,3171 1542,3171 1587,3172 1632,3172 1677,3173 1722,3173 1767,3174 1812,3174 1857,3174 1902,3175 1947,3175 1992,3175 2037,3175 2082,3174"/>
                <TextEquiv>
                    <Unicode>Lebenswahrheit und bitterer Leidenschäft war der</Unicode>
                </TextEquiv>
            </TextLine>
            <TextLine id="r1l68" custom="readingOrder {index:67;}">
                <Coords points="1166,3221 2055,3226 2085,3182 1166,3187"/>
                <Baseline points="1175,3211 1220,3210 1265,3209 1310,3209 1355,3209 1400,3209 1445,3209 1490,3210 1535,3211 1580,3211 1625,3213 1670,3213 1715,3214 1760,3215 1805,3216 1850,3217 1895,3217 1940,3217 1985,3217 2030,3217 2075,3216"/>
                <TextEquiv>
                    <Unicode>Hauptmann des Hrn. Lettinger. Die junge Frau</Unicode>
                </TextEquiv>
            </TextLine>
            <TextLine id="r1l69" custom="readingOrder {index:68;}">
                <Coords points="1173,3252 2095,3260 2095,3208 1877,3233 1853,3211 1173,3216"/>
                <Baseline points="1182,3247 1227,3248 1272,3248 1317,3248 1362,3249 1407,3249 1452,3250 1498,3250 1543,3251 1588,3251 1633,3252 1678,3252 1723,3253 1768,3253 1814,3254 1859,3254 1904,3255 1949,3255 1994,3255 2039,3256 2085,3256"/>
                <TextEquiv>
                    <Unicode>fand in Frl. Wasa eine überzeugende, in ihrer</Unicode>
                </TextEquiv>
            </TextLine>
            <TextLine id="r1l70" custom="readingOrder {index:69;}">
                <Coords points="1177,3295 1864,3285 1979,3308 2084,3293 2085,3256 1177,3252"/>
                <Baseline points="1185,3286 1229,3286 1274,3286 1318,3286 1363,3286 1407,3286 1452,3286 1496,3287 1541,3288 1585,3288 1630,3289 1674,3290 1719,3290 1763,3291 1808,3292 1852,3293 1897,3294 1941,3294 1986,3295 2030,3296 2075,3297"/>
                <TextEquiv>
                    <Unicode>herzlosen Gleichgültigkeit gegen den betrogenen</Unicode>
                </TextEquiv>
            </TextLine>
            <TextLine id="r1l71" custom="readingOrder {index:70;}">
                <Coords points="1169,3341 2002,3346 2102,3328 2103,3281 1979,3308 1170,3298"/>
                <Baseline points="1179,3324 1224,3324 1270,3323 1316,3323 1361,3324 1407,3324 1453,3324 1498,3325 1544,3325 1590,3326 1636,3327 1681,3328 1727,3328 1773,3329 1818,3330 1864,3331 1910,3332 1955,3333 2001,3334 2047,3335 2093,3335"/>
                <TextEquiv>
                    <Unicode>Mann realistisch feinmalende Darstellerin. Verfehlt</Unicode>
                </TextEquiv>
            </TextLine>
            <TextLine id="r1l72" custom="readingOrder {index:71;}">
                <Coords points="1171,3358 1783,3371 1836,3399 1892,3371 2105,3370 2080,3325 1171,3333"/>
                <Baseline points="1180,3363 1225,3362 1271,3362 1317,3361 1363,3361 1409,3362 1454,3363 1500,3364 1546,3365 1592,3366 1638,3368 1683,3369 1729,3370 1775,3371 1821,3372 1867,3372 1912,3373 1958,3372 2004,3372 2050,3371 2096,3369"/>
                <TextEquiv>
                    <Unicode>jedoch schien mir die Wahl des dritten Einakters.</Unicode>
                </TextEquiv>
            </TextLine>
            <TextLine id="r1l73" custom="readingOrder {index:72;}">
                <Coords points="1181,3398 1355,3412 1414,3386 1462,3414 1618,3399 1817,3414 1817,3380 1783,3371 1182,3373"/>
                <Baseline points="1191,3400 1221,3400 1252,3400 1283,3400 1314,3400 1345,3401 1375,3401 1406,3401 1437,3402 1468,3402 1499,3402 1529,3403 1560,3403 1591,3404 1622,3404 1653,3404 1683,3405 1714,3405 1745,3406 1776,3407 1807,3407"/>
                <TextEquiv>
                    <Unicode>Schnitzlers Grüner Kakadu</Unicode>
                </TextEquiv>
            </TextLine>
            <TextLine id="r1l74" custom="readingOrder {index:73;}">
                <Coords points="1999,3415 2014,3415 2019,3421 2030,3414 2048,3428 2066,3431 2075,3426 2087,3426 2087,3371 2076,3371 2067,3365 2051,3380 2042,3380 2032,3372 1999,3380"/>
                <Baseline points="2009,3412 2044,3411 2079,3412"/>
                <TextEquiv>
                    <Unicode>ine</Unicode>
                </TextEquiv>
            </TextLine>
            <TextLine id="r1l75" custom="readingOrder {index:74;}">
                <Coords points="1181,3445 1539,3457 1648,3428 1680,3454 1784,3464 1823,3451 1824,3413 1455,3411 1414,3385 1355,3411 1181,3409"/>
                <Baseline points="1190,3441 1221,3440 1252,3439 1283,3438 1315,3438 1346,3438 1377,3438 1408,3438 1440,3439 1471,3439 1502,3440 1533,3440 1565,3441 1596,3442 1627,3443 1658,3444 1690,3445 1721,3446 1752,3446 1783,3447 1815,3448"/>
                <TextEquiv>
                    <Unicode>glückliche Schöpfung des hochbegal</Unicode>
                </TextEquiv>
            </TextLine>
            <TextLine id="r1l76" custom="readingOrder {index:75;}">
                <Coords points="1872,3450 1881,3451 1894,3444 1901,3450 1921,3451 1924,3455 1931,3455 1937,3450 1942,3454 1962,3452 1964,3409 1955,3408 1945,3399 1930,3412 1921,3412 1912,3418 1906,3416 1903,3420 1894,3410 1883,3417 1874,3416"/>
                <Baseline points="1881,3446 1917,3450 1953,3450"/>
                <TextEquiv>
                    <Unicode>Bü</Unicode>
                </TextEquiv>
            </TextLine>
            <TextLine id="r1l77" custom="readingOrder {index:76;}">
                <Coords points="1172,3477 1727,3497 1761,3477 1839,3493 1840,3454 1697,3457 1647,3429 1539,3456 1172,3446"/>
                <Baseline points="1181,3476 1213,3476 1245,3476 1278,3477 1310,3477 1343,3477 1375,3478 1408,3478 1440,3479 1473,3479 1505,3479 1537,3480 1570,3481 1602,3481 1635,3482 1667,3483 1700,3483 1732,3484 1765,3485 1797,3486 1830,3487"/>
                <TextEquiv>
                    <Unicode>dichters. Mit merkwürdigem Un</Unicode>
                </TextEquiv>
            </TextLine>
            <TextLine id="r1l78" custom="readingOrder {index:77;}">
                <Coords points="1286,3514 1295,3514 1300,3520 1313,3521 1316,3525 1324,3521 1342,3530 1352,3530 1365,3523 1390,3522 1389,3472 1375,3472 1363,3481 1346,3473 1321,3484 1316,3478 1286,3480"/>
                <Baseline points="1294,3513 1322,3515 1351,3514 1380,3513"/>
                <TextEquiv>
                    <Unicode>sonst</Unicode>
                </TextEquiv>
            </TextLine>
            <TextLine id="r1l79" custom="readingOrder {index:78;}">
                <Coords points="1497,3521 1556,3534 1623,3522 1660,3535 1693,3519 1707,3528 1732,3519 1768,3530 1836,3527 1836,3493 1795,3493 1761,3477 1736,3494 1707,3487 1695,3496 1666,3481 1627,3494 1539,3480 1498,3487"/>
                <Baseline points="1506,3516 1532,3518 1559,3519 1586,3520 1613,3520 1639,3520 1666,3520 1693,3520 1720,3520 1746,3520 1773,3520 1800,3520 1827,3521"/>
                <TextEquiv>
                    <Unicode>kluge Poet der</Unicode>
                </TextEquiv>
            </TextLine>
            <TextLine id="r1l80" custom="readingOrder {index:79;}">
                <Coords points="1296,3560 1867,3572 1867,3532 1815,3523 1296,3520"/>
                <Baseline points="1304,3551 1331,3552 1359,3553 1387,3553 1414,3554 1442,3554 1470,3555 1497,3555 1525,3555 1553,3555 1581,3556 1608,3556 1636,3556 1664,3556 1691,3557 1719,3557 1747,3557 1774,3558 1802,3558 1830,3558 1858,3559"/>
                <TextEquiv>
                    <Unicode>be ausgewichen, den Geburtstag</Unicode>
                </TextEquiv>
            </TextLine>
            <TextLine id="r1l81" custom="readingOrder {index:80;}">
                <Coords points="1565,3604 1833,3604 1858,3591 1923,3607 1923,3566 1884,3556 1859,3572 1807,3560 1680,3569 1669,3559 1651,3575 1621,3560 1565,3570"/>
                <Baseline points="1573,3596 1599,3597 1625,3598 1651,3598 1677,3598 1703,3599 1729,3599 1756,3599 1782,3600 1808,3600 1834,3601 1860,3601 1886,3602 1913,3604"/>
                <TextEquiv>
                    <Unicode>urch dramatische Sti</Unicode>
                </TextEquiv>
            </TextLine>
            <TextLine id="r1l82" custom="readingOrder {index:81;}">
                <Coords points="1332,3635 1341,3635 1356,3644 1363,3636 1370,3641 1377,3636 1395,3645 1407,3635 1415,3637 1431,3631 1430,3597 1412,3601 1394,3596 1391,3600 1364,3597 1351,3602 1342,3594 1332,3596"/>
                <Baseline points="1341,3633 1368,3633 1395,3632 1422,3632"/>
                <TextEquiv>
                    <Unicode>ische</Unicode>
                </TextEquiv>
            </TextLine>
            <TextLine id="r1l83" custom="readingOrder {index:82;}">
                <Coords points="1600,3646 1674,3644 1687,3633 1717,3644 1762,3639 1786,3652 1814,3638 1855,3650 1887,3640 1888,3600 1800,3606 1739,3598 1694,3608 1678,3599 1601,3610"/>
                <Baseline points="1609,3638 1635,3637 1662,3636 1689,3636 1716,3637 1743,3638 1770,3639 1797,3639 1824,3640 1851,3640 1878,3639"/>
                <TextEquiv>
                    <Unicode>zu versinnlichen</Unicode>
                </TextEquiv>
            </TextLine>
            <TextLine id="r1l84" custom="readingOrder {index:83;}">
                <Coords points="1633,3687 1701,3687 1719,3669 1733,3670 1749,3686 1781,3678 1794,3687 1823,3680 1852,3687 1850,3644 1838,3641 1813,3639 1790,3653 1763,3641 1718,3646 1687,3634 1673,3643 1632,3641"/>
                <Baseline points="1642,3678 1667,3677 1692,3677 1717,3677 1742,3677 1767,3677 1792,3676 1817,3673 1842,3670"/>
                <TextEquiv>
                    <Unicode>aris in alle</Unicode>
                </TextEquiv>
            </TextLine>
            <TextLine id="r1l85" custom="readingOrder {index:84;}">
                <Coords points="1625,3727 1650,3714 1666,3725 1704,3716 1714,3727 1770,3710 1815,3728 1843,3715 1899,3726 1915,3716 1990,3720 1990,3659 1913,3658 1860,3685 1776,3677 1758,3686 1720,3668 1697,3686 1625,3691"/>
                <Baseline points="1634,3713 1660,3714 1687,3714 1714,3714 1740,3713 1767,3713 1794,3713 1820,3712 1847,3712 1874,3713 1900,3713 1927,3714 1954,3716 1981,3718"/>
                <TextEquiv>
                    <Unicode>kommen, erdeit 1</Unicode>
                </TextEquiv>
            </TextLine>
            <TextLine id="r1l86" custom="readingOrder {index:85;}">
                <Coords points="1625,3755 1711,3765 1786,3749 1847,3766 1868,3752 2043,3768 2065,3760 2066,3699 1996,3696 1971,3719 1844,3715 1793,3733 1765,3714 1625,3714"/>
                <Baseline points="1634,3747 1660,3749 1686,3750 1713,3751 1739,3752 1765,3752 1792,3752 1818,3752 1845,3753 1871,3753 1897,3753 1924,3753 1950,3753 1976,3754 2003,3754 2029,3755 2056,3756"/>
                <TextEquiv>
                    <Unicode>aterspiel auf der Bühe</Unicode>
                </TextEquiv>
            </TextLine>
            <TextLine id="r1l87" custom="readingOrder {index:86;}">
                <Coords points="1593,3795 2101,3798 2101,3772 2030,3759 1593,3761"/>
                <Baseline points="1601,3792 1626,3792 1652,3792 1678,3792 1704,3792 1730,3792 1756,3792 1782,3792 1808,3792 1834,3791 1859,3791 1885,3791 1911,3791 1937,3791 1963,3792 1989,3792 2015,3793 2041,3794 2067,3794 2093,3796"/>
                <TextEquiv>
                    <Unicode>Schiller=Theater vermochte</Unicode>
                </TextEquiv>
            </TextLine>
            <TextLine id="r1l88" custom="readingOrder {index:87;}">
                <Coords points="1279,3841 2081,3827 2081,3799 2024,3793 1280,3798"/>
                <Baseline points="1288,3834 1327,3833 1366,3832 1405,3831 1444,3831 1484,3831 1523,3831 1562,3832 1601,3832 1640,3832 1680,3833 1719,3833 1758,3834 1797,3834 1836,3834 1876,3834 1915,3834 1954,3833 1993,3832 2032,3831 2072,3829"/>
                <TextEquiv>
                    <Unicode>ie verfehlte theatralische Studie kein Interesse</Unicode>
                </TextEquiv>
            </TextLine>
            <TextLine id="r1l89" custom="readingOrder {index:88;}">
                <Coords points="1173,3915 1896,3895 2088,3923 2087,3862 1173,3871"/>
                <Baseline points="1181,3907 1225,3905 1270,3904 1315,3902 1360,3900 1405,3899 1450,3898 1495,3897 1540,3896 1585,3896 1630,3895 1674,3895 1719,3895 1764,3895 1809,3895 1854,3895 1899,3896 1944,3896 1989,3897 2034,3898 2079,3899"/>
                <TextEquiv>
                    <Unicode>zu erwecken. Nur der Strolch des Herrn Steinrück</Unicode>
                </TextEquiv>
            </TextLine>
            <TextLine id="r1l90" custom="readingOrder {index:89;}">
                <Coords points="1161,3975 2067,3964 2066,3907 2014,3901 1160,3905"/>
                <Baseline points="1169,3952 1213,3949 1257,3946 1302,3944 1346,3943 1391,3941 1435,3940 1480,3939 1524,3938 1569,3938 1613,3938 1657,3938 1702,3938 1746,3938 1791,3938 1835,3938 1880,3938 1924,3938 1969,3938 2013,3937 2058,3937"/>
                <TextEquiv>
                    <Unicode>hob sich aus der Fülle der Gesichter originell hervor.</Unicode>
                </TextEquiv>
            </TextLine>
            <TextEquiv>
                <Unicode>Der
Fruene Kakadu
box 14/8
J. 3  4 eesersensereteteetete e e 
Telephon 12801.
Alex. Weigl’s Unternehmen für Zeitungs-Ausschnitte
Dee Ausschnitt
„OBSEHVE.
Nr. 49
I. österr beföri) conc. Bureau für Zeitungsberichte u. Personalnachrichten
Wien, I., Concondiaplatz 4.
Vertretungen in Berlin, Budapest, Chicago, Genf, London, Newyork, Paris, Rom,
Stockholm, Kristiania, St. Petersburg.
Ausschnitt aus: Berliner Lonal-Anzeiger
775
vom: 
2
Theater und Mulik.
F. H. Im Schiller=Theater wurden gestern
(Donnerstag) drei Einakter gegeben. Den Anfang
machte die dramatische Skizze eines dänischen
Autors, den das Schiller=Theater gestern zueist
rauf die deutsche Bühne brachte. „Nach Jahr
und Tag“ heißt das Stückchen, sein Dichter ist
Axel Steenbuch, als Verdeutscher nennt sich
Francis Maro. Man kennt die nordischen Novellen¬
skizzen, in denen die äußerliche Handlung nichts,
die psychologisch gefeilte Charakteristik, die auf
feiner Beobachtung der Menschennatur aufgebaut
ist, alles bedeutet. Solch eine in einfachste
Bühnenform gebrachte Skizze ist Steenbuchs
Einakter. Ein Dialog zwischen zwei alten
Für 50 Zeitung Mädchen, die sich ihrer Jugendliebe „nach selusive
100
Jahr und Tag“ erinnern.
200
Die Indiskretere porto.
von den beiden alten Dämchen will das Bild des
500
Jugendgeliebten der anderen sehen. Da erweist sahlbar
1000
Voraus.
sich, daß der Mann die eine verließ, um der
Im Gegenst anderen sein Herz zu schenken. Sein Herz und ein ist das
Abonnement durch ganz kleines Kind. Er starb, das Kind starb, das sit es den
Abonnenten frei d.Mädchen alterte und bewahrte treuinnig die teuere ju.
Erinnerung, bis die andere von ihm Verschmähte
Der „OBsE kommt und wütend der Beglückteren das Bild ent¬
Inhaltsangabe al reißt. Wie die beiden alten Mädchen miteinander stend die
blätter (Tages um die Erinnerung an den Toten kämpfen, das porgen¬
wodurch eine Ueb ist seelisch warm und nicht ohne dramatisches Tem= eitung")
haftliche
Leben des In- und perament gemalt. Ein Stück Stilleben aus einer
ese Mit¬
theilungen werden (Altjungfernstube ist hier der Bühne gewonnen, und
das
Publikum erkannte das dankbar an,
um so mehr, als die Damen Bünger und
Gundra sich redlich bemühten, die beiden
alten Mädchen glaubhaft zu machen. Der zweite
Einakter des Abends war Hartlebens ergreifender
„Abschied vom Regiment“. Die zwin¬
gende dramatische Gewalt dieses wunderbar echten
Bühnenbildes aus dem Leben hinter den Kulissen
der kleinstädtischen Garnison kam durch treffliches
Spiel der Darsteller vollauf zur Geltung. Voller
Lebenswahrheit und bitterer Leidenschäft war der
Hauptmann des Hrn. Lettinger. Die junge Frau
fand in Frl. Wasa eine überzeugende, in ihrer
herzlosen Gleichgültigkeit gegen den betrogenen
Mann realistisch feinmalende Darstellerin. Verfehlt
jedoch schien mir die Wahl des dritten Einakters.
Schnitzlers Grüner Kakadu
ine
glückliche Schöpfung des hochbegal
Bü
dichters. Mit merkwürdigem Un
sonst
kluge Poet der
be ausgewichen, den Geburtstag
urch dramatische Sti
ische
zu versinnlichen
aris in alle
kommen, erdeit 1
aterspiel auf der Bühe
Schiller=Theater vermochte
ie verfehlte theatralische Studie kein Interesse
zu erwecken. Nur der Strolch des Herrn Steinrück
hob sich aus der Fülle der Gesichter originell hervor.</Unicode>
            </TextEquiv>
        </TextRegion>
    </Page>
</PcGts>
