3392 4352
490 151 616 225 Der
1419 147 1868 243 box 14/8
968 150 1285 224 Kakadu
711 167 958 228 ruene
232 157 1298 268 9. 3 21 K  neenngtee
1555 571 2018 660 — Telephon 12801.
1191 670 2404 748 Alex. Weigl’s Unternehmen für Zeitungs-Ausschnitte
1424 743 2340 877 „DBSERWEP“ul
2030 801 2453 905 1 Nr. 37
1056 846 2515 952 I. österr. behördl. conc. Bureau für Zeitungsberichte u. Personalnachrichter
1332 921 2260 1006 Wien, I., Concordiaplarz 4.
1076 989 2512 1068 Vertretungen in Berlin, Budapest, Chicago, Genf, London, Newyork, Paris, Rom,
1426 1048 2183 1123 Stockholm, Kristiania,-St. Petershurgnt
1516 1084 2237 1183 Semztank Bossuz-Zmene
1054 1157 1556 1237 Ausschnitt aus:
1502 1249 1660 1348 71
1059 1293 1280 1376 vom:
1278 1282 1521 1389 70
1493 1474 2164 1559 Vor den Coulissen.
1341 1547 2331 1605 Das „Schiller=Theater 0.“ hatte für gestern
1281 1588 2330 1642 vier Einacter versprochen, löste aber sein Wort nur zu
1279 1628 2341 1680 drei Vierteln ein. Tschechow's Scherz „Ein Heiraths¬
1278 1670 2330 1729 antrag“ blieb ungespielt, damit die Grenzen eines
1274 1712 2175 1764 Theaterabends nicht zu weit gezogen würden.
1342 1745 2334 1807 Von den drei kleinen Werken, die wir zu sehen
1289 1795 2339 1842 bekamen, bedeutete das erste, des Dänen Axel
1280 1834 2331 1893 [Steenbuch „Nach Jahr und Tag“, eine
1294 1873 2336 1934 Novität für die deutsche Bühne. Steenbuch,
1936 1908 2338 1976 Kopenhagen lebt,
1507 1916 1920 1975 Rechtsanwalt in
1286 1913 1508 1974 der als
1295 1956 2339 2022 hat in seiner Praxis jedenfalls reichlich Gelegen¬
1298 2008 2346 2054 heit, Menschen und ihre Schicksale zu studiren und
1296 2042 2340 2094 sich in die Beobachtung von Charakteren zu ver¬
1293 2088 2337 2135 senken. Das geht aus seinem Stück hervor, dessen
1042 2087 1143 2150 Für
1169 2102 1288 2172 50 Ze
1290 2120 2343 2177 beide Gestalten um ihrer lebenswahren Zeichnung
1154 2142 1251 2192 100
1286 2147 2445 2213 willen interessiren. Ueber dem Bestreben des Autors,lusive
1134 2182 1244 2233 200
1286 2204 2416 2257 mit absoluter Wirklichkeitstreue zu schildern, kommtorto.
1136 2226 1227 2270 500
1288 2238 2419 2294 freilich die dramatische Bewegtheit der Handlung zuhlbar
1065 2253 1248 2322 „ 1000
1156 2276 2475 2355 Im 6e kurz; hier werden uns zwei alte Jungfern gegenüber=Voraus.
1048 2344 2468 2400 Abonnement gestellt, die in allzu breit ausgesponnener Ge=j# das
1301 2370 2471 2421 schwätzigkeit des Alters über Gott und die en den
1036 2389 1302 2447 Abonnenten f
1288 2412 2337 2465 Welt conversiren und sich, nach dem Schritt¬
1273 2451 2339 2503 maß der Echternacher Springprocession, erst ganz
1160 2458 1278 2526 Der „
1535 2500 2466 2565 dem Kernpunkt. der Sache nähernd die
1034 2488 1505 2570 Inhaltsangab aulmählich
1040 2533 2466 2599 blätter (1 Der besteht nun darin, daß Mamsell Lobegren „nachrgen¬
1042 2574 2470 2633 wodurch eins Jahr und Tag“ entdeckt, Mamsell Neve habe ihr denitung")
1031 2607 2466 2672 Leben des in Geliebten abspenstig gemacht. Es kommt zur spätellaftliche
1032 2655 2473 2725 Geilungen w. Abrechnung zwischen beiden, und Mamsell Neve mitje Mie¬
1285 2702 2340 2748 ihrem ruhigen, abgeklärten Empfinden, ihrem reichen
1293 2733 2339 2793 Herzen, das auch aus herbstem, schwerstem Leid
1292 2774 2329 2842 immer noch neue Kraft und neuen Lebensmuth zu
1303 2824 2346 2873 schöpfen wußte, behauptet den Sieg über die leiden¬
1299 2858 2365 2925 schaftlich=ungerechte und tief verbitterte Gegnerin, die
1301 2900 2343 2951 sie durch milde Strenge demüthigt und zur Erkenntniß
1285 2934 2340 2999 bringt, auf wessen Seite das Recht ist. — Eine kräftige
1289 2977 2332 3043 Zusammenziehung der ersten Seenen würde dem Stück
1293 3026 2328 3089 sehr förderlich sein und die Antheilnahme gleich von
1300 3061 1667 3123 vornyerein wecken.
1356 3084 2335 3154 Der Einacter, der von Francis Maro unter glück¬
1286 3146 2340 3200 licher Wahrung der Eigenart des Verfassers ins
2032 3182 2071 3210 —
1289 3173 2342 3249 Deutsche übertragen ist, wurde von den Damen
1298 3226 2335 3277 Bünger und Gundra trefflich gespielt. Beide
1292 3275 2329 3320 hatten die Feinheiten der Rollen geschickt heraus¬
1292 3305 2325 3376 gearbeitet und wu##n durch lebhaften Beifall aus¬
1294 3356 1510 3407 gezeichnet.
1710 3357 2342 3449 teben's Drama Trschied
1350 3393 1631 3455 Otto Eric
2172 3428 2360 3490 nicheng
1263 3419 2125 3503 svom Renunz aus dete mit seinenstarke
2083 3455 2238 3509 osolg.
1294 3475 1381 3532 u
1385 3469 2058 3527 zu.a n131g Theil des A#¬
2239 3472 2338 3543 nnl
1260 3510 1404 3566 —
1720 3500 2122 3570 gefangen. De# #
1278 3595 2357 3681 allein das 2 Schuld, sondern aus die aus¬
1749 3636 2343 3692 die seine männliche Haupt¬
1288 3649 1642 3708 gezeichnete Barie
1306 3674 2339 3747 figur durch Herrn ettinger fand. Der Künstler
1300 3715 2339 3781 zeigte sich in der Ausgestaltung des Hauptmanns
1305 3760 2337 3818 Griesfeld, der vergeblich um das Glück seiner Ehe
1298 3808 2353 3860 kämpft, auf der vollen Höhe seines reichen Könnens.
1296 3835 2349 3894 Sein Spiel war vom warmen Schimmer echten
1293 3886 2341 3956 Empfindens durchleuchtet und packte die Zuschauer mit
1296 3923 2351 3983 der Wucht des Selbsterlebten. Frl. Wasa als
1303 3963 2341 4020 Griesfeld's Gattin blieb auch diesmal mehr an der
1295 4007 2347 4074 Oberfläche, wenngleich ihre Kälte hier angebracht
1309 4058 1484 4111 erschien.
1361 4061 2402 4142 Zu tiefer Wirkung brachte es schließlich Arthur
