3436 4256
189 158 1804 258 9.4. per gruehe kakaduZykius
1465 651 1709 721 Seite 3.
147 651 702 736 u. z. Boh. Nr. 155.
1408 696 1448 763 —
983 747 1939 800 Paracelsus fühlt sich dadurch und durch die Nähe
167 745 980 821 „Wir wissen nichts von Andern, nichts von uns,
976 794 1936 866 der Geliebten von ehemals, der Waffenschmiedsgattin
163 801 938 864 „Wir spielen immer, wer es weiß, ist klug.“
983 851 1934 905 Justine (Frl. Immisch), gereizt, dem Philister, der
167 851 970 907 licherlich spricht aus diesen individuell geprägten
987 894 1930 944 seines Weibes so sicher wie seiner Habe zu sein glaubt,
159 898 966 974 die dem, ganzen Einacterabend an die Stirne
985 944 1934 999 seine Uibermacht zu zeigen. Justina hat die Leiden¬
161 941 968 1011 ben werden könnten, eine Zeitstimmung zu
995 989 1933 1042 schaft des Junkers Anselm erweckt, der sich ihr ver¬
163 994 977 1051 usere jungen und jüngsten Dichter wehren sich
997 1041 1927 1098 geblich mit heißen Liebesanträgen nähert. Paracelsus
162 1036 977 1102 die erlösende Empfindung, gegen das Erwachen,
993 1083 1937 1141 nützt diesen Sachverhalt, den er mit sicherem Blicke
163 1085 982 1153 s ins Gleichgewicht bringt, sie drängen uns
992 1130 1938 1196 erspäht hat, versetzt, zu Gaukeleien aufgefordert, das
153 1134 970 1192 Albdunkel hinein und lassen uns darin zurück,
984 1177 1940 1245 Weib des Waffenschmieds in hypnotischen Schlaf und
156 1178 976 1239 efreiende Wahrheit im Gefühl, ohne die Mög¬
985 1223 1942 1298 suggerirt ihr vor dem Erwachen die Vorstellung, daß
163 1226 969 1306 jene Identität von Licht und Wärme, die der
982 1272 1942 1326 sie sich dem Junker hingegeben habe. Der Effect
152 1269 972 1332 Grillparzer, lange vor den Forschern der Ge¬
984 1321 1934 1389 ist ein so vollständiger, daß die im Banne der Sug¬
163 1320 979 1383 Ft verkündete, zu erfüllen. Die drei Schnitzler¬
996 1371 1942 1425 gestion stehende Frau ausführliche Geständnisse ablegt
159 1368 975 1445 Dramolets sind ungemein charakteristisch in dieser
988 1415 1950 1459 und Paracelsus selbst zu zweifeln beginnt, ob Wahn¬
154 1419 979 1493 ng. Sorgfältig g gliedert in den Voraus¬
991 1461 1937 1513 vorstellung oder Erinnerung aus ihr reden. Nicht, um
157 1464 982 1541 en, streben sie keinem Abschlusse zu, fein in die
995 1511 1949 1565 den verzweifelten Gatten zu beruhigen, sondern um
153 1513 992 1571 Der Träume, Triebe und Zwangsvorstellungen
998 1557 1936 1610 sich selbst Klarheit zu schaffen, macht der Wunderarzt
160 1559 973 1638 deutend, sagen sie uns nichts vom Erwachen
994 1607 1932 1661 der einen Suggestion ein Ende, um eine andere her¬
161 1613 976 1683 n der Selbstbeherrschung, äußerlich zu einer
999 1651 1941 1711 vorzurufen; er nöthigt Justine, die Wahrheit aus
166 1649 977 1722 ig hingeleitend, sind sie, innerlich gefaßt, doch
988 1698 1942 1748 dem Grunde ihrer Seele hervorzuholen und in Worten
167 1702 977 1768 kohne eine Antwort. Sie bescheiden sich, uns
991 1748 1937 1803 zu verkünden. Nun erklärt sie, daß sie zwar rein ge¬
164 1752 973 1818 rstellung zu geben, daß wir, nachtwandelnd am
997 1798 1933 1854 blieben, aber Gedankensünden begangen, und daß
158 1799 985 1876 tlichen Tag, mit trügerischer Sicherheit hart
991 1847 1946 1899 es die höchste Zeit für sie sei, den Junker aus
153 1845 978 1907 grunde durchs Leben schreiten, und daß ein
994 1888 1939 1950 den Augen zu verlieren. In ihrem Wahrheitsdrange
165 1893 977 1964 farer Weckruf aus unbekannten Tiefen den
996 1945 1940 1999 gesteht sie ihre alte Liebe zu Paracelsus, der einst
175 1945 990 2008 jeden Moment herbeiführen kann. Gewiß liegt
996 1995 1942 2048 gleich jenem Junker von heute, durch Resignation und
164 1990 983 2052 iz in diesen Enthüllungen, die uns wieder nur
995 2031 1947 2087 Abschied ihre Unschuld begnadete, verräth sie zuletzt
173 2039 976 2099 r zeigen, und fraglos liegt mehr Geist in dieser
995 2082 1942 2133 auch die Neigung ihrer Schwester Cäcilie (Frl. Urfus)
167 2085 977 2152 fidung als in jener breitmäuligen Allerwelt¬
993 2137 1935 2191 zu dem gefährlichen Anselmus und weist dem Ver¬
160 2134 980 2189 kit, die uns im Strom der Redensarten über
994 2172 1938 2236 führer einen willkommenen Ausweg aus seinen Her¬
173 2182 986 2246 füfte des Daseins hinwegtragen möchte. Aber es
1003 2234 1945 2292 zenswirren. Cyprian ist gewarnt, und Paracelsus zieht
163 2230 984 2288 was Höheres als diese skeptische Bescheidung,
995 2271 1952 2332 als stolzer Sieger von dannen. Die mit Feinheit ge¬
175 2282 982 2337 je Großen der Kunst und der Menschheit haben
991 2331 1949 2375 führte Satire deutet ins Unbestimmte hinaus. Der
171 2327 989 2388 krlangen darnach in uns erweckt, das sich nie¬
995 2374 1950 2437 allzu zuversichtliche Cyprian glaubt jetzt durch Er¬
159 2374 986 2430 und nirgends, am allerwenigsten aber auf der
1002 2423 1946 2479 fahrung klug geworden zu sein, aber nus will be¬
162 2428 983 2491 shöhe der dramatischen Kunst, die das Licht¬
1003 2456 1952 2540 dünken, der Arzt gab ihm wohl die Diagnose, aber
161 2467 988 2546 kniß so hoch gesteigert hat, zurückdrängen läßt.
997 2514 1552 2586 keine Heilmittel in die Hand.=
159 2521 988 2581 lt uns nicht ein, dem Dichter mit der Schul¬
1064 2534 1954 2615 In der modernen Welt, in der das zweite Stück¬
159 2572 986 2621 it zu kommen, die alles zwischen Himmel und
997 2606 1952 2676 chen „Die Gefährtin“ spielt, bedarf es keines
159 2611 990 2684 usgerechnet haben will, und wir stellen uns
997 2656 1942 2713 Paracelsus, um die Seelenthore zu öffnen. Sie thun
175 2669 984 2727 nicht an die Seite des selbstzufriedenen Phi¬
999 2705 1943 2767 sich allgemach von selbst der Erkenntniß eines weisen
179 2713 990 2775 den die dämonische Kraft seines Paracelsus
1000 2755 1950 2812 Mannes, des Professors Pilgram (Herr Freiburg) auf,
161 2767 984 2831 nt. Aber der Anspruch auf Erlösung aus
1004 2798 1955 2858 der zu edel ist, um klug zu sein. Pilgram kehrt von
162 2800 980 2864 bender Pein“ wird im Bereiche der Kunst nie¬
1001 2841 1950 2897 dem Begräbnisse seiner Frau, die vor zwei Tagen
169 2859 984 2909 berstummen, und jenes moderne epigramma¬
1007 2889 1956 2959 einem Herzschlage erlag, in seine Wohnung zurück
170 2902 993 2961 Dramolet, das sich mit einer tiefgreifenden oder
1004 2947 1950 3010 und leidet unter dem conventionellen Mitleid der
160 2943 981 3012 gespitzten Frage begnügt, kann die Menschen
1013 2983 1952 3039 Menschen. Nicht deshalb aber, weil dieses Mitleid
166 2999 987 3058 timmen, aber nicht befriedigen. Das Publicum
1002 3031 1953 3097 nicht an die Größe seines Schmerzes heranreicht,
160 3043 995 3105 urch Nacht zum Lichte geführt sein; es will hell
1003 3080 1956 3135 sondern weil er mit dem Geheimniß seines wahren
175 3090 994 3157 über die Hellseherei hinaus, es soll tagen, gleich¬
1015 3134 1955 3191 Schmerzes allein ist. Nicht die Trauer, sondern das
167 3141 1000 3204 b dem Untergange oder dem Aufgange, ob in
1005 3174 1952 3238 Gefühl, nicht trauern zu können, erfüllt ihn mit
169 3195 988 3254 ten Erkenntniß die Schwere des Menschen¬
1014 3230 1953 3286 eigenthümlichem Schauer. Die Frau, die er heute
160 3234 997 3310 s empfunden und überwunden wird, oder ob
1011 3269 1960 3336 begrub, hat er längst verloren. Das bischen Duft, das
165 3285 996 3344 achtgeister vor der Heiterkeit des Morgens zurück¬
1008 3321 1964 3375 sie in sein Leben brachte, verflüchtigte sich rasch.
175 3331 1004 3393 n. Die dramatischen Skizzen Schnitzlers, die
1004 3367 1961 3430 Nach einem Jahre der Tändelei wandte sie sich von
175 3387 1004 3444 hinen heraus in die fragmentarische Form ge¬
1011 3425 1952 3483 dem bei weitem älteren Manne, mit dem sie kein
173 3434 1002 3487 st werden, leben sich in der Dämmerung aus.
1014 3458 1949 3536 geistiges und kein gemüthliches Interesse theilte, völlig
179 3474 1000 3536 Publicum nahm Antheil an diesen feingestimmten
1006 3517 1957 3572 ab, und Pilgram gewährte ihr die Freiheit. Er
166 3523 998 3583 blättern, aus denen soviel intimes Schaffen an¬
1008 3568 1961 3619 wußte sie in sträflichem Einverständniß mit seinem
162 3569 1001 3635 t; aber es fühlte sich nicht durchwärmt und
1013 3608 1960 3676 Assistenten Doctor Hausmann (Herr von Wymetal)
169 3617 998 3685 n. Man dachte mit, man folgte mit Aufmerk¬
1013 3653 1958 3719 und wartete nur ein Geständniß ab, um auf das,
164 3666 997 3738 t, man war gefesselt, ohne daß eine Be¬
1011 3698 1954 3771 was er nicht mehr besaß, zu verzichten und den beiden
177 3709 1002 3782 6 folgte; man bewunderte manchen Zug, aber
1011 3750 1962 3814 die Vereinigung möglich zu machen. Eine Freundin
162 3758 757 3824 Banze hinterließ Verwunderung.
1018 3793 1958 3860 des Hauses Olga Merholm (Fräulein Baumgart),
180 3806 1002 3874 Das hier zuerst gegebene, schon durch den Vers
1016 3853 1954 3914 Lie ein fein angedenteter Zug tiefer Neigung an den
176 3860 1003 3917 die nackte Wirklichkeitsmalerei herausgehobene
1017 3898 1953 3958 vereinsamten Mann fesselt, hält diesen für den her¬
177 3911 1005 3967 chen „Paracelsus“ ist ein physiologisches
1016 3937 1950 3998 kömmlichen betregenen Gatten und will ihm die Ent¬
173 3952 1004 4012 hen in dem Sinne, in dem Jules Verne physi¬
1016 3993 1957 4048 deckung, daß er nichts zu betrauern hat, ersparen.
161 3995 1008 4063 e geschrieben hat. Die zur Kunst ausgebildeten
1020 4036 1953 4092 Unter dem Vorwande, ein eigenes Geheimniß zu be¬
173 4045 1014 4116 nen Versuche mit Hypnose uns Suggestion
1019 4082 1963 4139 wahren, versucht sie compromittirende Briefe der Ver¬
174 4093 1007 4163 In da ins Fabelhafte gesteigert, um die Thore
1337 4126 1556 4204 P
1939 148 2404 250 box 16/1
2463 642 2846 714 6. Juni 1899.
2144 699 2466 752 . T
1948 732 2886 806 nun, daß sein Weib für den Freund nicht ein Gegen
1957 796 2893 863 stand tiefer ernster Neigung, sondern ein verächtliches
1950 845 2896 903 Spielzeug gewesen, und in wild ausbrechendem
1952 892 2894 960 Zorne weist er den Elenden, der sein Haus be¬
1950 936 2896 994 schmutzte, hinaus. Aber diese Enthüllung ist nicht
1949 984 2898 1045 die letzte, nicht die furchtbarste. Um den lebenden
1947 1023 2903 1089 Freund zu rechtfertigen, gibt Olga Merholm die
1951 1072 2890 1137 Todte, an der nichts zu halten ist, preis. Das pflicht¬
1950 1136 2900 1188 vergessene Weib des Professors wußte, daß ihr Ge¬
1951 1173 2901 1228 liebter verlobt sei; es war ihr gleichgültig, wie Alles,
1959 1227 2897 1283 was außerhalb der Sphäre ihrer Leichtfertigkeit und
1953 1263 2901 1329 Sinnlichkeit lag. Selbst das untrene Weib, das
1946 1310 2902 1380 Dilgram hochherzig duldete, war eine Wahnvorstellung
2018 1370 2908 1424 eine Verlorene hatte ein Jahrzehnt neben dem
1947 1397 2906 1465 fremden Mann gelebt. Dem Schluße des interes¬
1959 1461 2902 1523 santen Seelengemäldes fehlt eine kräftige Symbolik.
1948 1503 2908 1567 Auf Monologe ist bekanntlich ein Verdict gelegt, das
1958 1562 2913 1630 vorgezeichnete Geberdenspiel sagt uns zu wenig —
1947 1594 2714 1662 ein Nachtstück ist an uns vorbeigegangen.
2023 1650 2905 1703 „Der grüne Kakadu“ ist der Name einer
1952 1689 2906 1750 Pariser Spelunke, in der in den Tagen des Aus¬
1948 1742 2910 1809 bruchs der französischen Revolution Komödianten und
1959 1792 2909 1856 Aristokraten verkehren. Der Wirth Prospère (Herr
1949 1832 2917 1894 Zeisler), ein ehemalige: Director einer herumziehenden
1964 1884 2914 1940 Truppe, veranstaltet hier eigenthümliche Komödien,
1948 1939 2919 1997 die den Geschmack der Uibersättigten und Blasirten
1952 1993 2903 2047 reizen. Seine Schauspieler geberden sich als Ver¬
1951 2026 2918 2102 brecher, erzählen die furchtbarsten Schaudthaten und
1953 2075 2919 2140 bereiten dadurch den aristokratischen Zuhörern ein
1949 2127 2915 2185 prickelndes Vergnügen. Zugleich fühlen sich die vor¬
1953 2166 2909 2224 nehmen Spelunkenbesucher dadurch gekitzelt, daß man
1953 2219 2913 2291 ihnen Cynismen an den Kopf wirft und sie en
1954 2265 2916 2338 canaille behandelt. Hinter den überreizten Scherzen
1957 2313 2922 2372 lauert die Wahrheit, unter die Komödianten, die
1966 2362 2922 2425 Verbrecher darstellen, mischt sich ein Verbrecher, dessen
1959 2410 2922 2466 wahrhaftige Geständnisse den Eindruck einer matten
1967 2459 2922 2525 Komödie machen und die Grafen und Herzoge, die
1953 2518 2913 2568 1 mit der Canaille zu spielen meinen, fühlen eine un¬
1968 2558 2923 2613 heimliche Sehnsucht nach der Brutalität, die sie mit
1962 2616 2926 2670 Basiliskenblicken anzieht. Unter den Aristokraten ist
1964 2655 2914 2703 einer, der Herzog von Cadignan (Herr Tauber), dem
1967 2699 2918 2757 angeblich kein Weib widersteht, unter den Schau¬
1955 2746 2917 2796 spielern ein Virtnose Henri (Herr Freiburg), der
1958 2779 2920 2849 keinet Art von Weiblichkeit widerstehen kann. Heuri
1961 2826 2915 2898 macht die Geliebte des Herzogs, die Schauspielerin
1967 2882 2920 2945 Leocadie (Frl. Dienstl), zu seiner Frau, und träumt
1971 2931 2913 2988 sich in eine rechtschaffene Idylle mit der Verlorenen
1966 2985 2919 3041 hinein. Für seine Spelunkenkomödie aber wählt er
1965 3020 2925 3090 sich das Motiv, daß er seine Frau im sträflichen Zu¬
1965 3073 2927 3142 sammensein mit dem Herzog betroffen und den letzteren
1960 3126 2916 3184 getödtet habe Vielleicht sind unter der Schwelle des
1969 3167 2919 3237 Bewußtseins Ahnung und Zwangsvorstellung in ihm
1976 3224 2925 3282 mächtig — aber er spielt die Komödie in der festen
1972 3266 2923 3326 Meinung, daß er glücklich liebe und Leocadie ihm
1977 3313 2927 3379 treu sei. Zu seinem Entsetzen gewahrt er, daß man
1967 3360 2925 3431 desmal die Komödie für Wirklichkeit nimmt, ver¬
1964 3406 2934 3479 nimmt er, daß Leocadie ihn erst gestern mit dem
1968 3468 2923 3517 Herzog betrogen habe, hört er die Worte der Zu¬
1980 3499 2925 3561 stimmung, die den Bericht über seine Rachethat be¬
1965 3552 2925 3606 gleiten. Die Komödie, die für Wirklichkeit genommen
1965 3601 2926 3666 würde, geht in die Wirklichkeit über. Der Herzog
1965 3647 2924 3711 etscheint gerade recht, um dem Wüthenden zum Opfer
1966 3696 2928 3762 zu:fallen; der Dolch, das Spielzeug des Komödianten,
1973 3751 2921 3810 durchbohrt seine Brust. Während der Mord geschieht,
1964 3792 2924 3846 verkündet eine hereindringende Volksmenge, daß die
1982 3837 2926 3899 Bastille genommen sei — und inmitten all' dieser
1973 3884 2925 3944 Schrecknisse und Wirren weidet sich eine aristokratische
1975 3931 2930 3999 Lebefrau (Frau Buska) an Mord und Wildheit und
1977 3990 2931 4040 gibt in ihrer Erregung dem Liebhaber (Herr von
1967 4025 2914 4080 Wymetal) ein Stelldichein. Eine geistvolle Colorit¬
1969 4077 2926 4137 studie, ein Stück Pathologie des Uiberreizes, der die
