3436 4256
2040 194 2533 302 box 15/5
1554 200 1637 279 7
1100 199 1326 280 Kaka
276 209 2030 327 9. 4. Der pruene Kakaan—VKIns
3048 1162 3329 1247 ore
134 1233 3327 1304 heit liegt aber im „Grünen hat die Gewähr der Dauer; und es ist ein gern verzeichnetes vier Tagen bei einem Budapester Antiquitätenhändler von
149 1277 3330 1339 Bastillensturmes. Eine Schenke, Verdienst Schlenther's, daß er ihm den Weg ins Burg= einem jungen Manne, der deutsch sprach, verkauft,
2044 1324 3313 1380 und von dem betreffenden Geschäftsmanne bald darauf
791 1338 1457 1417 theater zu öffnen verstanden hat.
150 1323 809 1402 hält, in der sich die „feine Ge¬
886 1373 3326 1444 Die Aufnahme der ungleichen Troika war ungleich, weiter verhandelt. Als dieser von der Provenienz des
135 1390 818 1460 n des gruselnden Entzückens ver¬
796 1427 3323 1487 „Paracelsus“, geschädigt durch eine nicht eben glänzende Darstellung, Kreuzes durch die Zeitungen Kenntniß erhielt, verständigte er
141 1439 803 1512 vird. Die Schauspieler agiren
800 1475 3319 1539 in der ganz besonders Herr Krastel spielte, wie es sicherlich die Polizei, welche den letzten Käufer des Kreuzes ausfindig
171 1475 798 1555 mit der Erzählung der An¬
2045 1507 3322 1569 machte, letzteres an sich brachte und der Brünner Behörde über¬
201 1521 2049 1595 schaudernde Vergnügen ihrer seit Paracelsi Zeiten nicht mehr gestattet ist, in der eigentlich
1785 1568 3323 1635 seine Kunst, sandte. Rührt nun dieses Kreuz thatsächlich, woran wohl kaum
144 1577 1800 1653 este unter ihnen ist Henry. Er nur Herr Robert seine suggestive Macht und
793 1611 3323 1686 Märchenschauer wachzurufen, bekundete, „Paracelsus“ also gefiel gezweifelt werden kann, von dem Raubmorde in Brünn her, so
182 1627 817 1705 rechten Dirne vermählt und
794 1667 3313 1733 ohne tieferen Eindruck. „Die Gefährtin“ von Herren ist es zweifellos, daß der Mörder des Uhrmachers Podrazil oder
155 1678 802 1749 Gewerbe und dem „Grünen
804 1719 3315 1796 Sonnenthal, Zeska und Fräulein Bleibtreu sein Helfershelfer mit den erbeuteten Pretiosen nach Budapest
162 1710 809 1797 zu geben, und irgendwo in der
791 1749 2427 1837 einfach und vornehm, modern in Stimmung und Zusammenspiel sich geflüchtet hat.
154 1773 801 1843 it und der Arbeit zu beginnen.
2141 1791 3320 1874 Der Verkäufer war ein junger Mann im Alter von 19 bis
790 1819 2059 1886 gegeben, befremdete durch manches Sophisma, fesselte durch dreiste
192 1813 799 1892 gilt nichts: das heilige Band,
2041 1842 3329 1917 21 Jahren, anscheinend Christ, mit schöner deutscher Sprache,
802 1865 2052 1929 und glückliche Worte und zwang zum Schlusse auch die Wider¬
148 1867 810 1938 kint, wird sie wandeln. Aber ein
791 1911 3313 1981 strebenden. „Der grüne Kakadu“, diese wagemuthige und höchst von mittlerer Statur und schlanker Haltung. Er hatte ein läng¬
158 1916 805 1984 r Mann denkt im Grunde immer
156 1937 3329 2029 verdient. Leocadie bleibt, die sie talentvolle Verpflanzung von Tabarin ins Chat Noir, diese liches Gesicht, blasse, gelbe Gesichtsfarbe, braunes Kopfhaar,
3153 1999 3327 2078 Nase,
793 2008 3177 2067 eigenthümlichste und reisste Frucht der jungösterreichischen hohe Stirne, braune Augenbrauen, regelmäßige
151 2011 813 2070 chen zum Besten — er habe den
796 2033 3323 2122 Dramatik bis nun, entfesselte einen rechtschaffenen Kampf gesunde weiße Zähne, spitzes Kinn, weder Schnurr= noch
153 2065 799 2140 det. Er macht's mit einer solchen
794 2096 3317 2177 zwischen Logen und Parket. Stürme des Beifalls hier Backenbart. Seine Kleidung bestand aus einem blauen Winterrock mit
158 2116 804 2172 Pirth irre wird. Und in dem
2044 2146 3317 2209 Sammtkragen und einer Hängekette, brauner Hose, schwarzem
804 2164 2050 2223 — Zischen und Protest dort. Wie oft Schnitzler
157 2146 823 2235 kann, mit dem die junge
2040 2177 3321 2252 steifen Hut und schwarzen Schuhen. Als besonderes Erkennungs¬
174 2211 2050 2270 betrogen, in der Kneipe gerufen wurde und, dem jüngsten Verbot entgegen, kam, weiß ich
2043 2241 3320 2312 zeichen ist auf der rechten Wange eine lange, von
157 2241 2041 2325 seiner Schmach. Spiel und nicht. Auch ist „Der grüne Kakadu“ eine ganz vortreffliche Vor¬
2040 2297 3234 2368 einem Schnitt herrührende Narbe zu bemerken.
161 2303 2049 2364 dem Dolchstoß, der den Herzog stellung. Lauter kleine, aber scharf umrissene und dankbare
165 2355 2057 2422 r Mordthat ist aber nicht mehr Rollen. Sie wurden mit Liebe dargestellt; ein Cabinetstückchen
150 2398 2057 2457 ehr: der Aufruhr hält seinen war des Herrn Treßler blutjunger und bildhübscher Albin,
2391 2399 2951 2503 Wiener Leben.
144 2451 2064 2518 Paris; die Bastille ist gefallen des Herrn Reimers Herzog, der Frau Mitterwurzer
2143 2483 3326 2573 Vor vier Jahren hat man viel von der Sache gesprochen.
151 2500 2058 2559 ochen, die zunächst die weg= Gräfin, des Herrn Hartmann Dichter Rollin. Herr
2048 2529 2585 2620 Es war eine Localaffaire.
157 2529 2053 2605 Einer da vom Dolch eines Sonnenthal als Schauspieler Henri erzielte mächtige
2145 2564 3320 2655 Ein junger Kaufmann hatte Wechsel gefälscht, Leicht¬
794 2592 2055 2655 Wirkungen. Es ist eine lebendige Kraft in ihm, die sich immer
151 2576 801 2659 pard. Ein leidenschaftlicher Athem
2031 2619 3324 2706 gläubigkeit, Leichtsinn und Unerfahrenheit brachten ihn so weit.
791 2640 2053 2699 noch dem Hause mittheilt. Scharf war Herr Hofmeister, Herr
158 2633 801 2714 ehrlicher Haß gegen jene Bande,
798 2685 3312 2760 Frank bekundet (im „Paracelsus“) erfreulichen Fortschritt. Eine bildschöne, junge Frau und ein wenige Wochen altes Kind
153 2695 799 2746 tens mit in den Dienst ihres
786 2732 3317 2793 Herrn Römpler sieht man immer gern auf der Bühne; von wurden am härtesten von dem Unglück betroffen. Denn ein
164 2732 803 2805 durch Peitschenhiebe aufgerüttelt
153 2762 3322 2841 hen Erschlaffung, in die sie ver= den im „Kakadu“ mitwirkenden Damen, Fräulein Witte's ver= Unglück war es. Die Leute lebten immer bescheiden, die Fabrik
158 2828 3323 2907 Alles dient dem einen Ziele, der führerische Leocadie ausgenommen, wage ich das nicht zu blühte, und trotzdem wurde der junge Herr der Fabrik ein
2019 2869 3316 2961 Wechselfälscher. Der Mann wurde zu mehrjährigem Kerker
152 2881 1039 2960 er grüne Kakadu“ ist mehr, als behaupten.
1630 2905 2293 3010 J. J. David. [ verurtheilt.
226 2918 846 3007 ihm er warten konnten. Er
