3436 4256
1301 174 1426 237 Ort:
2010 189 2234 262 Berlin
1281 281 2005 373 Datum:seseseneenresner er w
1806 345 2142 412 10. Maiien
1322 424 2331 482 Das Schiller=Theater Charlottenburg beging
1291 475 2319 538 gestern abend den fünfzigsten Geburtstag Artur
1305 521 2323 561 Schnitzlers, dem das Publikum beider Schiller¬
1302 540 2322 601 Theurer#fomanche Stunde der Erbauung oder der
1308 594 2328 648 fröhlich= anmutigen Unterhaltung dankt, durch eine
1300 635 2325 685 Aufführung dreier Einakter des Wiener Dichters:
1299 677 2314 727 das Schauspiel „Die Gefährtin“ das Vers¬
1305 699 2328 770 spiel „Paracelsus“ und die Groteske „Der
1299 761 2325 820 grüne Kakadu“ wurden in neuer Einstudierung
1300 798 1505 868 gegeben.
1351 817 2324 884 In der „Gefährtin“ hielt die Darstellung die
1291 873 2324 923 schicksalsschwere Stimmung glücklich ein und bereitete
1298 912 2327 963 in langsamer Steigerung wirksam die Enthüllung vor,
1305 961 2322 1018 daß des alternden Professors Pilgram verstorbene
1295 993 2318 1047 Gattin jener entsagenden und sorgenden Liebe nicht
1301 1039 2328 1095 wert war, mit der der Gelehrte sie umspann. Herr
1298 1058 2326 1130 Reimer spielte den Pilgram voll einfacher Würde
1295 1113 2320 1171 und ansprechender Schlichtheit, Herr Wiene den Dr.
1298 1151 2325 1205 Hausmann, gut beherrscht, und Frau Pauly vertrat
1297 1198 2174 1243 die Olga Merholm mit Takt und Geschmack.
1344 1208 2323 1297 Illusion und Wirklichkeit, die in der „Gefährtin“
1285 1266 2320 1328 die Grundlage des Geschehens bilden, kehren mit
1296 1324 2314 1369 bewußterer Betonung, sinnfälliger in „Paracelsus“
1309 1367 2310 1411 wieder, in diesem nachdenklichen, liebenswürdigen
1295 1399 2320 1442 Werkchen, das aus Traum und Schlaf Wahrheit
1293 1436 2325 1491 kündet. Herr Gerhard verstand seinem Paracelis
1299 1481 2322 1537 auch äußerlich geheimnisvoll Anreizendes und
1303 1528 2314 1578 Zwingendes zu verleihen, Herr Bernecker war
1293 1553 2319 1611 vortrefflich als der selbstgefällige Waffenschmied
1302 1601 2330 1651 Cyprian mit dem geräuschvoll geäußerten Bewußtsein,
1305 1647 2315 1697 des eigenen Wertes, Herr Bildt drollig als Stadt¬
1296 1692 2316 1739 arzt Dr. Copus und Frau Wasa von holdseliger
1300 1730 2310 1781 Weichheit als Justina, des Waffenschmieds Eheliebste.
1357 1770 2317 1813 Sein und Schein in ihrem Ineinandergreifen, ihrer
1294 1805 2317 1863 innigen Verschmelzung, die die Grenzlinien verwischt,
1304 1845 2322 1900 zeigt „Der grüne Kakadu“, die Groteske aus den
1292 1890 2314 1948 Tagen der großen Revolution, in denen die Köpfe der
1308 1934 2318 1978 Aristokratew wohlfeiler waren, als Bvot Die Dich¬
1351 1967 2317 2016 ng in der die Gährung im Volke sich spiegelt,
1308 2005 2116 2071 fand leider nicht jene Darstellung,
1304 2055 2286 2105 zukommt. Es fehlte die starke innere Be
1306 2085 2319 2145 wegung, das wilde Leben, das erst den rechten
1313 2133 2327 2179 Eindruck der Bühnenvorgänge vermittelt, und meist
1301 2167 2324 2233 schien das, was da ohne künstlerischen Schwung agiert
1311 2213 2341 2264 wurde, matt und blutlos. Ein paar Ausnahmen
2002 2245 2318 2302 rds leidenschaft¬
1303 2259 1888 2306 freilich gab es. So Herrn Ge
2018 2286 2312 2348 es überlegenen
1301 2291 1875 2347 durchbebten Henri, Herrn P
1990 2329 2310 2383 Vicomte, Herrn
1303 2336 1882 2385 Herzog, Herrn Paters gezi
1290 2383 2317 2420 [Wienes mit diskretem Spitzbubenhumor gezeichneten
1294 2412 2321 2464 Grain, Frau Paulys lasterhaft=neugierige Marquise
1315 2464 2110 2515 und Frl. Baumbachs wilde Georgette.
2097 2468 2273 2559 N. W.
1352 2573 2320 2636 Das Neue Volkstheater veranstaltete gestern
1319 2633 2310 2691 gleichfalls einen Schnitzler=Abend. Zur Auf¬
1315 2670 2313 2729 führung gelangten diedroge Sarire „Literatur“
1309 2708 2243 2770 und das schwermütige Schauspiel „Liebelei“.
2282 2756 2328 2813 r
1316 2761 2158 2804 „Literatur“, waren Spiel und Regie
1300 2788 2318 2847 Robert Müller) gleichmäßig fein ausgearbeitet.
1310 2839 2315 2887 Fräulein Yella Wagner schuf in ihrer
1294 2864 2313 2937 Margarethe eine sonnige, lachende Figur. Da war
1288 2914 2313 2964 alles aus einem Guß. Sie traf mit schöner Sicher¬
1286 2952 2317 3011 heit alle Farbentöne dieses schillernden Regenbogens,
1284 2993 2308 3038 dieser komplizierten Frauenseele, die in ihrer Super¬
1285 3034 2298 3087 modernität doch nie die Anmut, die fröhliche Leichtig
1294 3076 2318 3129 keit, die Wahrhaftigkeit trunkener Leidenschaft
1288 3114 2271 3186 ablegt, durch soviele Hohlheiten des Lebens
1294 3159 2322 3208 auch getaumelt ist. Den grellsten Kontrast zu dieser
1302 3195 2313 3256 prächtigen Einheit formte Herr Robert Müller als
1308 3246 2317 3298 Gilbert. In Spiel und Maske — in dieser vielleicht
1298 3290 2325 3332 allzu prononciert, so daß man nicht begreifen mochte,
1296 3319 2250 3376 wie eine Margarete sich solchem Gesellen in
1309 3364 2315 3412 Arme werfen konnte — brachte der Darsteller das
1301 3394 2317 3441 prahlerische Sykophantentum dieses „Kaffeehaus¬
1306 3436 2314 3495 Literaten“ und Kunstprotzen zu ergötzlichem Ausdruck.
1308 3489 2314 3545 Herr Nowotny gab seinerseits wieder ein Gegen¬
1315 3513 2318 3583 stück, ein freundlicheres, in seinem Clemens: das des
1314 3565 2320 3627 etwas beschränkten, etwas eitlen, aber vollkommenen
1300 3601 1932 3676 Kavaliers von blauestem Blut.
1355 3613 2338 3689 Nicht ganz so glücklich gelang die Darstellung von
1317 3691 2328 3739 „Liebelei“. Licho's Regie war feinfühlig und ge¬
1312 3725 2329 3784 schmackvoll. Herr Nowotny und Frl. Else Back
1315 3755 2334 3817 als Theodor und Mizi stellten ein köstliches Wiener
1319 3802 2333 3857 Pärchen auf die Bretter, und auch Herr Robert
1314 3843 2330 3899 Müller zeichnete wieder in seinem Violinspieler
1304 3883 2336 3959 Weiring eine Charaktergestalt. Frl. Angerstein
1314 3931 2333 3985 als Christine und Herr Riemann als Fritz fielen,
1314 3960 2331 4019 so sympathisch sie sich gaben, gegen diese vollblutigen
1313 4006 2339 4065 Wiener etwas ab. Vielleicht ist auch manches davon
1310 4054 2333 4100 auf die etwas larmoyante Langweiligkeit dieser beiden
1308 4093 1638 4166 Rollen zu setzen.
