3484 4192
1149 271 1296 345 Kal
2100 271 2539 371 box 15/5
322 271 1968 363 9. 4. Der pruehekadu 7VKIuS
1612 1670 3385 1746 greiten Lundesbeiitelung em winene=Smnpond Srechnisse in Oesterreich in ihren
1516 1594 3380 1836 inie de enten en en en den e e e enen e
1528 1808 2589 1890 schwere Forderung, die an das Publicum gestellt
2570 1805 3381 1896 der Peinlichkeit hervorrufen, das all' di
723 1764 1263 1918 Feuilleton.
1520 1863 2581 1931 wird; und es hat diese wenigstens bei der ersten
2580 1866 3308 1936 nicht ganz zu verscheuchen vermag.
1205 1852 1504 1960 #00
1527 1914 2584 1995 Vorstellung, nicht ganz erfüllt. Es giebt nicht so viele
2682 1917 3370 1983 Am peinlichsten erscheint mir der
736 1930 1228 2030 Burgtheater.
1532 1957 2574 2016 Menschen, die Spaß verstehen; und gar einen so
2577 1940 3373 2028 weil er am meisten von den drei Stüch
1531 2010 2581 2076 bitter ernsten. Die Personen auf der Seene dürfen
2582 2016 3368 2082 spiel hinüberschwankt, ohne es doch i
457 2005 1521 2087 (Paracelsus. Schauspiel. — Die Gefährtin. Schau¬
1531 2061 2584 2130 wohl im Unklaren tappen und zwischen der Welt
460 2073 1527 2142 spiel. — Der grüne Kakadu. Groteske. Drei Einacter
2583 2067 3375 2125 werden. Im Mittelpunkte steht Parace
735 2107 1256 2169 von Arthur Schnitzler.)
1517 2102 2585 2182 des Scheines und der Wirklichkeit wandeln; der
2580 2109 3373 2185 Dichter über das charlatanmäßige Ge
633 2154 1483 2211 „Es war ein Spiel! Was sollt es anders sein?
1520 2155 2580 2223 Zuschauer aber muß sicher gehen und sich durch seine
2582 2162 3367 2234 in seinen wissenschaftlichen Ahnungen
638 2193 1518 2254 „Was ist nicht Spiel, das wir auf Erden treiben?
1525 2210 2575 2285 Kenntniß überlegen fühlen; für die Räthsel der Vor¬
2591 2208 3359 2285 Seine Wanderzüge führen ihn in se
636 2237 1465 2311 „Und schien es noch so groß und tief zu sein.“
1530 2263 2583 2318 gänge hat ihm das Lösungswort mitgegeben zu
2586 2262 3371 2331 heimat Basel, und ein bürgerlich prot
551 2277 1528 2372 Aus diesen drei Versen im eröffnenden Stücke
1522 2306 2578 2375 werden. Es bedürfte vielleicht nur weniger kleiner
2580 2311 3369 2374 schmied öffnet ihm sein Haus, in dem
456 2336 1520 2422 läßt sich leicht ein gemeinsamer Gedanke als Schlag¬
1519 2349 2575 2428 Verdeutlichungen, und der große Genuß, den die
2574 2355 3381 2430 diejenige schalten sieht, die er einst ge
443 2396 1518 2464 wort herausbilden, das man den drei einactigen
1523 2416 2580 2477 neuen, von überraschenden Fortschritten zeugenden
2580 2405 3376 2474 Kunst, die wir heute noch hypnotisch
455 2451 1519 2516 Dramen Schnitzler's zum Titel geben könnte. Schein¬
1522 2447 2583 2532 Dichtungen Schnitzler's bereiten, wäre auch für die
2581 2434 3370 2532 nennen, die er selbst aber als Ern
459 2494 1512 2550 bare Wahrheit wird als Unwahrheit erkannt, und
1527 2494 2153 2580 große Masse ein ungetrübter.
2580 2507 3383 2596 Astralleibes auffasste, von dem unser
451 2545 1515 2603 damit geklärt. Im ersten Stücke wird die Grund¬
1616 2532 2582 2606 Ungleich in ihrem künstlerischen Werthe, sind
2571 2556 3367 2627 die verkümmerte Erscheinungsform
443 2582 1525 2672 lage zu einer wahren Ehe geschaffen, im zweiten die
1519 2574 2569 2666 die drei Stücke doch eins in der künstlerischen Form;
2578 2591 3381 2671 schlummernde Leidenschaften und Begic
453 2640 1513 2707 Verlogenheit einer modernen blitzartig durchleuchtet,
1519 2654 2583 2705 die fein ciselirende, vornehme Technik bewährt sich
2581 2656 3374 2723 Weibe, von denen sie selbst sich nich
456 2678 1512 2746 im dritten eine kopflose Verbindung mit dem Schwerte
1527 2700 2588 2765 nicht nur in den beiden ersten Stücken, sie steigert
2577 2704 3377 2771 gegeben: „Jeder Mensch“, sagt Parace
453 2735 1521 2800 zernichtet. Im ersten handelt es sich um eine be¬
1533 2748 2576 2810 sich in dem letzten Drama zu einer Kraft der Viel¬
2584 2755 3354 2824 seiner Schriften „weiß innerlich mehr
450 2791 1517 2856 stehende, im zweiten um eine gewesene, im dritten
1529 2800 2575 2864 stimmigkeit und zu vollen Tönen, wie man sie dem
2577 2800 3261 2871 in sein Tagesbewußtsein tritt“.
449 2822 1512 2898 um eine werdende Verbindung. Und überall greift
1527 2848 2580 2917 zurückhaltenden Novellisten nicht zugetraut hätte. Wie
2580 2848 3376 2922 magnetische Kraft des Zauberers erwir
444 2868 1523 2954 ein Ereigniß von außen her ein, richtend oder
1520 2891 2577 2959 #er sich bisher immer am stärksten in der condensirten
2580 2896 3376 2974 Bekenntnisse belehren den allzu sicheren
446 2920 1513 2991 schlichtend, sei es in menschlicher Gestalt, sei es durch
1524 2950 2577 3010 Skizze gezeigt hatte, war ihm auch die dramatische Knapp¬
2569 2955 3373 3020 seine Pflicht, das Gut zu hüten, wen
453 2982 1517 3051 eine weltgeschichtliche Katastrophe. In allen drei Werken
1515 2987 2575 3054 heit, welche der Einacter erfordert, eine natürliche
2579 2990 3382 3062 halten soll. Geht diese etwas schiefe
457 3031 1514 3089 führt der Dichter den Zuschauer auf jene haarscharfe
1525 3043 2578 3104 Tugend und er hat die großen Schwierigkeiten dieser
2577 3039 3225 3110 bedenklich Verallgemeinernde,
462 3081 1518 3139 Schneide, welche Scherz und Ernst trennt, einmal
1514 3094 2575 3155 Form, zum tragischen Epigramm oder zur brutalen¬
2578 3097 3378 3169 Situation des armen Mannes eine fät
455 3112 1519 3193 mit liebenswürdigem Humor, das anderemal mit
1510 3139 2578 3211 Katastrophe zu werden, glücklich überwunden. Aber.
2580 3147 3373 3205 keit mit der des „Amphitruo“, und d
449 3174 1524 3246 feiner Sentimentalität, zum dritten mit grotesker,
1514 3177 2586 3267 es liegt wohl auch in der Raschheit der Vorgänge,
2562 3189 3369 3269 =Unschuldig der Frau gewinnt einen säu
449 3244 3379 3324 sehr scharfer Tragik. Die hohe Ironie zu erfassen, daß sie nicht immer so vollständig klar werden, als geschmack. Die Grundidee des Dran
