3436 4256
1434 175 1889 269 box 15/3
983 185 1322 258 Kakadu
717 186 971 261 ruene
474 190 653 261 Der
1350 175 1418 251 0
224 190 1308 300 9.3  aummn
850 1186 1490 1285 Dr. Max Goldschmict
856 1243 1482 1339 Büro für Zeitungsausschnitte
650 1260 952 1347 BBRLIN N4
1192 1310 1649 1388 Telefon: Norden 3051
1002 1424 1449 1581 Famburger Ccho
1004 1609 1405 1746 20. Feb. 975
617 1718 1754 1833 Deutsches Schauspielhaus. Romain Rolland „Ein Spiel
545 1757 1742 1893 von Tod und Liebe“. Arthus=Schnitzler: „Der grüne
543 1801 743 1856 Kakadu“
626 1828 1739 1964 Zwei Szenen aus der französischen Revolution. Die chrono¬
535 1873 1754 2011 logische Folge ist umgekehrt, damit nicht das Satyrspiel vor der
423 2232 2782 2304 ragödie steht. „Der grüne Kakadu“ ist als Groteske bezeichnet, Liebe vermag sie nicht ins Leben hinaus zu locken, sie hebt nur
1600 2276 2780 2349 alle edie Kraft in ihr auf, und es bleibt das Nichts. Aber dieses
481 2302 1602 2343 ört als solche aber zu jenen hochwertigen Spielereien des
1605 2313 2787 2393 Nichts ist verklärt von der Seligkeit des Nirwana, in das sie jetzt,
405 2309 1605 2393 Geistes mit einem artistischen Einfall, die im seltsamen Zwielicht
1595 2356 2783 2430 an die Schulter des Gatten gelehnt, einen Fliederstrauß in der
400 2371 1608 2432 des Grauens und des Lachens stehen. Ein verkrachter Theater¬
2307 2393 2788 2446 Gatte und Gattin be¬
1603 2413 2319 2470 Hand, schreitet. Vallée ist geflüchtet.
410 2416 1589 2466 direktor faßt die kühne Idee, in Paris eine künstlich inszenierte
1599 2431 2798 2508 steigen in schweigender, tiefer Verbundenheit, die höher ist als
407 2437 1598 2501 Verbrecherkneipe, „Der grüne Kakadu“, aufzumachen, in der seine
1611 2481 2147 2536 irdische Liebe, das Schafott.
413 2482 1604 2552 frühere Truppe Zuhälter, Dienen, Taschendiebe Mörder usw.
1673 2496 2701 2571 Dies Spiel ist eigentlich nicht Drama, sondern Musik. M
417 2525 1599 2577 spielen muß. Um Himmelswillen, wozu? Damit seine hochadlige
1602 2556 2787 2622 höre die Tristanklänge, die Parzifaltöne zwischen den Zeilen, die
414 2574 1599 2626 Kundschaft einen angenehmen und völlig ungefährlichen Nerven¬
1606 2598 2523 2663 Verneinung des Lebens, die Befreiung der Seele.
417 2604 1605 2668 kitzel hat, sowie den Moderausch der Berührung mit Natur und
1678 2626 2798 2702 Es darf daher dies Spiel nicht als neun, eigentlich nur drei,
411 2646 1599 2699 Volk. Im gärenden Paris kann man freilich neuerdings solche
1597 2685 2794 2737 Theaterrollen aufgefaßt werden, die Spieler müßten ein musik¬
413 2683 1604 2732 Scherze, wie vom Wirt mit den Worten: „Guten Tag, Ihr
414 2720 1602 2776 Schweine, seid Ihr noch nicht geköpft?“, empfangen zu werden,
1610 2722 2792 2773 umfangenes Kammertrio sein, das auf unsichtbaren Geigen spielt.
1602 2768 2790 2821 Das vermochte nur Erika Beilke als Gattin. Georg Aug. Koch
417 2763 1593 2806 haben, ohne die innere Beruhigung daß alles nur gespielt wird.
1604 2791 2792 2850 als Courvoisier brachte bereits Theater, freilich gutes. Reinhold
416 2801 1598 2849 Wir erleben nun am Tage der Erstürmung der Bastille eine
1600 2820 2803 2891 Lütjohanns Spiel war natürlich erst recht Theater, und dazu
403 2838 1602 2893 dieser Kneipenaufführungen, in die plötzlich der grauenhafte Ernst
1603 2858 2794 2929 schlechtes. Hier tag eine alles zerstörende Fehlbesetzung von
417 2875 1605 2921 der Wirklichkeit hineinplatzt, aber vom adligen Publikum als
1600 2901 2791 2952 Einer der wenigen Prominenten, zum Beispiel Siems, hätte den
403 2913 1603 2954 Komödie verlacht und beklatscht wird, bis auch sie nicht mehr
1604 2946 2803 3004 Vallée jedenfalls besser gespielt. Diese Konzession ans Publikum,
406 2954 1596 2995 wissen, was hier Ernst und was hier Spiel ist. Ein schwacher
1599 2993 2790 3034 bei dem Lütjohann zweifellos beliebt ist, durfte nicht gemacht wer¬
404 2992 1606 3033 Schimmer der Realität von wahr und unwahr ruht auch auf
1602 3028 2802 3074 den, sonst wird Lütjohann allmählich zu einem besonderen Fall.
397 3027 1596 3085 diesem Spiel, als Ganzes bleibt es eine fabelhafte Artistik mit
1611 3060 2804 3121 Erika Beilke allein vermochte natürlich das Spiel auch nicht zu
417 3067 1604 3122 einem Bühneneinfall. Julius Kobler spielte vorzüglich den
1609 3103 2803 3141 tragen, so daß es über einen warmen Achtungserfolg nicht hinaus¬
419 3105 1601 3150 theatergroben Wirt. Die schwierige Rolle, das Schauspielern zu
1606 3135 2788 3193 kam. Die Regie von Otto Werther klebte diesmal zu stark
416 3146 1606 3198 spielen, ohne burlesk zu wirken, lösten alle sehr gut. In der
1598 3183 2798 3240 am Aeußeren und ward der inneren Musik des Spiels nicht
410 3184 1598 3231 tragischen Rolle des Henri leistete Arnold Marlé wiederum das
2606 3212 2802 3283 Hoe.
412 3224 1603 3279 Allerstärkste und Beste Willy Favart, Paul Ellmar, Fried¬
1602 3218 1786 3288 gerecht.
401 3248 1598 3315 rich Siems, Carl Wagner waren durchaus überzeugende
403 3298 1606 3353 Mitglieder des sich amüsierenden Hochadels, Käte Wittenberg
400 3336 1608 3392 eine sehr schöne, amouröse, innerlich zersetzte Marquise. Der
400 3378 1608 3433 eigenartige Trubel dieses „Verbrecher“kellers, in dem der einzige
404 3409 1609 3470 wirkliche Verbrecher als Dilettant verlacht wird, ward durch die
402 3445 1500 3519 Regie von Alex Otto durchaus überzeugend gemeistert.
485 3497 1603 3547 Ueberwiegt bei Schnitzler zu sehr die artistische Literatur, so
410 3527 1609 3577 bei Romain Rolland zu sehr die lyrische Novelle. Sein Spiel
412 3565 1600 3627 führt in die letzte Phase der Revoltion mit dem sich selbst zer¬
411 3609 1602 3662 fleischenden Konvent. In all dem Seelengrauen steht weißen
420 3648 1611 3697 Haares das jenseitige, abgeklärte, überhöhte Menschentum des
409 3683 1614 3745 alten Gelehrten Courvoisier, der alles verlor, seine Freunde, die
417 3724 1605 3779 Liebe seiner Gattin, die einem geächteten und heimlich zurück¬
419 3767 1610 3857 gelehrien Girondisten zutell ward Groß und rein wit er beiden
422 3842 1616 3907 die ihn selbst, den politisch selbst Bedrohten, mit seiner Frau nach
424 3875 1606 3939 der Schweiz bringen sollten. Aber die Frau, die offen ihre Liebe
416 3906 1613 3988 zum gehetzten Vallée eingestand, verbrennt ihren Paß. Ihre
