3436 4256
1919 142 2370 230 box 16/1
979 150 1164 220 Kak
152 156 1781 245 9.4. Der gruehe-Kakadu — Zyklus
427 1174 1632 1249 Ausechnltt aus Generalanzeiger fr-Düsseldorf
1037 1253 1374 1342 Düsseldorf
552 1262 1005 1350 26. MAl 1912
426 1290 611 1355 vom:
941 1305 1209 1391 2 U p —
2193 1318 2464 1402 B
1219 1376 3177 1436 Aufga#e, die leichtlebige Wiers eines eben mihilistisch! In entgegengesetzter Richtung, auf dem waldigen:
408 1386 1090 1472 Berliner Sommertheater.
1227 1433 3166 1472 umgehnchen Gouverneues dem gefesselten Mörder ge=] Brauhausberg bei Potsdam findet der Reichs¬
268 1444 1242 1520 Die rückgeschlagene Kühle dieses Lenzmondes, die
1220 1467 3171 1532 genüberzustellen erfordert gans andere Dichterkraft, als hauptstädter wieder ein sehr interessantes Freilichtspirf.
1230 1512 3163 1556 ste hier zur Verfügung stand. Und die Absicht eine Axe'l Delmar hat dort an gutgewählter, idyllischer
240 1490 1236 1573 ##ifre Begeisierung für die Zentralheizung wieder einmal
241 1550 1239 1605 abgekühlt und die Preise des Spargels in keiner über¬
1227 1548 3170 1595 #tivole Gesellienstpuppe satirischertenantisch zu komplie#Stelle im vorigen Jahr ein Schauspiel vom alten Fritz
263 1577 1060 1652 eferungsmäßigen Hölzeit so erhöht ##t.
1055 1590 3156 1636 hindert#zieren, führte nur zu taktlosin Unmöglichkeiten. Tie und den Seinen mit viel Erfolg vorgeführt. In diesem
242 1618 1237 1697 ##meswegs, daß das Berimer Sommertheater sich
1220 1616 3156 1672 Darstellung, stand durch Ida Rüst und einzelte andre Jahr — er gibt sich offenbar nicht mit Kleinigteiten
1225 1664 3153 1717 Haupskräfte weit über komt Semmortheater=Nivean. Sosah- hat Napolcons Geist heraufbeschworen, Napolevus
233 1655 911 1731 Biederum recht vielfältig ontialtete.
1221 1700 2187 1747 lgibt es möglicherweise doch iin Sommergeschäft nach
2178 1703 3145 1755 sehr körverhft erscheinenden Geist zu Pferde! Der
342 1704 1225 1762 im Lessingtheater ist, um einem dringenden
1231 1734 2197 1796 Bunsch an der Stelle, wo san alsbald ein neues
2185 1733 3155 1809 [Herr der Welt“ nannte er demgemäß sein Stück
253 1734 1233 1802 Bedürfnis abzuhelfen eine Wiener Operetten=Gesell¬
1228 1780 2191 1831 Theaterunternehmen das nantnehr gesicherte Deutsche
2179 1772 3142 1830 das er wiederum eigenhändig herstellen mißte da ##
245 1790 388 1847 chaft
374 1780 612 1849 eingelogen.
597 1784 1235 1844 Die vorhandenen Oberetten= und
1231 1819 2111 1871 Schauspielhaus“ seinen Lebenlauf beginnen wird.
2178 1819 3155 1877 Preisausschreiben für ein neues vaterländisches Freite####
252 1826 1229 1885 Possendühnen haben sich in Permanenz erklärt und die
1259 1859 3087 1908 Im üorigen breitet sich Gruß=Berlins sommertheatro=werk neunundsiebzig Dichtungen und Dichtversuche
257 1850 1231 1922 zeuptrepräsentation des Berliner Theaterwesens gegen¬
1234 1891 2194 1957 lischer Betrieb auch heuer wie im vorigen Jahr, in die
2179 1901 3145 1967 sammenbrachte die nach seiner Mittedlung sämtlich nch
255 1901 1236 1966 üben dem Fremden übernommen. Im Deutschen
1229 1926 2195 1988 Nachparschaft hinaus, ins F###e aus. In Bernau,
2185 1942 2839 1992 für die Naturbühne geeignet waren.
269 1950 1235 2000 ##eater wird man sich bis Ende Mai ohne Neu¬
1226 1958 2188 2023 dem kleinen schmucken Morksädichen im Norden, das
2224 1962 3100 2027 Mit einem großen Napoleonsbild wird in Ver
343 1998 2179 2071 n und ohne ein gur Tei der usten Kräfte behelfen: 12, einer nelgen 6.egirh.. pott, wurde mit Jeierlich¬
2187 2010 3153 2075 und Ungegend Reklame für das Potzdamer Spelg#
364 2023 1139 2084 #o mffigee Webekint# perzeit.
1213 2040 1870 2104 lkeit und viel Opferfreudigkit d#r
1859 2052 2195 2117 Bürgerschaft zum
2188 2063 3147 2115 macht. Der Inhalt ist nichtsdestoweniger gut preusisch¬
245 2058 1222 2114 ##g. Schauspielhaus gebt mehr oder minder abge¬
1212 2084 2085 2149 ersten Mal des Hussitenspiel erneuert.
2177 2098 3144 2150 deuisch. e Konflikt konzentriert sich auf eine märkische
251 2084 1231 2171 svielte Stücke jetzt zu den billigen Eintrittspreisen, die
1216 2126 3148 2184 scheint in diesem Jahr noch mehr Volks anzuziehen als Adelsfamitie, veren einer Sohn das Genie des =Korsei
227 2138 1013 2208 im im Winter mehr Ehre machen würden
1211 2163 1475 2231 im vorigen.
2171 2162 3091 2223 bewundert, während die übrigen Gehrr im###
287 2176 1228 2234 Der Direktor des Neuen Schauspielhauses,
2191 2199 3086 2278 trioten sind. Die Stimmungen der Jahre 18061
1249 2197 2201 2273 Der hohe Reiz liegt wie schon 1911 festgestellt wurde,
253 2208 1233 2269 derr Halm, fuhr mit etlichen seiner besten Kräfte gen
2180 2239 2942 2310 1813 werden mit Geschmack ausgebeutet.
263 2265 2184 2312 Süden, um im Münchener Künstlertheater Lorbeeren zu weniger in der ziemlich k##mentionellen Handlung, als
265 2292 2201 2353 #enten. Den größeren Teil seiner Künstlerschaft sandte in dem hervorragend fesselnten Schauplatz, in den Bil¬
2222 2298 3145 2360 Der verblendete märkische Junler wird zuguterlevt
252 2322 3006 2388 mittkerweile ins Haus der von einer Direkteein #ndern und Stimmungen unter freiem Himmel. Die be= durch die opfermutige Begeisterung der Seien
281 2368 2195 2425 iuem einzigen Winter vollkommen herunterdirigierten drängte Stadt liegt in leibhaft vor den Zuschauern.
2181 2377 2974 2441 Außer Napoleon werden Vater Jahn, Fonau#
271 2411 2200 2462 Komischen Oper. Das Stück, das er hierfür zu verien= Ihre Ziegelmanern und =Tirme sind Zeugen der alten
2178 2412 2968 2474 dere Zeitgestalten aufgeboten. Das alles kör
267 2442 2199 2505 den hatie, ist ein weitaus mehr effektsuchendes als effelt Zeiten. Festlich Volk drängt aus dem Stadttor, auf dem
2183 2457 2959 2514 zu einem ausgesprochenen Post-festum=Kitsch
573 2492 2192 2543 Es heißt „Die Spiele Ihrer inaengrünen Au## das Sc#itzenfest zu feiern. Reigen¬
266 2480 591 2557 machendes Spiel.
2178 2486 2946 2544 Aber Delmar vermeidet das Allzuwohlfeile
255 2542 2951 2596 Exzellenz“ stammt von der verstorbenen #tänze mit Gesang der Voltsmenge, der vielen farben= Licht und Schatten vernünftig zu verteilen
244 2571 2956 2625 sekels und dem sonst etwas literaturfähigeren Rudo###fröhlich gekleideten Kinder und der Pairizierjugend eine eigene Gabe für Gelegenheitsspiele dieser
243 2605 2979 2657 Strauß (nicht zu verwechsein mit dem südwestdeutschen hehen wieder an. Die unnschahmliche Natürlichkeit mit mächtiger Helfer aber ist der grüne deutsch
1202 2648 3135 2698 der sieh eing ins aubere fügt, unter der wirklichen Früh= wald im Sonnenschein, Beim ersten Aufreiten seiner
251 2639 709 2708 Erzähler Emil Strauß).
1217 2678 2191 2746 lingssonne, entzückt auch verbärtete Großstädterherzen.
292 2673 1240 2736 Man könnte diese „vier Alte“ (ein Untertitel fehlt
2180 2693 3161 2765 „Herrn der Welt erwärmte man sich sehr, ungrachter
2175 2717 2854 2785 der herben deutschen Maienkühle
257 2730 1237 2772 deichnenderweise) schlichtweg einen Sommerschmarren
1257 2733 2191 2781 Frischer Maienwind spielt ruhelos im unterschied¬
257 2762 2204 2826 sinnen, wenn sie nicht etwas Komplizierteres wären, lichen Grün des reichen Baumwuchses, den die beneidens¬
2213 2763 3169 2838 Ir den Theatern der Stadt zeigte sichs, daß Arspur
248 2802 2199 2878 ohne aber darum etwas Wertvolleres zu sein. Der ent# werten Vernauer so nahe vor ihren Türen und Toren
2269 2804 3164 2882 der seine Wiener Poet, seinen Ge¬
250 2834 2204 2896 schiedene Wunsch einen Schlager zu verfortigen, ist nicht haben. Ein Rasenhügel, in alter Buchen= oder Eichen¬
2183 2835 3037 2921 ücklich gewählt hat, als er
284 2878 2191 2940 # verkennen. Die Tragik der russischen Revolutions= stamm geben prächtige Stützpunkte für das Spiel. Vom
2188 2899 3054 2947 die Mitte des Mai=Mondes fallen ließ. Nun sollte
3114 2887 3200 2973 *
247 2911 1235 2973 ####atiker dünkte diesem Autorenvaar grade gut genug,
1223 2932 2197 2971 wirklichen ragenden Turm hernieder singt der Türmer
2185 2935 3158 2997 der neuen, nicht unlöblichen Sitte sein fünfzigster Ge¬
249 2953 1230 3011 Spannung zu bereiten und sie mit etwas Unsitten=Lust¬
1221 2963 2198 3026 sein Tagelied stößt ins Horn. ruft Warnungen herab
2185 2967 3166 3020 burtstag von den Bühnen festlich begangen werden. Gal
257 2997 1227 3051 piel=Pikanterie zu versetzen. Außerdem aber verrieten
1223 3004 3195 3075 und wird erstaunlich leicht verstanden. Dann sprengen war aber in gegenwärtiger Jahreszeit keine dazu in
238 3051 3158 3093 gewisse Brusttöne volksfreundlicher Empärung, gewisse berittene Bürger über die Stadtbrücke wüst=wilde stande, als zwei volkstümliche, an die man keine sehr
234 3071 1229 3123 Versuche, höhere Gesellschaft zu kennzeichnen, und ge¬
1216 3080 3152 3136 Hussitenreiter stürzen aus dem Buschwerk. Auf überfall hohen künstlerischen Forderungen stellen darf. Das
250 3112 1238 3173 wisse aus beidem sich ergebende — Längen, daß eine
1220 3115 3159 3171 und Ausfall und Reitersucht folgt endlich wieder ein Schillertheater brachte immerhin eine würdige Auf¬
252 3149 1233 3213 döher gemeinte Nebenabsicht hemmend hinzugetreten sei.
1211 3151 3172 3231 anmutig festlicher Aufzig. Alt=Vernau ist wieder führung des „Grünen Kakadu“ und anderer Einalter
297 3210 3156 3239 So wurde diese Nihllistentragitomödie weder ein einmal gerertet und Ren=Vernau wird stan der zustande. Im Neuen Volkstheater gab es eine Dar¬
267 3228 3147 3300 ichtiger „Reißer“, noch etwas Lustspielbastes, sondern schlimmen Böhmen die mit Recht allüberall so beliebtensstellung von „Literatur“ und „Liebelei“, die an wichtigen
262 3278 3142 3332 Hoß eine sensationell sein wollende Stillosigkeit. Die Bersiner zu vielen friefsichen Juvasionen heranziehen Stellen weniger an Festvorstellungen als an provin
259 3314 1377 3389 Gesellschaftsschilderung bleibt äußerst unergiebig. Die sehen.
2139 3317 3109 3396 zielles Alltags=Sommertheater gemahnte,  Rost.
