3392 4352
144 3071 267 3170 40
929 147 1279 228 Kakadu
661 144 938 231 ruene
425 147 516 223 D
1393 149 1846 257 box 14/8
198 153 1276 263 9.3. per Bruchenanaad
532 650 996 761 reiefon 12301.
287 762 1319 848 Unternehmen für Zeitungs-Ausschnitte.
1169 787 1389 897 Ausschnitt
480 850 1500 990 „OBSERVER“ Nr. 69
163 946 1540 1080 #err behördt cenc. Bureau für Zeitungsberichte u. Personalnachrichten
247 1032 1371 1139 Wien, IX/1, Türkenstrasse 17.
467 1117 1158 1223 Filiale in Budapest: „Pigyelö“ —
172 1171 1438 1291 Vertretungen in Berlin, Chicago, London, Newyork, Paris, Stockholm.
731 1291 1432 1422 Pene, Prag
158 1325 650 1433 usschnitt aus:
140 1438 659 1588 ## ####7 77 00
1426 1810 2629 1895 in dieser Ehe? Darüber vermag uns ein letzter Akt und
2689 1804 3357 1909 Viel bewegter und toller als i
1433 1858 3350 1953 wäre er noch so lyrisch, nicht die nöthige Auskunft zu geben. geht es in der Groteske von Schnitz
518 1830 1277 1959 Feuilleton.
1539 1912 3359 1990 Der alte Gelehrte (Herr Rada) will dem Glücke der uralten Rechte des komischen Dichters
1434 1946 3354 2037 jungen Frau (Frau Kvapil) nicht länger im Wege stehen,Geringste in das Bereich ihres zer
1436 2020 3353 2104 da sie im Umgange mit dem jungen Gelehrten (Herr Vojan) und an den Grundfesten aller O
582 2003 1151 2103 Nationaltheater.
1434 2066 2768 2150 offenbar ihre Mienen ebenso wenig zu beherrschen gewußt rüttelt.
260 2068 1453 2158 („Almuzna“ [„Das Almosen“ Lyrisches Spiel in
1443 2112 2608 2179 hat wie ihr Herz, und geht in den Tod. Aber traue einer
2689 2091 3338 2182 Die Gesellschaft, die auf einem
262 2120 1102 2178 einem Aufzuge von A. Nekasek. —
1113 2129 1447 2189 „U zelencho
1442 2158 3347 2228 diesen Alten, beim besten Willen, es den Jungen recht zu das ist die Gesellschaft vor der franzö
258 2149 1458 2239 papouska“ [„Der grüne Papag::]. Groteske in
258 2217 1451 2283 einem Aufzuge von A. Schnitzler. Böhmisch von
1449 2213 3354 2278 machen, bringen sie es nicht mehr fertig, die Psychologie hat auch die unsere — vergleiche die Ba
635 2242 1114 2323 H. Hackenschmiedt.)
1439 2255 3352 2307 sie verlassen und das Herz schlägt nicht mehr jung genug. mit den Berichten aus dem Parlament
1443 2302 3356 2378 Der Professor kann sich zwar tödten, aber er kann nicht Enquêten — wird uns an einem pa#
372 2302 3350 2430 Eine Welt bedeutete gestern die große Pause, in der ohne bewegten Abschied aus dem Hause, nicht ohne Brief vor Augen geführt. Es ist kein gering
257 2348 1449 2432 man in der Loggia sich wieder einmal der herrlichen Lage
1440 2397 3341 2463 aus dem Leben gehen, statt an einen Zufall glauben zu Erstürmung der Bastille, des verhaßten
247 2417 1447 2479 des Nationaltheaters erfreuen konnte, denn eine Welt trennt
1444 2447 3346 2516 lassen, ohne einen Brief, der natürlich das ganze Opfer zu herrschaft, aber zugleich aller Autoritä
254 2470 1446 2535 das Stück vor derselben von dem folgenden, das eine eine
1449 2492 3342 2558 einer Albernheit macht, weil kein anständiger Mensch von aufwieglerischen Reden und Brochuren
256 2502 1448 2585 Illustration der zehn Gebote, die beleidigte Moral auf den
1442 2542 3358 2626 einem solchen Auerbieten Gebrauch machen kann. Der junge Gesellschaft unerschüttert, die leichtleb
266 2569 1443 2632 Schild hebend und ihr glänzende Genugthuung gewährend,
1437 2591 3330 2660 Dr. Matys ist zwar so wenig feinfühlig, daß er, ohne auf kraten finden sie unterhaltend und
254 2600 1439 2693 das andere jenseits von Gut und Böse, Alles auflösend,
1440 2625 2605 2706 den Gemüthszustand der jungen Witwe Rücksicht zu nehmen,
2588 2644 3331 2702 erschlafften Sinne suchen sie Lokale
263 2655 1076 2731 vernichtend, was die Begierden bindet.
1431 2682 3344 2757 die Neigung zeigt, dieses Almosen des alten Mannes anzu= Papagei“, dessen Wirth ihnen gutbez
367 2710 3357 2767 „Lyrisch“ heißt das erste Stück, ich gestehe, nicht zu nehmen, aber desto zarter organisirt ist Renata, und als ihr und dessen Schauspieler sie in die
263 2751 3357 2857 wissen, warum; Handlung enthält es für seinen Umfang Vorschlag, zusammen zu sterben, keinen Anklang findet, da brecher vor und nach ihrem nächtlichen
255 2812 1439 2879 genug und der Dialog bewegt sich auch durchaus nicht auf
1436 2829 2598 2895 weist sie dem entlarvten Verführer, der in schwungvollen
2587 2836 3345 2898 Diese Herren Aristokraten sind sämm
258 2856 1450 2931 dem Gebiete der Gefühlsschwankungen, sondern auf dem
1431 2871 2597 2940 Tiraden gegen das Almosenwesen gedonnert hat und nun
2593 2872 3332 2933 wissen, daß Alles nur Spiel ist, und
257 2902 1434 2967 scharfer gedanklicher Dialektik, und daß ein schöner Sommer¬
1440 2921 2598 2991 selber eins annehmen will, die Thür. Diese Entrüstung,
2594 2929 3338 2994 druck und das Spiel, während die
248 2963 1444 3017 abend, Lieder, die von den Bergen hereinklingen, in das
1438 2965 2592 3035 welche dem Stücke den Namen gegegen hat, trifft zwar auch
2590 2973 3341 3046 sich von einer Gänsehaut überlaufen I
262 2998 1438 3077 Stück eingreifen, ist nichts, was heutzutage eine Ausnahms¬
1439 3011 2613 3083 nicht den Rechten, da der Doktor gegen das Almosennehmen
2678 3027 3341 3099 Aber was ist Spiel, was ist E
256 3043 823 3120 stellung begründen würde.
1419 3065 2607 3146 nichts einzuwenden hatte, vielmehr gegen Almosengeben seine
2597 3065 3340 3134 ein wenig Ernst im Spiel, wann nich
365 3103 2600 3183 Wie alle tragischen Einakter, ist Necasek's Stück ein Diatribe gerichtet hat, aber sie thut ihre Wirkung, allein,
2585 3103 3355 3187 in dem aufdringlichsten Ernst? Das
252 3144 2590 3229 fünfter Akt, eine sechsjährige Ehe liegt hinter dem Professor ganz allein wankt die schwer bestrafte Sünderin an das
2580 3168 3347 3238 im „grünen Papagei“, daß kein Orche
252 3198 1437 3270 Mares und Renata, eine Ehe offenbar, in der das Verhält¬
1427 3212 1933 3269 Todtenbett des Gemals.
2578 3205 3345 3282 die Welt des Scheins und die Welt d
249 3241 1453 3311 niß zwischen dem alten Professor und der jungen Frau das
1525 3242 2594 3324 Die moralische Strenge und die Schroffheit der ethi¬
2587 3265 3346 3326 man nicht ganz sicher ist, inwieweit d#
256 3290 1448 3352 von Vater und Kind geblieben ist, oder sich doch wenig von
1433 3302 2599 3367 schen Contraste treten als Lichtseiten des Stückes neben die
2592 3307 3335 3372 ernsthaft reden. Und das ist der
250 3342 2596 3425 diesem entfernt hat. Renata vermag dem von ihr verehrten schwache Motivirung. Dazu gesellt sich ein lebhaft geführter,
2591 3349 3342 3420 Stückes, daß im „grünen Papagei“ v#
255 3388 2586 3467 Manne noch nicht zu duzen, und ihr Ihrzen bringt den anregender Dialog, der die Seene zwischen den beiden
2583 3395 3330 3465 vorhanden ist, als die aristokratische
246 3445 2596 3503 Zuschauer in die größte Verwirrung, da er sich ganz ver=Liebenden fesselnd und ergreifend erscheinen ließ. Ein großer
2586 3459 3333 3519 der Mann, der von der Ermordung
260 3480 2590 3565 geblich den Kopf zerbricht, nicht gerade wie über Goethe's Antheil an diesem Erfolge gebührte freilich den Darstellern,
2586 3500 3349 3576 kein besonders gut maskirter Scha#
251 3525 2590 3579 Kore „Ob Mutter? Tochter? Schwester? Enkelin?“ aber Frau Kvapil und Herr Vojan ließen das zwischen allgemeinen
2580 3543 3305 3616 wirklicher entlassener Sträfling ist,
249 3578 3353 3654 doch ob Nichte? Pflegetochter? ob Rebekka West? und erst Bemerkungen und der Sprache der Leidenschaft hin= und seinen Grobheiten furchtbar ernst mei
253 3624 3347 3678 spät erkennt daß es sich um eine Ehe handelt, die das herschwankende Gespräch mit dem Selbstmord des Gatten kurzer Zeit, mit der blau=weiß=rothen
258 3682 3317 3774 mutterlose Wesen in einer Art verirrter Neigung mit dem im Hintergrunde zu seiner vollen Stimmungskraft gelangen Richter über seine ehemaligen Gäste
256 3725 2444 3788 Greise geschlossen. Aber was war vorhergegangen, was folgte und entschieden für den Erfolg des kleinen Stückes.
2549 3736 3346 3827 daß der treffliche Darsteller der Taschen
