3436 4256
794 174 1395 247 fruene Kakadu
1532 170 1883 269 box 15
324 176 1392 305 9.3. Der   u aaut
1656 764 2009 867 Bühne und Welt.
1168 1797 2507 1860 Wermelskirch: „Henschel, kommen Sie mit zu mir. Wir zünden das Gas an und spielen Karte ...
1413 1838 2489 1889 Das müßte doch mit dem Deibel zugehen. Sie müssen doch wieder der Alte werden“
986 1886 2672 1983 lässig in der Stube herumschlürft, wie sie im zweiten am Waschtrog mit dem Kellner des Sieben¬
991 1972 2663 2041 haarschen Hotels spielt (sie soll sich vom vielen Waschen als Hanne schon die Hände wund¬
990 2022 2658 2084 gerieben haben!) jede Bewegung ist hier der Natur abgelauscht und doch auch nicht verletzend,
976 2068 2674 2125 nicht geradezu gemein. — Am Schlusse der Cragödie ist es zu bedauern, daß der Dichter
979 2108 2675 2159 der Hanne nicht mehr Worte zugestand, die ihre Erschütterung, ihr Entsetzen über Heuschels
982 2168 2672 2235 Selbstmord doch deutlicher zum Ausdruck brächten. Hier muß die Darstellerin mit ihrem
972 2224 2664 2274 Spiel den herben Lakonismus des Dichters ergänzen, und Fräulein Witt thut es meisterlich.
985 2265 2662 2324 Ihre Rufe gellen durchs ganze Haus markerschütternd. Mir haben auch alle andern Dar¬
988 2317 2665 2377 steller = mit Ausnahme des Walther — sehr gefallen; Herr Römpler als Siebenhaar
983 2364 2677 2431 in der porträttreuen Maske von Hauptmanns Dater, dem Hotelier von Salzbrunn), Herr
990 2412 2679 2464 Thimig als Kellner George und Herr Schöne als Wermelskirch (später hat ihn Herr
983 2461 2675 2520 Witte sehr glücklich ersetzt) bieten wahre Kabinettstücke der darstellenden Kunst. Für die treue
990 2504 2665 2571 Auffassung des Geiste; der Dichtung hat wohl Paul Schleuther, als intimster Kenner Gerhart
985 2561 1665 2637 Hauptmanns, am liebevollsten gesorgt.
1105 2605 1263 2685 Wien.
2208 2601 2557 2687 Moritz Recker.
1535 3619 2130 3682 Adolf Sonnenthal als Fuhrmann Henschel.
1090 3661 2534 3726 Photographien der Rollen: Ateliers W. Höffer= und Schaarwächter in Berlin, Dr. Szekelr in Wien.
