3484 4352
700 163 1320 238 Fruene Kakadu
490 169 650 238 Der
251 167 1308 268 9. 3   een enenen
731 661 1386 738 THE WORLD: TU
701 825 1423 909 TRNNTTLEE MOCN OLDEN,
786 965 1443 1049 30 Ui. 10 CherHof
709 1112 1429 1186 Children’s Society Does Not In¬
726 1183 1392 1266 terfere in This Case of Haupt¬
804 1273 1332 1355 mann-16-Vears-After.
725 1405 1455 1471 Hannele“ came back to New Tork
692 1451 1438 1513 last evening after sixteen Fears. And
695 1487 1418 1537 there was a difference. No apprehen¬
700 1512 1439 1578 sions of blasphemy and impiety heralded
707 1549 1437 1606 the production. No police injunction was
707 1589 1441 1652 threatened. No Gerry Soclety arose 15
703 1633 1427 1681 protest the appearance of an Alice
708 1668 1423 1720 Pierce in the title role. The Haupt¬
705 1712 1422 1748 mann allegory was presented at the Ly¬
702 1738 1429 1801 ceum Theatre qufte as a dramatic mat¬
690 1774 1425 1835 ter of course. The attitude of the audi¬
694 1813 1423 1866 ence was unusual in no perceptible par¬
693 1858 1438 1905 ticular. Mrs. Fiske, offering maturity of
695 1876 1433 1950 art as of person, played the role of the
700 1927 1428 1988 dreaming, dying child to the ordinary
697 1969 1356 2020 theatrical measure of appretdation.
734 2000 1428 2057 It is thus that the times and the visible
694 2047 1427 2091 public sentiment have changed in the
699 2082 1426 2138 matter of presenting on the stage the
703 2119 1436 2172 most intimate and vital suggestions of
695 2162 1426 2220 the Christian idea. Opinions may differ
704 2192 1432 2231 as to whether a greater tolerance has
700 2236 1425 2291 obtained, a greater breadth of view, a
702 2267 1426 2327 broader perception of spiritual opportu¬
706 2311 1434 2347 nity, or a degree of carelessness regard¬
700 2345 1422 2390 ing the environment of the rellgious
707 2386 1436 2437 thought. Certainly last night’s audience
707 2420 1444 2471 treated the tender, more sacred stage
707 2451 1437 2511 episodes with apparent reverence. Yet
708 2498 1429 2549 soft jests and laughter were heard in
706 2533 1438 2589 spots at the apparition of Death, and the
706 2572 1427 2625 lapse between the periods of the play
702 2611 1429 2666 into the ordinary frivolitles of the boxes,
701 2642 1428 2707 the orchestra seats and the balcony was
707 2685 1083 2738 complete and easy.
728 2711 1443 2767 The effect of this new public attitude
710 2753 1437 2815 must be considered upon the play itself
713 2799 1444 2842 and its probable fate. If the change is
698 2843 1436 2881 a mark of lighter consideratlon for cer¬
702 2876 1427 2929 tain topies of grave issue, Hannele'
708 2915 1426 2964 is further than at the time of its earlier
693 2950 1435 2990 production from the achlevement of
695 2982 1444 3040 plain popularity. It must depend for
700 3012 1435 3076 any enduring strength upon some depth
705 3047 1432 3104 of Interest founded upon serlous con¬
713 3093 1427 3141 victions as to the religious possibilities
715 3130 1421 3168 of the drama. Last night’s gathering
713 3158 1427 3191 afforded no basis for judgment ás to
707 3186 1425 3250 the existence of such a carrying inter¬
713 3222 801 3265 est.
725 3237 1432 3304 In the main, Hannele“ is presented
708 3286 1426 3326 at the Lyceum precisely as it was at
700 3319 1434 3369 the Fifth Avenue Theatre in 1894. Full
700 3360 1426 3400 advantage is taken, however, of the
708 3389 1426 3430 advance in stage methods and lighting.
704 3416 1435 3464 The effectiveness of the apparitions of
702 3453 1430 3497 Death, the angels and the dying child’s
708 3483 1430 3531 dead mother is thus greatly increased.
742 3516 1430 3555 Mrs. Fiske as Hannele preserved re¬
710 3549 1441 3590 markably in her reading of the lines the
709 3581 1440 3623 tones of a tortured and ailing child¬
715 3613 1435 3655 hood, yet it must be sald that the illu¬
706 3645 1434 3682 sion of the role was not complete even
717 3680 1426 3718 in the half-lights of the almshouse
716 3707 1430 3749 setting. The Gottwold of Holbrook
708 3740 1426 3788 Blinn, the Sister Martha of Allce John
705 3771 1430 3818 and the Mattern of Fuller Mellish were
711 3806 1421 3851 very admirable and the support in lesser
710 3821 1425 3897 roles was capable. There was special
721 3874 1186 3910 music by Max Marschalk.
745 3899 1424 3945 Archur Schnitzler’s one-act piece,
719 3932 1432 3978 UThe Green Cockatoo,“ used as a cur¬
711 3968 1430 4016 tain raiser, achieved a sensational little
720 4000 1431 4044 triumph. The principal roles were car¬
715 4037 1418 4089 ried by Allce John, Henry Stephenson,
1464 153 1882 239 box 15/3
2529 369 2979 459 0 THE
2336 492 3083 599 Mas. FISKE IN CHILD ROLE!
2322 620 3079 689 HAUPTMANNS °HANNELF 18
2436 671 2992 743 AN ARTISTIC SUCCESS.
2328 763 3080 837 Tender-Littie Play, Which a Good Companz
2384 820 3081 870 Makes Much Or Despite Some Ihcon¬
2397 844 3083 903 gruities—The Green Cockatoo“ I8
2383 878 3081 957 Also Presented, Withodt the Star.
2368 927 3078 999 Mrs. Fiske carried her policy of artistic
2324 985 3075 1029 self-effacement a degree further than she
2326 1028 3062 1089 had in The Pillars of Society“ when she
2333 1062 3069 1116 appeared last night at the Lyceum Theatre
2329 1097 3075 1162 asthe childish heroine of Gerhart Haupt¬
2334 1146 3085 1200 mann’s poetic play,Hannele.“ The'
2339 1165 3088 1238 character she enacted holds the stagel
2331 1221 3077 1261 throughout thetwo short scenes, but it
2324 1254 3069 1299 offerslittle or no opportunity to test Mrs.
2336 1298 3078 1363 Fiske’s best powers, or even fe indicate
2339 1337 2598 1395 them faintly.
2357 1356 3080 1442 Her chances for triumph—if ohe may
2329 1416 3082 1474 mention that word in the case of such an
2320 1448 3064 1510 unexacting röle—lie rather in her ability
2320 1499 3068 1551 to leave undone just what her public.
2316 1514 3081 1597 might reasonably be led to expect her
2328 1566 3064 1620 to do. It is readily comprehensible, how¬
2322 1608 3070 1662 ever, that the desire to produce the little
2326 1649 3070 1702 play might appeal irresistibly to her as
2324 1684 3063 1736 a stage manager and a supporter ofthe
2324 1728 3061 1783 best that the contemporary theatre yields.
2348 1767 3069 1819 Hauptmann’s drama is not unknown
2328 1800 3057 1858 bere. It was almost new and had just
2324 1840 3070 1901 achieved fame for its author in Berlin,
2330 1879 3069 1929 when a version by C. H. Meitzer was per¬
2324 1920 3064 1978 formed—and not very adequately per¬
2316 1967 3077 2013 formed—at the Fifth Avenue Theatre
2318 1996 3075 2056 abeut sixteen years ago. Then it was
2326 2032 3078 2088 dismissed almost without a hearing and
2845 2073 3071 2129 has always
2323 2081 2606 2131 the New York
2813 2110 3072 2165 Hauptmann’s
2328 2116 2654 2171 remained indiffer
2911 2154 3080 2205 Sunken
2334 2157 2501 2208 genius, er
2935 2193 3074 2242 ties to
2340 2194 2422 2243 Bell,
2937 2230 3082 2291 ionally
2953 2291 3078 2361 other
2977 2334 3084 2399 hout
2974 2386 3074 2437 rely¬
3016 2412 3077 2474 of
2968 2454 3077 2515 the
3010 2493 3079 2546 n
3029 2538 3075 2594 S
3011 2580 3072 2628 88
3004 2691 3077 2750 bis
3008 2972 3052 3007 en
2991 3001 3056 3043 His
2956 3036 3053 3085 rings
2957 3066 3056 3109 reat
2929 3101 3065 3168 r own
2935 3154 3061 3222 vision
2923 3214 3057 3269 poetry
2904 3251 3079 3303 and its
2883 3287 3070 3339 de in the
2843 3322 3059 3364 beauties as
2814 3352 3065 3397 r all markets
2745 3383 3059 3428 eslightest knowl¬
2748 3417 3054 3463 t is undeniable
2323 3454 3053 3491 that many persons would find little to
2320 3488 3054 3524 interest them even in Mrs. Fiske’s produc¬
2315 3498 3061 3559 tion of the play which left fewofits merits
2322 3549 3054 3593 unrevealed. Yet its original and fresh
2322 3582 3058 3633 poetic charm —despite its sombre subject
2333 3609 2712 3660 —must find admirers.
2348 3629 3078 3676 Mrs. Fiske knew that to play success¬
2324 3669 3077 3720 fully a girl of 14 would be for her a histri¬
2322 3701 3070 3755 onic tour de force without adding mar
2326 3742 3055 3777 terially to her reputation. The Hysteri¬
2325 3773 3053 3807 cal, nervous. frightened state of the
2328 3803 3047 3842 child she depicted strikingly, although her
2325 3833 3061 3876 voice had no juvenile note. Her faith in
2331 3867 3054 3906 her religion and her resignation tothe re¬
2320 3899 3047 3950 wards death promised her were also suc¬
2328 3930 3058 3974 cessfully indicated, but it was her artis¬
2321 3953 3049 4007 tic and appreciative production of Haupt¬
2323 3996 3047 4032 mann'’s play rather than her performance
2324 4024 3051 4069 of" Hannele' that put New York theatre:
2320 4061 2989 4101 goers again under obligation to her.
2342 4094 3056 4129 Holbrook Blinn, Alice John and the
2356 4121 2617 4151 ther members C
2709 4118 3047 4163 Fiske's Conpalry
