<?xml version="1.0" encoding="UTF-8" standalone="yes"?>
<PcGts xmlns="http://schema.primaresearch.org/PAGE/gts/pagecontent/2013-07-15" xmlns:xsi="http://www.w3.org/2001/XMLSchema-instance" xsi:schemaLocation="http://schema.primaresearch.org/PAGE/gts/pagecontent/2013-07-15 http://schema.primaresearch.org/PAGE/gts/pagecontent/2013-07-15/pagecontent.xsd">
    <Metadata>
        <Creator>prov=University of Rostock/Institute of Mathematics/CITlab/Gundram Leifert/gundram.leifert@uni-rostock.de:name=ONB_Newseye_GT_M1+(htr_id=10810)::::v=2.4.2
prov=University of Rostock/Institute of Mathematics/CITlab/Tobias Gruening/tobias.gruening@uni-rostock.de:name=de.uros.citlab.module.baseline2polygon.B2PSeamMultiOriented:v=2.4.2
prov=University of Rostock/Institute of Mathematics/CITlab/Tobias Gruening/tobias.gruening@uni-rostock.de:name=/mnt/transkribus/LA/DEA/URO/LA_news_onb_att.pb:de.uros.citlab.segmentation.CITlab_LA_ML:v=2.4.2
Transkribus</Creator>
        <Created>2019-10-07T11:41:39.375+02:00</Created>
        <LastChange>2019-10-08T16:44:45.239+02:00</LastChange>
        <TranskribusMetadata docId="223987" pageId="9502538" pageNr="120" tsid="16601980" status="IN_PROGRESS" userId="40391" imgUrl="https://files.transkribus.eu/Get?id=KVUPNCPCFHNJYMXVMSGGZZSO&amp;fileType=view" xmlUrl="https://files.transkribus.eu/Get?id=XLVSVZXGPISJOGFYHZXFLLHX" imageId="6192756"/>
    </Metadata>
    <Page imageFilename="223987_0120.jpeg" imageWidth="3436" imageHeight="4256">
        <ReadingOrder>
            <OrderedGroup id="ro_1711447308858" caption="Regions reading order">
                <RegionRefIndexed index="0" regionRef="r1"/>
                <RegionRefIndexed index="1" regionRef="r2"/>
                <RegionRefIndexed index="2" regionRef="r3"/>
            </OrderedGroup>
        </ReadingOrder>
        <TextRegion orientation="0.0" id="r1" custom="readingOrder {index:0;}">
            <Coords points="268,201 268,259 1327,259 1327,201"/>
            <TextLine id="r1l1" custom="readingOrder {index:0;}">
                <Coords points="1026,234 1206,235 1224,226 1277,235 1334,222 1333,180 1284,188 1256,167 1211,186 1164,183 1137,167 1103,189 1077,172 1026,177"/>
                <Baseline points="1033,223 1059,224 1086,224 1113,224 1139,224 1166,223 1193,223 1220,222 1246,221 1273,221 1300,221 1327,221"/>
                <TextEquiv>
                    <Unicode>Kakadu</Unicode>
                </TextEquiv>
            </TextLine>
            <TextLine id="r1l2" custom="readingOrder {index:1;}">
                <Coords points="736,239 755,230 787,239 800,233 852,238 861,230 915,238 961,229 959,181 935,187 899,174 857,193 823,181 796,191 783,179 766,187 734,183"/>
                <Baseline points="743,231 769,227 795,224 821,223 848,224 874,224 900,224 926,224 953,221"/>
                <TextEquiv>
                    <Unicode>fruen</Unicode>
                </TextEquiv>
            </TextLine>
            <TextLine id="r1l3" custom="readingOrder {index:2;}">
                <Coords points="496,237 512,232 542,239 557,228 579,237 603,232 639,237 647,230 673,236 671,180 606,194 557,173 547,179 520,178 510,171 495,180"/>
                <Baseline points="503,231 530,227 557,225 584,225 611,225 638,225 665,223"/>
                <TextEquiv>
                    <Unicode>Der</Unicode>
                </TextEquiv>
            </TextLine>
            <TextLine id="r1l4" custom="readingOrder {index:3;}">
                <Coords points="260,232 350,267 448,242 530,273 871,250 1118,280 1327,260 1328,227 538,232 400,168 347,201 261,169"/>
                <Baseline points="268,222 320,229 373,234 425,239 478,242 531,245 583,247 636,248 688,249 741,249 794,249 846,249 899,248 951,247 1004,246 1057,245 1109,244 1162,243 1214,243 1267,242 1320,243"/>
                <TextEquiv>
                    <Unicode>9. 3.   enerentensetece 1</Unicode>
                </TextEquiv>
            </TextLine>
            <TextEquiv>
                <Unicode>Kakadu
fruen
Der
9. 3.   enerentensetece 1</Unicode>
            </TextEquiv>
        </TextRegion>
        <TextRegion orientation="0.0" id="r2" custom="readingOrder {index:1;}">
            <Coords points="1478,119 1478,275 1898,275 1898,119"/>
            <TextLine id="r2l1" custom="readingOrder {index:0;}">
                <Coords points="1470,236 1656,221 1745,244 1777,230 1805,243 1834,225 1905,231 1906,179 1885,166 1815,165 1795,179 1776,165 1696,163 1681,179 1622,182 1471,170"/>
                <Baseline points="1478,220 1504,219 1530,219 1556,219 1583,220 1609,221 1635,221 1661,222 1688,223 1714,223 1740,224 1766,224 1793,225 1819,224 1845,224 1871,223 1898,222"/>
                <TextEquiv>
                    <Unicode>box 15/2</Unicode>
                </TextEquiv>
            </TextLine>
            <TextEquiv>
                <Unicode>box 15/2</Unicode>
            </TextEquiv>
        </TextRegion>
        <TextRegion orientation="0.0" id="r3" custom="readingOrder {index:2;}">
            <Coords points="2135,398 2135,4167 3309,4167 3309,398"/>
            <TextLine id="r3l1" custom="readingOrder {index:0;}">
                <Coords points="2829,401 2892,398 3011,437 3033,461 3052,446 3179,443 3188,298 3153,317 3094,295 3018,306 2945,356 2869,318 2834,318"/>
                <Baseline points="2834,431 2860,425 2886,420 2912,418 2938,418 2964,420 2990,422 3016,425 3042,429 3068,432 3094,436 3120,438 3146,439 3172,438"/>
                <TextEquiv>
                    <Unicode>J4/0</Unicode>
                </TextEquiv>
            </TextLine>
            <TextLine id="r3l2" custom="readingOrder {index:1;}">
                <Coords points="2132,426 2166,438 2219,425 2263,445 2308,422 2387,451 2421,442 2424,354 2350,357 2302,325 2263,325 2250,338 2231,331 2197,359 2164,365 2135,347"/>
                <Baseline points="2139,426 2164,427 2189,427 2214,427 2239,427 2264,428 2289,428 2314,429 2339,430 2364,431 2389,433 2414,435"/>
                <TextEquiv>
                    <Unicode>#rn</Unicode>
                </TextEquiv>
            </TextLine>
            <TextLine id="r3l3" custom="readingOrder {index:2;}">
                <Coords points="2746,456 2762,460 2788,452 2804,441 2809,446 2821,443 2824,335 2813,336 2799,328 2796,331 2777,315 2751,310"/>
                <Baseline points="2754,438 2784,440 2814,440"/>
                <TextEquiv>
                    <Unicode>0</Unicode>
                </TextEquiv>
            </TextLine>
            <TextLine id="r3l4" custom="readingOrder {index:3;}">
                <Coords points="2953,515 2960,514 2967,506 2974,507 2977,505 2980,508 2986,504 2996,503 2990,442 2969,446 2964,442 2959,444 2953,440 2945,441"/>
                <Baseline points="2958,487 2987,484"/>
                <TextEquiv>
                    <Unicode>1</Unicode>
                </TextEquiv>
            </TextLine>
            <TextLine id="r3l5" custom="readingOrder {index:4;}">
                <Coords points="2554,514 2594,515 2602,522 2659,507 2702,512 2716,506 2714,466 2704,468 2694,458 2652,473 2633,464 2624,467 2593,444 2578,458 2552,469"/>
                <Baseline points="2560,496 2589,495 2619,494 2648,493 2678,491 2708,490"/>
                <TextEquiv>
                    <Unicode>S</Unicode>
                </TextEquiv>
            </TextLine>
            <TextLine id="r3l6" custom="readingOrder {index:5;}">
                <Coords points="2296,651 2882,646 2919,620 3140,648 3237,613 3236,559 3169,533 2954,577 2817,524 2666,565 2296,549"/>
                <Baseline points="2304,637 2350,636 2396,635 2442,635 2489,635 2535,635 2581,635 2628,635 2674,636 2720,636 2767,636 2813,636 2859,636 2905,636 2952,636 2998,635 3044,634 3091,633 3137,631 3183,629 3230,626"/>
                <TextEquiv>
                    <Unicode>Teatried</Unicode>
                </TextEquiv>
            </TextLine>
            <TextLine id="r3l7" custom="readingOrder {index:6;}">
                <Coords points="3048,769 3113,764 3129,778 3146,779 3169,765 3195,765 3203,773 3226,758 3241,760 3241,691 3205,686 3177,706 3141,694 3127,698 3107,683 3047,695"/>
                <Baseline points="3055,757 3080,756 3106,756 3132,756 3157,755 3183,755 3209,755 3235,755"/>
                <TextEquiv>
                    <Unicode>La</Unicode>
                </TextEquiv>
            </TextLine>
            <TextLine id="r3l8" custom="readingOrder {index:7;}">
                <Coords points="2191,838 2517,795 2896,810 3007,797 3006,758 2855,767 2813,743 2792,764 2754,733 2700,775 2368,745 2277,782 2189,769"/>
                <Baseline points="2198,813 2238,811 2278,808 2318,806 2358,804 2398,802 2438,801 2478,799 2518,797 2558,796 2598,795 2638,794 2678,793 2718,792 2758,791 2798,791 2838,790 2878,789 2918,788 2958,788 2999,787"/>
                <TextEquiv>
                    <Unicode>Apappagans Velde,, ur R. Schhltzler</Unicode>
                </TextEquiv>
            </TextLine>
            <TextLine id="r3l9" custom="readingOrder {index:8;}">
                <Coords points="3050,815 3139,824 3159,815 3202,826 3228,810 3250,809 3250,776 3213,780 3194,764 3186,770 3169,765 3156,778 3142,781 3109,771 3083,787 3049,769"/>
                <Baseline points="3057,811 3083,812 3110,812 3136,812 3163,811 3189,811 3216,810 3243,809"/>
                <TextEquiv>
                    <Unicode>e dimis:</Unicode>
                </TextEquiv>
            </TextLine>
            <TextLine id="r3l10" custom="readingOrder {index:9;}">
                <Coords points="3041,843 3069,864 3095,854 3157,862 3187,851 3204,861 3216,853 3241,860 3254,856 3255,825 3223,819 3203,828 3153,816 3141,825 3135,819 3102,823 3084,816 3064,820 3054,811 3041,815"/>
                <Baseline points="3047,846 3072,847 3097,848 3122,848 3147,848 3172,847 3197,848 3222,848 3247,850"/>
                <TextEquiv>
                    <Unicode>Kuove 0</Unicode>
                </TextEquiv>
            </TextLine>
            <TextLine id="r3l11" custom="readingOrder {index:10;}">
                <Coords points="2132,879 2142,876 2145,879 2147,875 2160,877 2168,869 2174,873 2184,869 2197,871 2183,755 2174,757 2162,772 2141,768 2120,780"/>
                <Baseline points="2137,857 2162,854 2187,851"/>
                <TextEquiv>
                    <Unicode></Unicode>
                </TextEquiv>
            </TextLine>
            <TextLine id="r3l12" custom="readingOrder {index:11;}">
                <Coords points="2370,857 2396,855 2423,878 2452,866 2472,882 2667,859 2684,873 2710,865 2775,880 2774,821 2703,817 2687,802 2645,823 2539,826 2477,805 2370,824"/>
                <Baseline points="2377,858 2403,858 2429,858 2455,858 2481,858 2507,858 2533,858 2559,857 2585,857 2611,856 2637,855 2663,855 2689,853 2715,853 2741,851 2767,850"/>
                <TextEquiv>
                    <Unicode>all' Argentina</Unicode>
                </TextEquiv>
            </TextLine>
            <TextLine id="r3l13" custom="readingOrder {index:12;}">
                <Coords points="3035,906 3061,904 3087,920 3104,919 3129,901 3169,897 3196,900 3217,914 3260,894 3260,873 3237,875 3191,853 3160,862 3094,855 3075,865 3059,857 3035,874"/>
                <Baseline points="3043,899 3069,897 3095,896 3121,895 3148,895 3174,895 3200,895 3226,894 3253,893"/>
                <TextEquiv>
                    <Unicode>Stanzi,</Unicode>
                </TextEquiv>
            </TextLine>
            <TextLine id="r3l14" custom="readingOrder {index:13;}">
                <Coords points="2190,925 2966,921 3005,915 3004,867 2189,881"/>
                <Baseline points="2197,912 2237,913 2277,914 2317,914 2357,915 2397,915 2437,915 2477,915 2517,915 2557,914 2597,914 2637,913 2677,912 2717,912 2757,910 2797,909 2837,908 2877,907 2917,906 2957,904 2997,903"/>
                <TextEquiv>
                    <Unicode>7 Un atto 9 — dice il cartellone;e vucl esse¬</Unicode>
                </TextEquiv>
            </TextLine>
            <TextLine id="r3l15" custom="readingOrder {index:14;}">
                <Coords points="3040,941 3131,953 3167,942 3186,948 3207,938 3246,955 3245,903 3212,913 3191,899 3165,910 3142,900 3128,912 3090,920 3072,909 3040,905"/>
                <Baseline points="3047,943 3074,941 3101,939 3129,939 3156,938 3184,938 3211,938 3239,937"/>
                <TextEquiv>
                    <Unicode>Dammo 1</Unicode>
                </TextEquiv>
            </TextLine>
            <TextLine id="r3l16" custom="readingOrder {index:15;}">
                <Coords points="2130,960 2166,974 2228,959 2295,972 2311,960 2520,964 2586,950 2585,924 2528,915 2480,930 2360,915 2265,932 2129,912"/>
                <Baseline points="2137,958 2163,957 2189,957 2215,957 2241,956 2267,956 2293,955 2319,955 2345,954 2371,954 2397,954 2423,953 2449,953 2475,952 2501,952 2527,951 2553,951 2579,950"/>
                <TextEquiv>
                    <Unicode>Pe un episodi0 Storico.</Unicode>
                </TextEquiv>
            </TextLine>
            <TextLine id="r3l17" custom="readingOrder {index:16;}">
                <Coords points="2206,1003 3248,969 3247,943 3022,933 2205,964"/>
                <Baseline points="2213,998 2264,998 2315,997 2367,996 2418,995 2470,994 2521,993 2572,992 2624,991 2675,989 2727,988 2778,986 2829,984 2881,982 2932,980 2984,978 3035,977 3086,975 3138,972 3189,970 3241,968"/>
                <TextEquiv>
                    <Unicode>dire it vero, non si capisce troppo facil-]zione presa</Unicode>
                </TextEquiv>
            </TextLine>
            <TextLine id="r3l18" custom="readingOrder {index:17;}">
                <Coords points="2137,1041 3250,1008 3183,975 2136,1002"/>
                <Baseline points="2144,1038 2201,1037 2259,1036 2317,1035 2375,1035 2433,1034 2491,1032 2548,1031 2606,1030 2664,1029 2722,1027 2780,1025 2838,1024 2895,1021 2953,1020 3011,1017 3069,1015 3127,1012 3185,1010 3243,1006"/>
                <TextEquiv>
                    <Unicode>mente che in quel 14 luglio 1789, in cui la ple¬ #della Stin</Unicode>
                </TextEquiv>
            </TextLine>
            <TextLine id="r3l19" custom="readingOrder {index:18;}">
                <Coords points="2135,1092 3253,1045 3251,1008 3210,1007 2134,1051"/>
                <Baseline points="2141,1072 2196,1074 2251,1074 2306,1074 2361,1075 2417,1074 2472,1074 2527,1073 2582,1072 2637,1070 2693,1069 2748,1067 2803,1065 2858,1062 2913,1060 2969,1057 3024,1054 3079,1050 3134,1047 3189,1044 3245,1040"/>
                <TextEquiv>
                    <Unicode>be dava Tassalto alla Bastiglia, potessero tro-seinte. Luhe</Unicode>
                </TextEquiv>
            </TextLine>
            <TextLine id="r3l20" custom="readingOrder {index:19;}">
                <Coords points="2130,1112 3254,1082 3253,1046 3123,1043 2130,1086"/>
                <Baseline points="2137,1110 2192,1111 2248,1112 2303,1112 2359,1113 2414,1113 2470,1112 2525,1112 2581,1110 2636,1109 2692,1108 2747,1106 2803,1103 2858,1101 2914,1097 2969,1094 3025,1089 3080,1086 3136,1081 3191,1076 3247,1070"/>
                <TextEquiv>
                    <Unicode>varsi ancorn a Parigi dei nobili i quali si di-Juna Tavoren</Unicode>
                </TextEquiv>
            </TextLine>
            <TextLine id="r3l21" custom="readingOrder {index:20;}">
                <Coords points="3018,1113 3066,1122 3086,1114 3102,1122 3142,1107 3172,1119 3252,1114 3251,1088 3213,1077 3180,1083 3169,1074 3146,1089 3106,1077 3082,1086 3075,1080 3045,1085 3018,1099"/>
                <Baseline points="3025,1113 3052,1111 3080,1110 3107,1110 3135,1110 3162,1111 3190,1111 3217,1111 3245,1110"/>
                <TextEquiv>
                    <Unicode>mente in d</Unicode>
                </TextEquiv>
            </TextLine>
            <TextLine id="r3l22" custom="readingOrder {index:21;}">
                <Coords points="3026,1152 3042,1154 3072,1139 3108,1158 3136,1147 3173,1150 3184,1139 3230,1151 3263,1138 3263,1123 3220,1113 3171,1119 3140,1108 3127,1119 3077,1122 3026,1114"/>
                <Baseline points="3033,1144 3060,1144 3088,1144 3116,1143 3144,1143 3171,1143 3199,1143 3227,1143 3255,1143"/>
                <TextEquiv>
                    <Unicode>le varie vic</Unicode>
                </TextEquiv>
            </TextLine>
            <TextLine id="r3l23" custom="readingOrder {index:22;}">
                <Coords points="2127,1143 2330,1166 3010,1144 3009,1097 2127,1124"/>
                <Baseline points="2135,1153 2178,1152 2221,1152 2265,1151 2308,1151 2351,1150 2395,1150 2438,1149 2481,1149 2525,1148 2568,1148 2611,1147 2655,1146 2698,1145 2741,1144 2785,1143 2828,1142 2871,1140 2915,1138 2958,1136 3002,1133"/>
                <TextEquiv>
                    <Unicode>vertissero a. frequemtare T’osterin del &amp; Pap¬</Unicode>
                </TextEquiv>
            </TextLine>
            <TextLine id="r3l24" custom="readingOrder {index:23;}">
                <Coords points="2128,1198 3248,1190 3248,1146 2128,1164"/>
                <Baseline points="2135,1196 2190,1194 2245,1192 2300,1191 2356,1189 2411,1188 2466,1187 2522,1186 2577,1184 2632,1184 2688,1182 2743,1182 2798,1181 2853,1180 2909,1179 2964,1179 3019,1178 3075,1178 3130,1177 3185,1177 3241,1176"/>
                <TextEquiv>
                    <Unicode>pagallo verde 9 — dove una compagnia di ri-Talla quale,</Unicode>
                </TextEquiv>
            </TextLine>
            <TextLine id="r3l25" custom="readingOrder {index:24;}">
                <Coords points="2128,1241 3259,1204 3020,1172 2127,1201"/>
                <Baseline points="2135,1233 2190,1233 2246,1232 2302,1231 2358,1230 2414,1229 2470,1228 2525,1227 2581,1225 2637,1224 2693,1222 2749,1221 2805,1220 2861,1218 2916,1217 2972,1216 3028,1215 3084,1214 3140,1213 3196,1212 3252,1211"/>
                <TextEquiv>
                    <Unicode>voluzienari meiteva in scena ogni giorno lepletamente</Unicode>
                </TextEquiv>
            </TextLine>
            <TextLine id="r3l26" custom="readingOrder {index:25;}">
                <Coords points="2137,1273 3222,1243 3212,1212 2136,1230"/>
                <Baseline points="2145,1271 2198,1271 2252,1270 2305,1269 2359,1269 2412,1268 2466,1267 2519,1266 2573,1265 2626,1263 2680,1262 2733,1260 2787,1259 2840,1257 2894,1255 2947,1254 3001,1251 3054,1249 3108,1247 3161,1244 3215,1242"/>
                <TextEquiv>
                    <Unicode>pid strataganti ribalderie per il gusto di lan-vin Italia.</Unicode>
                </TextEquiv>
            </TextLine>
            <TextLine id="r3l27" custom="readingOrder {index:26;}">
                <Coords points="3050,1283 3083,1292 3094,1282 3100,1288 3117,1280 3144,1291 3174,1281 3230,1290 3258,1279 3257,1226 3176,1254 3153,1256 3143,1249 3128,1257 3078,1244 3066,1254 3049,1252"/>
                <Baseline points="3057,1279 3084,1279 3112,1279 3140,1278 3167,1278 3195,1276 3223,1275 3251,1274"/>
                <TextEquiv>
                    <Unicode>La notizi:</Unicode>
                </TextEquiv>
            </TextLine>
            <TextLine id="r3l28" custom="readingOrder {index:27;}">
                <Coords points="2127,1300 2290,1322 3014,1297 3013,1267 2969,1256 2126,1270"/>
                <Baseline points="2135,1310 2178,1310 2222,1309 2265,1308 2309,1308 2352,1307 2396,1307 2439,1306 2483,1305 2526,1305 2570,1304 2614,1303 2657,1302 2701,1301 2744,1299 2788,1298 2831,1296 2875,1295 2918,1293 2962,1290 3006,1288"/>
                <TextEquiv>
                    <Unicode>ciare, con'T’aria di far per ischerzo, ferocissi¬</Unicode>
                </TextEquiv>
            </TextLine>
            <TextLine id="r3l29" custom="readingOrder {index:28;}">
                <Coords points="3010,1334 3042,1321 3088,1324 3105,1315 3139,1328 3185,1315 3225,1322 3260,1305 3260,1285 3228,1290 3174,1281 3148,1292 3115,1281 3104,1291 3077,1292 3038,1277 3009,1283"/>
                <Baseline points="3017,1317 3043,1316 3069,1316 3095,1316 3121,1315 3148,1315 3174,1315 3200,1314 3226,1313 3253,1311"/>
                <TextEquiv>
                    <Unicode>1o pitt inter</Unicode>
                </TextEquiv>
            </TextLine>
            <TextLine id="r3l30" custom="readingOrder {index:29;}">
                <Coords points="2128,1347 3004,1335 3003,1294 2455,1326 2127,1300"/>
                <Baseline points="2135,1347 2178,1347 2221,1347 2264,1346 2307,1346 2350,1346 2393,1345 2436,1345 2479,1344 2522,1344 2566,1343 2609,1342 2652,1341 2695,1340 2738,1338 2781,1337 2824,1335 2867,1333 2910,1332 2953,1329 2997,1327"/>
                <TextEquiv>
                    <Unicode>me comumelie all'indirizzo degli odiati arj¬</Unicode>
                </TextEquiv>
            </TextLine>
            <TextLine id="r3l31" custom="readingOrder {index:30;}">
                <Coords points="3020,1354 3070,1358 3112,1348 3148,1358 3177,1349 3204,1354 3203,1320 3193,1323 3185,1316 3146,1328 3126,1320 3108,1326 3101,1319 3086,1326 3065,1318 3049,1325 3019,1319"/>
                <Baseline points="3027,1352 3055,1350 3083,1349 3112,1348 3140,1348 3168,1348 3197,1349"/>
                <TextEquiv>
                    <Unicode>zione di</Unicode>
                </TextEquiv>
            </TextLine>
            <TextLine id="r3l32" custom="readingOrder {index:31;}">
                <Coords points="2139,1388 2824,1392 3010,1365 2996,1335 2139,1354"/>
                <Baseline points="2147,1385 2189,1385 2232,1385 2275,1385 2318,1385 2360,1384 2403,1384 2446,1383 2489,1383 2531,1382 2574,1381 2617,1380 2660,1379 2702,1378 2745,1377 2788,1375 2831,1373 2873,1371 2916,1369 2959,1366 3002,1364"/>
                <TextEquiv>
                    <Unicode>stecratiel. E dico che cio non si çapisce trop¬</Unicode>
                </TextEquiv>
            </TextLine>
            <TextLine id="r3l33" custom="readingOrder {index:32;}">
                <Coords points="3033,1395 3072,1382 3110,1390 3156,1377 3182,1392 3206,1379 3224,1391 3231,1384 3260,1388 3259,1349 3247,1347 3228,1357 3195,1345 3154,1358 3116,1349 3090,1361 3079,1352 3071,1360 3054,1352 3033,1358"/>
                <Baseline points="3040,1384 3066,1382 3093,1382 3119,1381 3146,1381 3173,1380 3199,1379 3226,1379 3253,1377"/>
                <TextEquiv>
                    <Unicode>mente da D</Unicode>
                </TextEquiv>
            </TextLine>
            <TextLine id="r3l34" custom="readingOrder {index:33;}">
                <Coords points="3035,1433 3093,1416 3118,1424 3138,1416 3153,1426 3175,1423 3191,1430 3213,1418 3252,1414 3251,1391 3232,1384 3224,1390 3214,1383 3188,1398 3155,1378 3116,1391 3073,1382 3034,1395"/>
                <Baseline points="3042,1420 3067,1418 3092,1417 3118,1417 3143,1417 3168,1417 3194,1416 3219,1415 3245,1413"/>
                <TextEquiv>
                    <Unicode>gli altri gli</Unicode>
                </TextEquiv>
            </TextLine>
            <TextLine id="r3l35" custom="readingOrder {index:34;}">
                <Coords points="2142,1426 3009,1418 2990,1369 2141,1396"/>
                <Baseline points="2149,1427 2191,1426 2234,1425 2276,1425 2319,1424 2362,1424 2404,1423 2447,1423 2489,1422 2532,1421 2575,1420 2617,1420 2660,1418 2702,1417 2745,1416 2788,1414 2830,1412 2873,1410 2915,1408 2958,1405 3001,1402"/>
                <TextEquiv>
                    <Unicode>Do, perché, se ben ricordo, la storia narra che</Unicode>
                </TextEquiv>
            </TextLine>
            <TextLine id="r3l36" custom="readingOrder {index:35;}">
                <Coords points="3054,1454 3089,1464 3111,1448 3131,1457 3208,1452 3235,1469 3261,1473 3260,1417 3154,1426 3139,1417 3118,1425 3098,1416 3054,1424"/>
                <Baseline points="3061,1448 3088,1450 3115,1451 3143,1451 3170,1450 3198,1448 3225,1448 3253,1447"/>
                <TextEquiv>
                    <Unicode>II Consig</Unicode>
                </TextEquiv>
            </TextLine>
            <TextLine id="r3l37" custom="readingOrder {index:36;}">
                <Coords points="2141,1465 2943,1463 3014,1457 3013,1414 2140,1429"/>
                <Baseline points="2147,1464 2190,1464 2233,1463 2276,1463 2319,1463 2362,1462 2405,1461 2448,1461 2491,1460 2534,1459 2577,1458 2620,1457 2663,1456 2706,1454 2749,1453 2792,1452 2835,1450 2878,1449 2921,1447 2964,1445 3007,1443"/>
                <TextEquiv>
                    <Unicode>gia prima di quel giorne Parigi era in balia</Unicode>
                </TextEquiv>
            </TextLine>
            <TextLine id="r3l38" custom="readingOrder {index:37;}">
                <Coords points="3034,1494 3077,1487 3092,1473 3118,1494 3128,1488 3154,1497 3186,1484 3202,1496 3218,1487 3235,1489 3234,1463 3208,1451 3162,1459 3156,1454 3150,1460 3134,1455 3126,1461 3110,1451 3082,1461 3053,1445 3033,1449"/>
                <Baseline points="3041,1485 3067,1485 3094,1485 3120,1485 3147,1484 3173,1484 3200,1483 3227,1481"/>
                <TextEquiv>
                    <Unicode>in questi</Unicode>
                </TextEquiv>
            </TextLine>
            <TextLine id="r3l39" custom="readingOrder {index:38;}">
                <Coords points="2135,1513 3016,1488 3015,1452 2959,1451 2135,1483"/>
                <Baseline points="2143,1501 2186,1501 2229,1501 2272,1500 2316,1500 2359,1499 2402,1498 2446,1498 2489,1497 2532,1497 2576,1496 2619,1494 2662,1494 2705,1492 2749,1491 2792,1489 2835,1488 2879,1486 2922,1484 2965,1482 3009,1480"/>
                <TextEquiv>
                    <Unicode>Togni sorfardi bandiß, che non scherzavano</Unicode>
                </TextEquiv>
            </TextLine>
            <TextLine id="r3l40" custom="readingOrder {index:39;}">
                <Coords points="3032,1529 3094,1520 3195,1527 3210,1519 3224,1529 3233,1518 3266,1513 3265,1476 3246,1475 3225,1492 3205,1494 3171,1486 3154,1496 3118,1493 3095,1475 3073,1492 3031,1490"/>
                <Baseline points="3039,1519 3066,1520 3094,1520 3121,1520 3149,1519 3176,1518 3204,1517 3231,1515 3259,1513"/>
                <TextEquiv>
                    <Unicode>mente in p.</Unicode>
                </TextEquiv>
            </TextLine>
            <TextLine id="r3l41" custom="readingOrder {index:40;}">
                <Coords points="2134,1526 2399,1551 3016,1532 3015,1489 2881,1485 2133,1507"/>
                <Baseline points="2141,1537 2184,1538 2227,1538 2271,1539 2314,1539 2358,1539 2401,1538 2444,1538 2488,1537 2531,1536 2575,1535 2618,1534 2661,1532 2705,1531 2748,1529 2792,1528 2835,1526 2878,1525 2922,1523 2965,1522 3009,1520"/>
                <TextEquiv>
                    <Unicode>davvero. Torme di vagabondi affamati erano</Unicode>
                </TextEquiv>
            </TextLine>
            <TextLine id="r3l42" custom="readingOrder {index:41;}">
                <Coords points="3036,1556 3129,1562 3149,1553 3157,1560 3167,1554 3216,1560 3261,1545 3261,1515 3234,1518 3223,1530 3213,1520 3194,1527 3036,1525"/>
                <Baseline points="3043,1555 3069,1553 3095,1552 3122,1552 3148,1552 3174,1552 3201,1553 3227,1553 3254,1552"/>
                <TextEquiv>
                    <Unicode>inconvenie.</Unicode>
                </TextEquiv>
            </TextLine>
            <TextLine id="r3l43" custom="readingOrder {index:42;}">
                <Coords points="2138,1584 3010,1576 3017,1532 2137,1547"/>
                <Baseline points="2145,1578 2188,1577 2231,1577 2274,1576 2318,1575 2361,1575 2404,1574 2448,1574 2491,1574 2534,1573 2578,1572 2621,1572 2664,1571 2707,1570 2751,1569 2794,1567 2837,1566 2881,1564 2924,1562 2967,1560 3011,1557"/>
                <TextEquiv>
                    <Unicode>venute dalla provincia. e dai bassi fendi della</Unicode>
                </TextEquiv>
            </TextLine>
            <TextLine id="r3l44" custom="readingOrder {index:43;}">
                <Coords points="2148,1616 2947,1615 3252,1592 3251,1557 2147,1585"/>
                <Baseline points="2155,1615 2209,1616 2264,1616 2318,1616 2373,1615 2427,1615 2482,1614 2536,1613 2591,1612 2645,1610 2700,1608 2754,1607 2809,1604 2863,1602 2918,1599 2972,1597 3027,1594 3081,1591 3136,1588 3190,1585 3245,1582"/>
                <TextEquiv>
                    <Unicode>grande cifta si era gia scatenata da marma-Tvarl teutri</Unicode>
                </TextEquiv>
            </TextLine>
            <TextLine id="r3l45" custom="readingOrder {index:44;}">
                <Coords points="3041,1629 3086,1620 3109,1631 3123,1621 3196,1629 3246,1619 3266,1625 3265,1592 3253,1590 3145,1596 3128,1586 3077,1595 3040,1589"/>
                <Baseline points="3048,1620 3074,1620 3100,1620 3126,1619 3153,1618 3179,1617 3205,1616 3231,1615 3258,1616"/>
                <TextEquiv>
                    <Unicode>11 il nostre</Unicode>
                </TextEquiv>
            </TextLine>
            <TextLine id="r3l46" custom="readingOrder {index:45;}">
                <Coords points="2140,1666 2955,1653 3016,1634 3016,1606 2140,1638"/>
                <Baseline points="2147,1657 2190,1656 2233,1655 2276,1654 2319,1653 2362,1653 2405,1652 2448,1652 2491,1651 2534,1651 2578,1650 2621,1649 2664,1648 2707,1647 2750,1646 2793,1645 2836,1644 2879,1641 2922,1640 2965,1637 3009,1635"/>
                <TextEquiv>
                    <Unicode>glia, che commetteva di giorno e di notte in¬</Unicode>
                </TextEquiv>
            </TextLine>
            <TextLine id="r3l47" custom="readingOrder {index:46;}">
                <Coords points="3037,1657 3065,1666 3080,1655 3106,1663 3131,1650 3142,1658 3199,1663 3240,1652 3250,1661 3267,1659 3266,1626 3246,1619 3209,1628 3196,1621 3186,1628 3143,1622 3123,1640 3079,1620 3057,1629 3037,1625"/>
                <Baseline points="3045,1653 3071,1653 3098,1652 3125,1651 3152,1649 3179,1647 3206,1647 3233,1648 3260,1651"/>
                <TextEquiv>
                    <Unicode>alla ricesti</Unicode>
                </TextEquiv>
            </TextLine>
            <TextLine id="r3l48" custom="readingOrder {index:47;}">
                <Coords points="3039,1693 3103,1697 3150,1689 3192,1700 3210,1689 3235,1694 3256,1683 3271,1686 3269,1653 3250,1661 3225,1653 3214,1664 3136,1658 3128,1651 3112,1661 3084,1657 3065,1665 3037,1656"/>
                <Baseline points="3045,1689 3072,1687 3099,1687 3126,1686 3154,1685 3181,1684 3208,1683 3235,1681 3263,1679"/>
                <TextEquiv>
                    <Unicode>ministrazio</Unicode>
                </TextEquiv>
            </TextLine>
            <TextLine id="r3l49" custom="readingOrder {index:48;}">
                <Coords points="2148,1705 3026,1692 3025,1651 2900,1641 2148,1669"/>
                <Baseline points="2155,1692 2198,1692 2241,1692 2284,1691 2327,1691 2370,1690 2413,1690 2457,1690 2500,1689 2543,1689 2586,1688 2629,1687 2672,1686 2715,1685 2759,1684 2802,1683 2845,1682 2888,1680 2931,1679 2974,1677 3018,1675"/>
                <TextEquiv>
                    <Unicode>Humerevoli atti di violenza. Si saccheggiavano</Unicode>
                </TextEquiv>
            </TextLine>
            <TextLine id="r3l50" custom="readingOrder {index:49;}">
                <Coords points="3043,1728 3095,1722 3122,1732 3140,1723 3182,1732 3197,1723 3212,1733 3278,1712 3278,1700 3253,1688 3210,1690 3191,1699 3150,1689 3094,1699 3086,1691 3043,1693"/>
                <Baseline points="3050,1722 3077,1720 3105,1720 3132,1720 3160,1721 3188,1721 3215,1721 3243,1720 3271,1716"/>
                <TextEquiv>
                    <Unicode>Bortini, ha</Unicode>
                </TextEquiv>
            </TextLine>
            <TextLine id="r3l51" custom="readingOrder {index:50;}">
                <Coords points="2138,1745 2930,1731 3018,1717 3018,1688 2137,1698"/>
                <Baseline points="2145,1730 2188,1730 2231,1730 2274,1730 2318,1730 2361,1730 2404,1730 2448,1729 2491,1728 2534,1728 2578,1727 2621,1726 2664,1725 2707,1724 2751,1722 2794,1721 2837,1720 2881,1719 2924,1717 2967,1716 3011,1714"/>
                <TextEquiv>
                    <Unicode>1e botteghe; nomini armati di piechee di spie¬</Unicode>
                </TextEquiv>
            </TextLine>
            <TextLine id="r3l52" custom="readingOrder {index:51;}">
                <Coords points="3038,1761 3065,1768 3084,1759 3091,1767 3099,1759 3182,1761 3213,1750 3231,1764 3262,1755 3286,1764 3286,1725 3275,1722 3196,1721 3182,1731 3139,1724 3118,1731 3095,1722 3067,1732 3038,1728"/>
                <Baseline points="3045,1757 3071,1754 3097,1754 3123,1754 3149,1754 3175,1755 3201,1756 3227,1756 3253,1755 3279,1752"/>
                <TextEquiv>
                    <Unicode>missioni pe</Unicode>
                </TextEquiv>
            </TextLine>
            <TextLine id="r3l53" custom="readingOrder {index:52;}">
                <Coords points="2150,1777 3029,1764 3018,1712 2150,1743"/>
                <Baseline points="2157,1769 2200,1769 2243,1769 2286,1769 2330,1769 2373,1769 2416,1769 2459,1768 2503,1767 2546,1766 2589,1766 2632,1765 2676,1763 2719,1762 2762,1761 2805,1760 2849,1758 2892,1757 2935,1756 2978,1754 3022,1753"/>
                <TextEquiv>
                    <Unicode>li violavano il domicilio dei cittadini agiali</Unicode>
                </TextEquiv>
            </TextLine>
            <TextLine id="r3l54" custom="readingOrder {index:53;}">
                <Coords points="3046,1800 3068,1793 3086,1800 3102,1792 3172,1799 3214,1786 3236,1802 3250,1789 3286,1783 3286,1763 3266,1756 3224,1765 3202,1758 3046,1763"/>
                <Baseline points="3053,1789 3078,1787 3103,1786 3128,1786 3153,1787 3178,1788 3203,1789 3228,1789 3253,1787 3278,1784"/>
                <TextEquiv>
                    <Unicode>serizioni de</Unicode>
                </TextEquiv>
            </TextLine>
            <TextLine id="r3l55" custom="readingOrder {index:54;}">
                <Coords points="2149,1808 3026,1803 3025,1763 2989,1757 2149,1781"/>
                <Baseline points="2157,1811 2200,1811 2243,1810 2286,1810 2329,1809 2372,1809 2415,1808 2458,1807 2501,1807 2544,1806 2588,1805 2631,1804 2674,1803 2717,1802 2760,1801 2803,1799 2846,1798 2889,1797 2932,1795 2975,1793 3019,1792"/>
                <TextEquiv>
                    <Unicode>per farsi dar da beree da mangiare; donnaccie</Unicode>
                </TextEquiv>
            </TextLine>
            <TextLine id="r3l56" custom="readingOrder {index:55;}">
                <Coords points="3030,1823 3053,1834 3076,1826 3213,1830 3227,1822 3257,1835 3280,1832 3279,1796 3256,1790 3236,1799 3213,1786 3172,1799 3102,1792 3030,1800"/>
                <Baseline points="3037,1827 3063,1824 3089,1822 3115,1820 3141,1820 3168,1820 3194,1820 3220,1820 3246,1820 3273,1819"/>
                <TextEquiv>
                    <Unicode>per parte d.</Unicode>
                </TextEquiv>
            </TextLine>
            <TextLine id="r3l57" custom="readingOrder {index:56;}">
                <Coords points="2149,1857 2994,1842 3020,1803 2148,1829"/>
                <Baseline points="2155,1849 2197,1849 2240,1848 2283,1848 2326,1847 2369,1847 2412,1846 2455,1845 2498,1844 2541,1844 2584,1843 2626,1842 2669,1841 2712,1839 2755,1839 2798,1837 2841,1836 2884,1835 2927,1834 2970,1833 3013,1831"/>
                <TextEquiv>
                    <Unicode>simili a furie scorazzavano per le vie strap¬</Unicode>
                </TextEquiv>
            </TextLine>
            <TextLine id="r3l58" custom="readingOrder {index:57;}">
                <Coords points="3043,1879 3088,1858 3142,1866 3162,1858 3176,1866 3193,1860 3243,1865 3252,1858 3275,1871 3274,1831 3252,1834 3229,1821 3213,1830 3096,1831 3090,1825 3042,1835"/>
                <Baseline points="3049,1860 3076,1858 3103,1857 3130,1857 3158,1857 3185,1857 3212,1857 3239,1857 3267,1855"/>
                <TextEquiv>
                    <Unicode>presentava.</Unicode>
                </TextEquiv>
            </TextLine>
            <TextLine id="r3l59" custom="readingOrder {index:58;}">
                <Coords points="2150,1900 3028,1881 3027,1835 2149,1854"/>
                <Baseline points="2157,1888 2200,1887 2243,1886 2286,1885 2329,1885 2373,1884 2416,1884 2459,1883 2502,1883 2545,1882 2589,1881 2632,1881 2675,1880 2718,1879 2761,1878 2805,1876 2848,1875 2891,1873 2934,1871 2977,1869 3021,1866"/>
                <TextEquiv>
                    <Unicode>panido gli erecchini alle signore; diecine e die.</Unicode>
                </TextEquiv>
            </TextLine>
            <TextLine id="r3l60" custom="readingOrder {index:59;}">
                <Coords points="3067,1900 3084,1905 3117,1890 3129,1901 3150,1901 3197,1888 3233,1900 3275,1887 3275,1862 3251,1859 3236,1866 3207,1859 3176,1866 3150,1858 3143,1866 3124,1866 3116,1858 3089,1858 3067,1865"/>
                <Baseline points="3074,1889 3101,1889 3129,1889 3157,1889 3184,1888 3212,1888 3240,1889 3268,1891"/>
                <TextEquiv>
                    <Unicode>E. per Ie 8</Unicode>
                </TextEquiv>
            </TextLine>
            <TextLine id="r3l61" custom="readingOrder {index:60;}">
                <Coords points="2155,1938 3028,1917 3027,1877 2922,1868 2154,1898"/>
                <Baseline points="2161,1921 2206,1922 2251,1922 2296,1922 2341,1922 2387,1922 2432,1922 2477,1921 2522,1920 2567,1920 2613,1919 2658,1918 2703,1917 2748,1916 2793,1914 2839,1913 2884,1912 2929,1909 2974,1908 3020,1906"/>
                <TextEquiv>
                    <Unicode>eine di migliaia di pezzenti spadroneggavano</Unicode>
                </TextEquiv>
            </TextLine>
            <TextLine id="r3l62" custom="readingOrder {index:61;}">
                <Coords points="3044,1931 3066,1937 3081,1929 3128,1933 3149,1926 3210,1937 3250,1926 3282,1935 3281,1885 3233,1900 3196,1890 3149,1902 3117,1889 3085,1905 3043,1888"/>
                <Baseline points="3051,1927 3079,1925 3107,1924 3135,1924 3163,1925 3191,1925 3219,1925 3247,1924 3275,1922"/>
                <TextEquiv>
                    <Unicode>Jontanino de</Unicode>
                </TextEquiv>
            </TextLine>
            <TextLine id="r3l63" custom="readingOrder {index:62;}">
                <Coords points="2152,1982 2858,1945 3021,1965 3020,1916 2151,1941"/>
                <Baseline points="2158,1964 2200,1963 2243,1963 2286,1963 2329,1962 2371,1962 2414,1962 2457,1961 2500,1960 2542,1960 2585,1959 2628,1958 2671,1957 2713,1956 2756,1954 2799,1953 2842,1952 2884,1950 2927,1948 2970,1946 3013,1943"/>
                <TextEquiv>
                    <Unicode>per tutta la cifta, senza che riuseisse a tenerli</Unicode>
                </TextEquiv>
            </TextLine>
            <TextLine id="r3l64" custom="readingOrder {index:63;}">
                <Coords points="3046,1970 3110,1962 3160,1969 3170,1961 3194,1970 3212,1960 3221,1966 3230,1959 3282,1961 3281,1934 3260,1928 3246,1937 3219,1931 3187,1938 3161,1927 3127,1934 3111,1925 3069,1936 3045,1931"/>
                <Baseline points="3053,1963 3080,1962 3108,1961 3136,1959 3164,1958 3191,1957 3219,1956 3247,1956 3275,1956"/>
                <TextEquiv>
                    <Unicode>stitnzione 1.</Unicode>
                </TextEquiv>
            </TextLine>
            <TextLine id="r3l65" custom="readingOrder {index:64;}">
                <Coords points="3043,2016 3059,2018 3085,1997 3100,1996 3139,2010 3174,1996 3210,2006 3252,1996 3271,2001 3286,1996 3284,1955 3264,1966 3252,1958 3226,1966 3213,1960 3195,1971 3172,1962 3134,1971 3114,1961 3087,1970 3058,1965 3041,1975"/>
                <Baseline points="3049,1997 3074,1996 3100,1996 3125,1995 3151,1995 3176,1994 3202,1993 3227,1991 3253,1988 3279,1984"/>
                <TextEquiv>
                    <Unicode>taltaniglzig</Unicode>
                </TextEquiv>
            </TextLine>
            <TextLine id="r3l66" custom="readingOrder {index:65;}">
                <Coords points="2153,2006 3024,1989 3023,1955 2917,1950 2153,1980"/>
                <Baseline points="2161,2004 2203,2004 2246,2004 2289,2003 2332,2003 2375,2002 2417,2001 2460,2001 2503,2000 2546,1999 2589,1998 2631,1997 2674,1996 2717,1995 2760,1993 2803,1992 2845,1991 2888,1990 2931,1988 2974,1987 3017,1986"/>
                <TextEquiv>
                    <Unicode>u. freno la. guardia nazionale. Parigi era, in¬</Unicode>
                </TextEquiv>
            </TextLine>
            <TextLine id="r3l67" custom="readingOrder {index:66;}">
                <Coords points="3072,2029 3112,2041 3148,2024 3170,2038 3197,2031 3221,2040 3292,2021 3292,1991 3235,2004 3205,1994 3199,2000 3175,1995 3165,2005 3071,1998"/>
                <Baseline points="3079,2027 3104,2028 3130,2028 3156,2028 3182,2028 3208,2027 3234,2026 3260,2025 3286,2024"/>
                <TextEquiv>
                    <Unicode>Le diteus</Unicode>
                </TextEquiv>
            </TextLine>
            <TextLine id="r3l68" custom="readingOrder {index:67;}">
                <Coords points="2153,2044 3022,2032 3033,1982 2152,2008"/>
                <Baseline points="2160,2044 2203,2043 2246,2042 2290,2041 2333,2040 2376,2040 2420,2039 2463,2039 2506,2038 2550,2038 2593,2037 2636,2036 2680,2036 2723,2035 2766,2033 2810,2032 2853,2030 2896,2029 2940,2027 2983,2025 3027,2022"/>
                <TextEquiv>
                    <Unicode>sommna, in mano alla plebaglia. Comne poteva</Unicode>
                </TextEquiv>
            </TextLine>
            <TextLine id="r3l69" custom="readingOrder {index:68;}">
                <Coords points="3044,2073 3091,2067 3107,2078 3143,2064 3158,2075 3176,2066 3215,2077 3233,2062 3289,2068 3287,2026 3221,2037 3192,2031 3169,2037 3150,2027 3110,2040 3060,2021 3042,2026"/>
                <Baseline points="3051,2069 3076,2065 3102,2063 3127,2061 3153,2061 3178,2061 3204,2061 3229,2060 3255,2059 3281,2055"/>
                <TextEquiv>
                    <Unicode>giorni in 80</Unicode>
                </TextEquiv>
            </TextLine>
            <TextLine id="r3l70" custom="readingOrder {index:69;}">
                <Coords points="2152,2088 3030,2074 3029,2037 2984,2022 2152,2054"/>
                <Baseline points="2159,2080 2202,2080 2245,2079 2288,2079 2331,2078 2375,2078 2418,2077 2461,2077 2504,2076 2547,2076 2591,2076 2634,2075 2677,2074 2720,2073 2763,2073 2807,2072 2850,2070 2893,2069 2936,2067 2979,2065 3023,2063"/>
                <TextEquiv>
                    <Unicode>dunque acchdere che signeri e'signore della</Unicode>
                </TextEquiv>
            </TextLine>
            <TextLine id="r3l71" custom="readingOrder {index:70;}">
                <Coords points="3043,2098 3069,2108 3082,2099 3129,2107 3143,2099 3171,2108 3203,2096 3243,2104 3254,2093 3263,2100 3295,2086 3296,2071 3237,2059 3216,2077 3177,2066 3154,2073 3143,2065 3106,2078 3090,2067 3042,2074"/>
                <Baseline points="3051,2100 3077,2100 3103,2100 3130,2099 3156,2098 3183,2097 3209,2096 3236,2093 3262,2091 3289,2087"/>
                <TextEquiv>
                    <Unicode>ne sono Sta</Unicode>
                </TextEquiv>
            </TextLine>
            <TextLine id="r3l72" custom="readingOrder {index:71;}">
                <Coords points="2152,2123 2977,2117 3028,2106 3028,2076 2152,2100"/>
                <Baseline points="2159,2120 2202,2119 2245,2118 2288,2118 2331,2117 2374,2117 2417,2116 2460,2116 2503,2116 2546,2115 2590,2115 2633,2114 2676,2114 2719,2113 2762,2112 2805,2111 2848,2110 2891,2109 2934,2107 2977,2105 3021,2103"/>
                <TextEquiv>
                    <Unicode>Hobilta prendessero come un innocuo spasso</Unicode>
                </TextEquiv>
            </TextLine>
            <TextLine id="r3l73" custom="readingOrder {index:72;}">
                <Coords points="2148,2166 3016,2156 3269,2136 3294,2085 2147,2130"/>
                <Baseline points="2155,2158 2211,2157 2268,2157 2324,2157 2381,2156 2438,2155 2494,2155 2551,2154 2607,2153 2664,2152 2721,2151 2777,2149 2834,2148 2890,2146 2947,2144 3004,2141 3060,2138 3117,2135 3173,2131 3230,2127 3287,2122"/>
                <TextEquiv>
                    <Unicode>all spettaceli dell’esteria di Prospero, neiIsianfo assol</Unicode>
                </TextEquiv>
            </TextLine>
            <TextLine id="r3l74" custom="readingOrder {index:73;}">
                <Coords points="2156,2196 2915,2196 3299,2170 3302,2127 2155,2171"/>
                <Baseline points="2163,2197 2219,2197 2276,2196 2332,2196 2389,2196 2446,2195 2502,2194 2559,2193 2615,2192 2672,2191 2729,2189 2785,2188 2842,2185 2898,2183 2955,2179 3012,2176 3068,2173 3125,2169 3181,2165 3238,2159 3295,2154"/>
                <TextEquiv>
                    <Unicode>quali balenava, dietro il sogglligno dellivo-Thei primi m.</Unicode>
                </TextEquiv>
            </TextLine>
            <TextLine id="r3l75" custom="readingOrder {index:74;}">
                <Coords points="3041,2198 3067,2209 3078,2199 3156,2212 3194,2202 3208,2213 3251,2193 3278,2204 3293,2196 3293,2169 3263,2170 3254,2179 3226,2167 3192,2175 3147,2168 3138,2176 3123,2165 3102,2175 3041,2175"/>
                <Baseline points="3049,2203 3075,2202 3101,2200 3128,2199 3154,2198 3181,2198 3207,2198 3234,2197 3260,2197 3287,2197"/>
                <TextEquiv>
                    <Unicode>vacissimou</Unicode>
                </TextEquiv>
            </TextLine>
            <TextLine id="r3l76" custom="readingOrder {index:75;}">
                <Coords points="2154,2238 3050,2242 3049,2185 2153,2208"/>
                <Baseline points="2161,2235 2205,2235 2249,2235 2293,2234 2337,2234 2381,2233 2425,2233 2469,2232 2513,2232 2557,2231 2602,2230 2646,2230 2690,2229 2734,2228 2778,2228 2822,2227 2866,2226 2910,2226 2954,2225 2998,2225 3043,2224"/>
                <TextEquiv>
                    <Unicode>nia. P’odio di quella plebe giä padrona?</Unicode>
                </TextEquiv>
            </TextLine>
            <TextLine id="r3l77" custom="readingOrder {index:76;}">
                <Coords points="3051,2257 3121,2232 3169,2233 3193,2244 3201,2235 3220,2243 3246,2233 3284,2240 3283,2207 3251,2193 3209,2212 3196,2202 3172,2203 3162,2212 3109,2202 3075,2202 3066,2210 3049,2205"/>
                <Baseline points="3057,2235 3084,2235 3112,2235 3139,2235 3167,2234 3194,2233 3222,2231 3249,2229 3277,2227"/>
                <TextEquiv>
                    <Unicode>chie il sig.</Unicode>
                </TextEquiv>
            </TextLine>
            <TextLine id="r3l78" custom="readingOrder {index:77;}">
                <Coords points="3083,2279 3101,2284 3123,2270 3187,2278 3205,2270 3214,2274 3220,2266 3238,2274 3250,2266 3273,2272 3298,2261 3298,2246 3285,2246 3270,2233 3222,2242 3201,2234 3188,2244 3169,2233 3149,2238 3127,2231 3081,2245"/>
                <Baseline points="3089,2266 3114,2268 3139,2269 3164,2270 3190,2268 3215,2266 3240,2263 3265,2260 3291,2257"/>
                <TextEquiv>
                    <Unicode>Walter Me¬</Unicode>
                </TextEquiv>
            </TextLine>
            <TextLine id="r3l79" custom="readingOrder {index:78;}">
                <Coords points="2157,2287 3045,2259 2981,2225 2157,2244"/>
                <Baseline points="2165,2277 2208,2276 2252,2276 2295,2275 2339,2275 2383,2274 2426,2274 2470,2273 2513,2272 2557,2271 2601,2270 2644,2269 2688,2268 2731,2267 2775,2266 2819,2265 2862,2264 2906,2262 2949,2261 2993,2259 3037,2258"/>
                <TextEquiv>
                    <Unicode>per di pinl, proprio mentre tuohava Mcannone</Unicode>
                </TextEquiv>
            </TextLine>
            <TextLine id="r3l80" custom="readingOrder {index:79;}">
                <Coords points="2150,2315 3293,2310 3292,2264 2150,2286"/>
                <Baseline points="2157,2316 2213,2315 2269,2314 2326,2314 2382,2313 2439,2312 2495,2311 2552,2309 2608,2308 2665,2307 2721,2306 2777,2305 2834,2304 2890,2303 2947,2302 3003,2301 3060,2300 3116,2300 3173,2299 3229,2299 3286,2299"/>
                <TextEquiv>
                    <Unicode>alla Bastiglia? — O i0 mni sbäglio, o bisogna. #e telegrafa</Unicode>
                </TextEquiv>
            </TextLine>
            <TextLine id="r3l81" custom="readingOrder {index:80;}">
                <Coords points="2160,2352 2923,2367 3023,2329 3293,2334 3271,2302 3050,2296 2159,2315"/>
                <Baseline points="2167,2354 2225,2353 2284,2352 2343,2351 2402,2350 2461,2349 2520,2348 2579,2347 2638,2346 2697,2345 2755,2344 2814,2343 2873,2342 2932,2341 2991,2339 3050,2338 3109,2336 3168,2334 3227,2333 3286,2331"/>
                <TextEquiv>
                    <Unicode>dunque dire che Pantore di quesio episode #lando d sm</Unicode>
                </TextEquiv>
            </TextLine>
            <TextLine id="r3l82" custom="readingOrder {index:81;}">
                <Coords points="3073,2373 3101,2379 3140,2371 3156,2382 3179,2383 3206,2367 3242,2382 3260,2367 3287,2369 3286,2339 3243,2346 3209,2337 3191,2348 3165,2338 3135,2345 3120,2338 3072,2350"/>
                <Baseline points="3081,2371 3109,2372 3137,2371 3166,2371 3194,2369 3223,2368 3251,2366 3280,2364"/>
                <TextEquiv>
                    <Unicode>Certo lo</Unicode>
                </TextEquiv>
            </TextLine>
            <TextLine id="r3l83" custom="readingOrder {index:82;}">
                <Coords points="2155,2387 3002,2391 3047,2369 3047,2333 2918,2363 2748,2343 2155,2370"/>
                <Baseline points="2163,2393 2206,2392 2250,2391 2294,2391 2338,2390 2382,2390 2426,2390 2469,2389 2513,2388 2557,2388 2601,2387 2645,2387 2689,2386 2733,2385 2776,2384 2820,2383 2864,2381 2908,2380 2952,2378 2996,2376 3040,2374"/>
                <TextEquiv>
                    <Unicode>storico-drammatico ha troppo deduto 1½a¬</Unicode>
                </TextEquiv>
            </TextLine>
            <TextLine id="r3l84" custom="readingOrder {index:83;}">
                <Coords points="2161,2435 3315,2417 3313,2368 3259,2367 2160,2408"/>
                <Baseline points="2168,2430 2227,2430 2287,2430 2347,2430 2407,2430 2467,2429 2527,2428 2587,2427 2647,2425 2707,2424 2767,2422 2827,2419 2887,2417 2947,2414 3007,2412 3067,2408 3127,2405 3187,2402 3247,2398 3307,2394"/>
                <TextEquiv>
                    <Unicode>inore dei contrastie ha voluto che T'azione si# liricn del Ce.</Unicode>
                </TextEquiv>
            </TextLine>
            <TextLine id="r3l85" custom="readingOrder {index:84;}">
                <Coords points="3053,2448 3112,2440 3160,2449 3206,2439 3224,2446 3248,2438 3296,2442 3295,2407 3266,2403 3191,2414 3179,2406 3171,2415 3138,2407 3116,2421 3073,2410 3051,2415"/>
                <Baseline points="3059,2441 3084,2440 3110,2440 3135,2439 3161,2438 3186,2438 3212,2437 3237,2436 3263,2434 3289,2430"/>
                <TextEquiv>
                    <Unicode>be stato des</Unicode>
                </TextEquiv>
            </TextLine>
            <TextLine id="r3l86" custom="readingOrder {index:85;}">
                <Coords points="2167,2465 2976,2471 3045,2447 3045,2421 2167,2434"/>
                <Baseline points="2174,2469 2217,2469 2260,2469 2303,2469 2346,2469 2390,2469 2433,2468 2476,2468 2519,2467 2562,2466 2606,2465 2649,2464 2692,2463 2735,2462 2778,2460 2822,2459 2865,2458 2908,2456 2951,2455 2994,2453 3038,2451"/>
                <TextEquiv>
                    <Unicode>svolgesse nei giorno della presä della Basti¬</Unicode>
                </TextEquiv>
            </TextLine>
            <TextLine id="r3l87" custom="readingOrder {index:86;}">
                <Coords points="3225,2474 3245,2479 3261,2472 3270,2480 3278,2471 3291,2475 3299,2466 3309,2469 3309,2445 3300,2445 3286,2437 3277,2444 3263,2437 3224,2443"/>
                <Baseline points="3232,2470 3267,2466 3302,2468"/>
                <TextEquiv>
                    <Unicode>DDE</Unicode>
                </TextEquiv>
            </TextLine>
            <TextLine id="r3l88" custom="readingOrder {index:87;}">
                <Coords points="2168,2521 2980,2510 3039,2494 3039,2464 2167,2471"/>
                <Baseline points="2174,2510 2216,2510 2259,2509 2302,2509 2345,2508 2388,2507 2431,2506 2474,2506 2517,2505 2560,2504 2603,2503 2645,2502 2688,2502 2731,2501 2774,2500 2817,2499 2860,2498 2903,2497 2946,2496 2989,2495 3032,2494"/>
                <TextEquiv>
                    <Unicode>glia per darle un finale ad effétto, non pen¬</Unicode>
                </TextEquiv>
            </TextLine>
            <TextLine id="r3l89" custom="readingOrder {index:88;}">
                <Coords points="3060,2526 3068,2525 3082,2515 3088,2515 3091,2512 3106,2519 3113,2518 3107,2456 3097,2455 3096,2457 3093,2454 3088,2459 3083,2455 3072,2458 3066,2455 3054,2456"/>
                <Baseline points="3067,2511 3104,2508"/>
                <TextEquiv>
                    <Unicode>b0</Unicode>
                </TextEquiv>
            </TextLine>
            <TextLine id="r3l90" custom="readingOrder {index:89;}">
                <Coords points="2166,2549 2862,2567 3039,2531 3112,2554 3112,2519 2940,2495 2165,2519"/>
                <Baseline points="2173,2547 2219,2547 2266,2547 2312,2547 2359,2547 2406,2546 2452,2545 2499,2544 2545,2543 2592,2542 2639,2541 2685,2540 2732,2539 2778,2538 2825,2537 2872,2537 2918,2537 2965,2538 3011,2539 3058,2540 3105,2542"/>
                <TextEquiv>
                    <Unicode>sando che non v'é ormad persond ccitn la qua-se</Unicode>
                </TextEquiv>
            </TextLine>
            <TextLine id="r3l91" custom="readingOrder {index:90;}">
                <Coords points="3066,2588 3080,2589 3086,2582 3092,2580 3108,2585 3112,2581 3123,2580 3119,2545 3110,2546 3105,2552 3099,2550 3092,2553 3086,2549 3084,2552 3076,2552 3072,2548 3068,2552 3061,2553"/>
                <Baseline points="3072,2584 3116,2578"/>
                <TextEquiv>
                    <Unicode>pal</Unicode>
                </TextEquiv>
            </TextLine>
            <TextLine id="r3l92" custom="readingOrder {index:91;}">
                <Coords points="2166,2592 2670,2594 2690,2588 2690,2550 2165,2549"/>
                <Baseline points="2173,2586 2198,2586 2224,2586 2249,2586 2275,2586 2300,2585 2326,2585 2351,2584 2377,2584 2402,2583 2428,2583 2453,2582 2479,2582 2504,2582 2530,2582 2555,2581 2581,2581 2606,2581 2632,2582 2657,2582 2683,2582"/>
                <TextEquiv>
                    <Unicode>le non abbia letto Taine.</Unicode>
                </TextEquiv>
            </TextLine>
            <TextLine id="r3l93" custom="readingOrder {index:92;}">
                <Coords points="3056,2616 3064,2616 3069,2621 3074,2619 3082,2621 3091,2612 3101,2614 3111,2621 3119,2616 3129,2616 3128,2579 3104,2581 3098,2586 3087,2582 3080,2588 3070,2585 3065,2590 3056,2592"/>
                <Baseline points="3064,2614 3093,2612 3122,2612"/>
                <TextEquiv>
                    <Unicode>VIII</Unicode>
                </TextEquiv>
            </TextLine>
            <TextLine id="r3l94" custom="readingOrder {index:93;}">
                <Coords points="2246,2631 2994,2627 3041,2611 3040,2555 2670,2595 2245,2594"/>
                <Baseline points="2253,2628 2292,2627 2331,2625 2370,2624 2409,2623 2448,2622 2487,2622 2526,2621 2565,2621 2604,2621 2643,2620 2682,2620 2721,2620 2760,2619 2799,2618 2838,2618 2877,2617 2916,2615 2955,2613 2994,2611 3034,2609"/>
                <TextEquiv>
                    <Unicode>parte cio, Tidea che ha ispiraté ad Arturo</Unicode>
                </TextEquiv>
            </TextLine>
            <TextLine id="r3l95" custom="readingOrder {index:94;}">
                <Coords points="3061,2655 3070,2655 3080,2649 3093,2648 3097,2651 3101,2648 3107,2648 3110,2651 3113,2648 3125,2649 3126,2617 3119,2617 3116,2620 3115,2618 3110,2622 3104,2615 3096,2615 3089,2622 3086,2620 3082,2622 3078,2620 3062,2621"/>
                <Baseline points="3069,2645 3118,2646"/>
                <TextEquiv>
                    <Unicode>nic</Unicode>
                </TextEquiv>
            </TextLine>
            <TextLine id="r3l96" custom="readingOrder {index:95;}">
                <Coords points="2174,2676 3050,2652 3049,2619 2912,2614 2173,2631"/>
                <Baseline points="2180,2662 2223,2662 2266,2662 2309,2662 2352,2662 2395,2662 2438,2662 2481,2662 2524,2662 2567,2661 2611,2661 2654,2660 2697,2659 2740,2659 2783,2658 2826,2656 2869,2655 2912,2654 2955,2652 2998,2650 3042,2648"/>
                <TextEquiv>
                    <Unicode>Schnitzler, un valente scrittore viennese, que¬</Unicode>
                </TextEquiv>
            </TextLine>
            <TextLine id="r3l97" custom="readingOrder {index:96;}">
                <Coords points="3062,2691 3069,2691 3077,2683 3095,2689 3102,2687 3107,2681 3113,2685 3121,2680 3134,2681 3133,2649 3126,2649 3123,2652 3119,2648 3110,2651 3108,2648 3098,2650 3092,2647 3075,2651 3068,2647 3060,2647"/>
                <Baseline points="3069,2679 3098,2679 3127,2677"/>
                <TextEquiv>
                    <Unicode>St</Unicode>
                </TextEquiv>
            </TextLine>
            <TextLine id="r3l98" custom="readingOrder {index:97;}">
                <Coords points="2161,2715 3007,2704 3055,2659 2160,2686"/>
                <Baseline points="2168,2702 2212,2701 2256,2701 2300,2701 2344,2701 2388,2700 2432,2700 2476,2700 2520,2700 2564,2700 2608,2700 2652,2699 2696,2699 2740,2698 2784,2697 2828,2696 2872,2695 2916,2693 2960,2692 3004,2690 3048,2688"/>
                <TextEquiv>
                    <Unicode>StO c Pappagallo verde n rishonde assai be¬</Unicode>
                </TextEquiv>
            </TextLine>
            <TextLine id="r3l99" custom="readingOrder {index:98;}">
                <Coords points="3056,2732 3075,2731 3081,2726 3089,2727 3095,2719 3110,2719 3114,2715 3135,2718 3133,2681 3126,2682 3123,2679 3119,2684 3109,2681 3101,2689 3080,2683 3072,2687 3067,2684 3065,2687 3053,2688"/>
                <Baseline points="3062,2720 3095,2716 3128,2716"/>
                <TextEquiv>
                    <Unicode>ind</Unicode>
                </TextEquiv>
            </TextLine>
            <TextLine id="r3l100" custom="readingOrder {index:99;}">
                <Coords points="2171,2743 3053,2737 3052,2678 3011,2703 2171,2712"/>
                <Baseline points="2178,2743 2221,2742 2264,2741 2308,2741 2351,2740 2395,2740 2438,2740 2481,2740 2525,2740 2568,2740 2612,2739 2655,2739 2698,2739 2742,2738 2785,2737 2829,2736 2872,2734 2915,2732 2959,2730 3002,2727 3046,2724"/>
                <TextEquiv>
                    <Unicode>ne ai caratteri storiei Jell’epoca ché précedei¬</Unicode>
                </TextEquiv>
            </TextLine>
            <TextLine id="r3l101" custom="readingOrder {index:100;}">
                <Coords points="3088,2754 3099,2753 3101,2755 3102,2753 3108,2754 3110,2752 3114,2754 3118,2750 3124,2754 3131,2754 3134,2717 3124,2716 3119,2718 3112,2716 3104,2718 3099,2722 3091,2721"/>
                <Baseline points="3096,2745 3124,2747"/>
                <TextEquiv>
                    <Unicode>S</Unicode>
                </TextEquiv>
            </TextLine>
            <TextLine id="r3l102" custom="readingOrder {index:101;}">
                <Coords points="2175,2783 3060,2772 3059,2734 3031,2732 2175,2751"/>
                <Baseline points="2182,2783 2225,2781 2269,2781 2312,2780 2356,2779 2399,2779 2443,2779 2486,2778 2530,2778 2573,2778 2617,2778 2661,2777 2704,2777 2748,2776 2791,2775 2835,2774 2878,2773 2922,2771 2965,2769 3009,2767 3053,2764"/>
                <TextEquiv>
                    <Unicode>le immediatamente la Rivoluziöné“ epoea di</Unicode>
                </TextEquiv>
            </TextLine>
            <TextLine id="r3l103" custom="readingOrder {index:102;}">
                <Coords points="2161,2830 2986,2816 3152,2794 3151,2750 3005,2781 2160,2783"/>
                <Baseline points="2168,2823 2216,2821 2265,2819 2314,2817 2363,2817 2412,2817 2461,2817 2509,2817 2558,2818 2607,2818 2656,2818 2705,2818 2754,2818 2803,2817 2851,2814 2900,2811 2949,2808 2998,2803 3047,2797 3096,2789 3145,2780"/>
                <TextEquiv>
                    <Unicode>#stravaganze oltre che di turbolchze, di feroch deit</Unicode>
                </TextEquiv>
            </TextLine>
            <TextLine id="r3l104" custom="readingOrder {index:103;}">
                <Coords points="3071,2822 3088,2819 3096,2822 3102,2817 3112,2824 3129,2819 3138,2819 3142,2823 3153,2820 3153,2793 3137,2791 3132,2786 3123,2791 3117,2787 3110,2790 3092,2785 3070,2793"/>
                <Baseline points="3078,2820 3112,2818 3146,2818"/>
                <TextEquiv>
                    <Unicode>Han</Unicode>
                </TextEquiv>
            </TextLine>
            <TextLine id="r3l105" custom="readingOrder {index:104;}">
                <Coords points="2173,2865 3036,2842 3158,2870 3169,2820 2173,2825"/>
                <Baseline points="2180,2858 2229,2858 2278,2857 2327,2857 2376,2856 2425,2856 2474,2855 2523,2855 2572,2854 2621,2854 2671,2854 2720,2853 2769,2853 2818,2852 2867,2852 2916,2852 2965,2852 3014,2852 3063,2852 3112,2852 3162,2852"/>
                <TextEquiv>
                    <Unicode>ironie oltre che di arcadiche ingehuftà floso-1 Bohe</Unicode>
                </TextEquiv>
            </TextLine>
            <TextLine id="r3l106" custom="readingOrder {index:105;}">
                <Coords points="3093,2888 3106,2887 3113,2892 3120,2890 3126,2892 3132,2888 3137,2891 3143,2885 3150,2889 3158,2883 3160,2886 3168,2886 3168,2866 3152,2869 3134,2852 3126,2858 3117,2852 3112,2856 3109,2854 3104,2858 3094,2858"/>
                <Baseline points="3101,2884 3131,2886 3161,2886"/>
                <TextEquiv>
                    <Unicode>1</Unicode>
                </TextEquiv>
            </TextLine>
            <TextLine id="r3l107" custom="readingOrder {index:106;}">
                <Coords points="2175,2897 2988,2898 3052,2880 3052,2850 2174,2867"/>
                <Baseline points="2182,2898 2225,2897 2268,2897 2311,2896 2354,2896 2397,2895 2440,2895 2484,2895 2527,2895 2570,2894 2613,2894 2656,2894 2699,2893 2742,2893 2786,2892 2829,2891 2872,2890 2915,2888 2958,2887 3001,2885 3045,2883"/>
                <TextEquiv>
                    <Unicode>liche; e la incoscienza delle classi dirigenti di¬</Unicode>
                </TextEquiv>
            </TextLine>
            <TextLine id="r3l108" custom="readingOrder {index:107;}">
                <Coords points="2175,2941 3163,2922 3162,2889 3078,2883 2175,2905"/>
                <Baseline points="2182,2936 2230,2935 2279,2933 2327,2933 2376,2933 2425,2932 2473,2932 2522,2932 2571,2932 2619,2932 2668,2932 2717,2931 2765,2931 2814,2930 2863,2929 2911,2927 2960,2925 3009,2922 3057,2919 3106,2915 3155,2911"/>
                <TextEquiv>
                    <Unicode>nanzi al terribile pericolo fü come tutti san-tuor</Unicode>
                </TextEquiv>
            </TextLine>
            <TextLine id="r3l109" custom="readingOrder {index:108;}">
                <Coords points="3064,2964 3076,2964 3083,2959 3093,2962 3096,2959 3103,2962 3110,2959 3117,2963 3120,2960 3133,2961 3144,2952 3160,2952 3159,2922 3152,2922 3141,2930 3122,2923 3109,2926 3096,2923 3091,2928 3082,2927 3074,2935 3064,2936"/>
                <Baseline points="3071,2953 3098,2951 3125,2951 3153,2951"/>
                <TextEquiv>
                    <Unicode>DO88</Unicode>
                </TextEquiv>
            </TextLine>
            <TextLine id="r3l110" custom="readingOrder {index:109;}">
                <Coords points="2169,2976 3060,2981 3059,2920 2169,2940"/>
                <Baseline points="2177,2971 2220,2971 2264,2971 2308,2971 2352,2971 2395,2971 2439,2971 2483,2970 2527,2970 2570,2969 2614,2969 2658,2968 2702,2967 2745,2967 2789,2966 2833,2965 2877,2964 2920,2963 2964,2962 3008,2961 3052,2960"/>
                <TextEquiv>
                    <Unicode>ma, tra le rause sprune del pretipitäre degif</Unicode>
                </TextEquiv>
            </TextLine>
            <TextLine id="r3l111" custom="readingOrder {index:110;}">
                <Coords points="3072,2996 3080,2993 3085,2996 3094,2989 3107,2993 3114,2988 3130,2988 3133,2991 3160,2988 3157,2951 3140,2953 3128,2961 3117,2953 3103,2954 3098,2961 3082,2960 3069,2964"/>
                <Baseline points="3078,2990 3115,2984 3152,2984"/>
                <TextEquiv>
                    <Unicode>tua</Unicode>
                </TextEquiv>
            </TextLine>
            <TextLine id="r3l112" custom="readingOrder {index:111;}">
                <Coords points="2174,3016 2218,3020 2256,3010 2337,3018 2433,3008 2463,3016 2463,2985 2391,2970 2354,2982 2259,2974 2250,2983 2173,2969"/>
                <Baseline points="2180,3006 2205,3008 2230,3009 2255,3009 2280,3009 2305,3009 2330,3008 2355,3007 2380,3007 2405,3006 2430,3006 2456,3006"/>
                <TextEquiv>
                    <Unicode>avvenimenti.</Unicode>
                </TextEquiv>
            </TextLine>
            <TextLine id="r3l113" custom="readingOrder {index:112;}">
                <Coords points="3090,3029 3104,3029 3108,3024 3125,3019 3142,3024 3159,3018 3167,3025 3181,3021 3179,2988 3169,2987 3161,2991 3115,2988 3107,2993 3088,2989"/>
                <Baseline points="3097,3021 3122,3020 3147,3020 3173,3017"/>
                <TextEquiv>
                    <Unicode>AVr</Unicode>
                </TextEquiv>
            </TextLine>
            <TextLine id="r3l114" custom="readingOrder {index:113;}">
                <Coords points="2213,3040 2985,3051 3052,3030 3051,2987 2212,3017"/>
                <Baseline points="2220,3047 2261,3047 2302,3047 2343,3047 2385,3047 2426,3047 2467,3047 2508,3048 2550,3048 2591,3048 2632,3047 2673,3047 2715,3047 2756,3046 2797,3045 2838,3043 2880,3042 2921,3040 2962,3038 3003,3035 3045,3032"/>
                <TextEquiv>
                    <Unicode>Nell’ostella del e Pappagallo verde , dun¬</Unicode>
                </TextEquiv>
            </TextLine>
            <TextLine id="r3l115" custom="readingOrder {index:114;}">
                <Coords points="3080,3047 3096,3054 3110,3049 3125,3060 3129,3057 3150,3060 3167,3052 3197,3057 3196,3024 3184,3026 3172,3021 3157,3027 3126,3019 3111,3022 3105,3028 3080,3027"/>
                <Baseline points="3088,3052 3113,3051 3139,3050 3164,3049 3190,3050"/>
                <TextEquiv>
                    <Unicode>Lac</Unicode>
                </TextEquiv>
            </TextLine>
            <TextLine id="r3l116" custom="readingOrder {index:115;}">
                <Coords points="3074,3098 3099,3089 3148,3095 3188,3087 3212,3098 3259,3083 3293,3108 3305,3107 3303,3037 3275,3053 3266,3047 3258,3056 3250,3049 3221,3058 3198,3054 3177,3064 3164,3054 3125,3060 3109,3049 3097,3054 3072,3045"/>
                <Baseline points="3081,3086 3108,3086 3135,3086 3162,3085 3189,3084 3216,3083 3243,3081 3270,3080 3297,3078"/>
                <TextEquiv>
                    <Unicode>dirsi comp</Unicode>
                </TextEquiv>
            </TextLine>
            <TextLine id="r3l117" custom="readingOrder {index:116;}">
                <Coords points="2177,3085 2869,3097 3032,3080 3050,3031 2979,3056 2796,3034 2176,3062"/>
                <Baseline points="2184,3086 2229,3086 2274,3087 2319,3087 2364,3087 2410,3087 2455,3087 2500,3087 2545,3087 2590,3087 2636,3086 2681,3086 2726,3085 2771,3085 2816,3083 2862,3082 2907,3081 2952,3079 2997,3077 3043,3074"/>
                <TextEquiv>
                    <Unicode>due, si danno ccnvegno. diretti“e pagati dal¬</Unicode>
                </TextEquiv>
            </TextLine>
            <TextLine id="r3l118" custom="readingOrder {index:117;}">
                <Coords points="3061,3120 3077,3118 3097,3131 3107,3123 3138,3129 3211,3121 3221,3127 3232,3117 3279,3116 3279,3088 3258,3082 3229,3100 3185,3086 3148,3095 3131,3088 3081,3095 3061,3087"/>
                <Baseline points="3069,3121 3094,3119 3120,3118 3145,3117 3171,3117 3196,3117 3222,3117 3247,3118 3273,3118"/>
                <TextEquiv>
                    <Unicode>almeno. 4</Unicode>
                </TextEquiv>
            </TextLine>
            <TextLine id="r3l119" custom="readingOrder {index:118;}">
                <Coords points="2174,3118 2858,3137 3052,3117 3051,3070 2868,3098 2173,3084"/>
                <Baseline points="2181,3126 2224,3126 2267,3126 2310,3126 2353,3126 2396,3126 2439,3126 2483,3126 2526,3126 2569,3126 2612,3125 2655,3125 2698,3124 2741,3123 2785,3122 2828,3121 2871,3120 2914,3118 2957,3116 3000,3113 3044,3112"/>
                <TextEquiv>
                    <Unicode>TP’oste che fu gia direttere di teatro, comjei a</Unicode>
                </TextEquiv>
            </TextLine>
            <TextLine id="r3l120" custom="readingOrder {index:119;}">
                <Coords points="3066,3173 3155,3157 3220,3170 3270,3144 3282,3151 3300,3144 3299,3128 3278,3135 3256,3117 3231,3118 3224,3126 3104,3123 3097,3131 3064,3119"/>
                <Baseline points="3073,3155 3100,3154 3128,3152 3155,3151 3183,3149 3210,3148 3238,3148 3265,3147 3293,3147"/>
                <TextEquiv>
                    <Unicode>tatenzionbe</Unicode>
                </TextEquiv>
            </TextLine>
            <TextLine id="r3l121" custom="readingOrder {index:120;}">
                <Coords points="2182,3173 3046,3156 3016,3114 2471,3142 2181,3120"/>
                <Baseline points="2189,3165 2231,3166 2274,3166 2316,3166 2359,3166 2401,3166 2444,3165 2486,3165 2529,3165 2571,3165 2614,3164 2656,3163 2699,3162 2741,3161 2784,3160 2826,3159 2869,3157 2911,3155 2954,3152 2996,3150 3039,3147"/>
                <TextEquiv>
                    <Unicode>htion mercato i quali recitano la commedia</Unicode>
                </TextEquiv>
            </TextLine>
            <TextLine id="r3l122" custom="readingOrder {index:121;}">
                <Coords points="2171,3190 2254,3220 2525,3192 2830,3212 3056,3195 3056,3155 2171,3169"/>
                <Baseline points="2179,3203 2222,3203 2266,3203 2309,3203 2353,3203 2396,3203 2440,3202 2483,3202 2527,3202 2570,3202 2614,3201 2657,3201 2701,3200 2744,3199 2788,3197 2831,3196 2875,3194 2918,3192 2962,3189 3005,3187 3049,3184"/>
                <TextEquiv>
                    <Unicode>della rivolnzione dinanzi agli avventori ari¬</Unicode>
                </TextEquiv>
            </TextLine>
            <TextLine id="r3l123" custom="readingOrder {index:122;}">
                <Coords points="2180,3240 3064,3233 3053,3189 2180,3221"/>
                <Baseline points="2188,3243 2231,3242 2274,3241 2318,3241 2361,3240 2405,3240 2448,3240 2491,3239 2535,3239 2578,3238 2622,3238 2665,3237 2708,3236 2752,3235 2795,3234 2839,3233 2882,3232 2925,3230 2969,3228 3012,3226 3056,3224"/>
                <TextEquiv>
                    <Unicode>stocratiei. La faccenda &amp; curiosa: duchj, con¬</Unicode>
                </TextEquiv>
            </TextLine>
            <TextLine id="r3l124" custom="readingOrder {index:123;}">
                <Coords points="2185,3291 2987,3280 3068,3271 3068,3234 2184,3251"/>
                <Baseline points="2192,3281 2235,3281 2278,3280 2322,3280 2365,3280 2409,3279 2452,3279 2496,3278 2539,3277 2583,3277 2626,3276 2669,3275 2713,3275 2756,3273 2800,3273 2843,3271 2887,3270 2930,3268 2974,3267 3017,3265 3061,3263"/>
                <TextEquiv>
                    <Unicode>iie marchesi ei divertono a sentirst chiamare</Unicode>
                </TextEquiv>
            </TextLine>
            <TextLine id="r3l125" custom="readingOrder {index:124;}">
                <Coords points="3078,3299 3102,3295 3130,3306 3143,3297 3154,3305 3188,3298 3202,3306 3212,3296 3235,3311 3248,3300 3265,3308 3279,3297 3303,3295 3301,3258 3290,3256 3239,3267 3172,3261 3129,3271 3093,3262 3077,3272"/>
                <Baseline points="3085,3295 3111,3295 3137,3294 3164,3293 3190,3291 3216,3289 3243,3287 3269,3287 3296,3288"/>
                <TextEquiv>
                    <Unicode>rappresent</Unicode>
                </TextEquiv>
            </TextLine>
            <TextLine id="r3l126" custom="readingOrder {index:125;}">
                <Coords points="2183,3319 2642,3332 3065,3298 3047,3269 2182,3292"/>
                <Baseline points="2190,3322 2233,3322 2276,3321 2320,3321 2363,3320 2407,3319 2450,3319 2493,3318 2537,3317 2580,3316 2624,3315 2667,3315 2710,3314 2754,3313 2797,3312 2841,3311 2884,3310 2927,3309 2971,3307 3014,3306 3058,3304"/>
                <TextEquiv>
                    <Unicode>con ogni sorta di epiteli ingiuriosj. à sentir¬</Unicode>
                </TextEquiv>
            </TextLine>
            <TextLine id="r3l127" custom="readingOrder {index:126;}">
                <Coords points="3082,3337 3098,3336 3102,3333 3115,3340 3122,3333 3164,3335 3164,3307 3155,3307 3144,3296 3134,3305 3108,3305 3095,3300 3082,3300"/>
                <Baseline points="3090,3330 3123,3328 3156,3330"/>
                <TextEquiv>
                    <Unicode>lari.</Unicode>
                </TextEquiv>
            </TextLine>
            <TextLine id="r3l128" custom="readingOrder {index:127;}">
                <Coords points="2180,3364 3063,3345 3062,3305 2179,3324"/>
                <Baseline points="2187,3360 2230,3360 2273,3359 2317,3359 2360,3358 2404,3357 2447,3357 2491,3356 2534,3355 2578,3354 2621,3353 2664,3353 2708,3352 2751,3350 2795,3349 2838,3348 2882,3347 2925,3346 2969,3344 3012,3343 3056,3342"/>
                <TextEquiv>
                    <Unicode>si rimproverare i lero vizi, minacciare di</Unicode>
                </TextEquiv>
            </TextLine>
            <TextLine id="r3l129" custom="readingOrder {index:128;}">
                <Coords points="3103,3365 3126,3374 3151,3367 3184,3375 3194,3369 3219,3374 3230,3366 3243,3369 3262,3361 3291,3369 3290,3345 3276,3344 3257,3326 3244,3332 3233,3324 3210,3327 3180,3317 3159,3336 3136,3331 3102,3336"/>
                <Baseline points="3110,3362 3139,3363 3168,3362 3197,3360 3226,3359 3255,3358 3284,3360"/>
                <TextEquiv>
                    <Unicode>Domani</Unicode>
                </TextEquiv>
            </TextLine>
            <TextLine id="r3l130" custom="readingOrder {index:129;}">
                <Coords points="2190,3407 3060,3382 3059,3347 2989,3336 2189,3370"/>
                <Baseline points="2196,3400 2238,3399 2281,3398 2324,3397 2367,3396 2410,3396 2453,3395 2495,3394 2538,3394 2581,3393 2624,3392 2667,3392 2710,3391 2753,3390 2795,3389 2838,3388 2881,3386 2924,3385 2967,3382 3010,3381 3053,3378"/>
                <TextEquiv>
                    <Unicode>mörte per mano del popelo vendicatore. Ora</Unicode>
                </TextEquiv>
            </TextLine>
            <TextLine id="r3l131" custom="readingOrder {index:130;}">
                <Coords points="3084,3406 3173,3400 3186,3405 3222,3397 3234,3405 3252,3396 3295,3392 3294,3363 3233,3365 3219,3374 3196,3368 3185,3375 3163,3366 3126,3374 3106,3359 3083,3367"/>
                <Baseline points="3091,3399 3119,3396 3147,3395 3175,3395 3203,3395 3231,3395 3259,3393 3287,3388"/>
                <TextEquiv>
                    <Unicode>Madama B</Unicode>
                </TextEquiv>
            </TextLine>
            <TextLine id="r3l132" custom="readingOrder {index:131;}">
                <Coords points="3075,3438 3249,3435 3267,3430 3266,3414 3256,3415 3223,3397 3214,3404 3130,3401 3073,3411"/>
                <Baseline points="3081,3430 3106,3431 3131,3430 3157,3429 3182,3427 3208,3426 3233,3425 3259,3424"/>
                <TextEquiv>
                    <Unicode>sceniskl.</Unicode>
                </TextEquiv>
            </TextLine>
            <TextLine id="r3l133" custom="readingOrder {index:132;}">
                <Coords points="2185,3447 3052,3430 3053,3391 2184,3411"/>
                <Baseline points="2192,3436 2234,3436 2277,3435 2320,3435 2362,3434 2405,3434 2448,3434 2490,3433 2533,3433 2576,3432 2619,3432 2661,3431 2704,3430 2747,3429 2789,3428 2832,3427 2875,3425 2917,3424 2960,3423 3003,3421 3046,3418"/>
                <TextEquiv>
                    <Unicode>aceade che und degli aterl, Enrico, 11 quale</Unicode>
                </TextEquiv>
            </TextLine>
            <TextLine id="r3l134" custom="readingOrder {index:133;}">
                <Coords points="3105,3469 3121,3475 3133,3469 3146,3476 3157,3469 3185,3473 3207,3466 3234,3469 3239,3463 3248,3470 3266,3465 3275,3473 3287,3472 3286,3415 3267,3415 3248,3435 3195,3432 3178,3434 3169,3443 3143,3433 3104,3436"/>
                <Baseline points="3112,3466 3140,3464 3168,3463 3196,3462 3224,3461 3252,3460 3281,3459"/>
                <TextEquiv>
                    <Unicode>Si anni</Unicode>
                </TextEquiv>
            </TextLine>
            <TextLine id="r3l135" custom="readingOrder {index:134;}">
                <Coords points="2185,3475 3062,3465 3061,3428 3022,3422 2185,3448"/>
                <Baseline points="2192,3476 2235,3475 2278,3474 2321,3474 2364,3473 2407,3472 2450,3472 2493,3471 2536,3470 2579,3470 2623,3469 2666,3468 2709,3468 2752,3467 2795,3466 2838,3465 2881,3464 2924,3462 2967,3461 3010,3459 3054,3457"/>
                <TextEquiv>
                    <Unicode>ha sposato Pattrice Leocndia, finga di saperla</Unicode>
                </TextEquiv>
            </TextLine>
            <TextLine id="r3l136" custom="readingOrder {index:135;}">
                <Coords points="3075,3506 3098,3512 3117,3503 3129,3509 3136,3501 3202,3505 3276,3499 3275,3465 3125,3475 3094,3475 3074,3467"/>
                <Baseline points="3082,3500 3108,3499 3135,3498 3161,3498 3188,3498 3214,3498 3241,3496 3268,3492"/>
                <TextEquiv>
                    <Unicode>sentazion</Unicode>
                </TextEquiv>
            </TextLine>
            <TextLine id="r3l137" custom="readingOrder {index:136;}">
                <Coords points="2188,3515 2923,3513 3060,3501 3060,3459 2187,3481"/>
                <Baseline points="2195,3513 2240,3513 2285,3513 2330,3512 2375,3511 2421,3511 2466,3510 2511,3509 2556,3508 2601,3507 2647,3506 2692,3505 2737,3504 2782,3503 2827,3502 2873,3500 2918,3499 2963,3498 3008,3497 3054,3496"/>
                <TextEquiv>
                    <Unicode>infedelee di avere per duesio neeiso it dechdi</Unicode>
                </TextEquiv>
            </TextLine>
            <TextLine id="r3l138" custom="readingOrder {index:137;}">
                <Coords points="3121,3540 3141,3536 3179,3545 3196,3533 3206,3539 3239,3532 3258,3546 3265,3539 3286,3544 3297,3541 3297,3507 3284,3509 3265,3498 3218,3497 3207,3504 3136,3501 3120,3509"/>
                <Baseline points="3127,3531 3154,3532 3181,3531 3208,3530 3235,3529 3262,3529 3290,3530"/>
                <TextEquiv>
                    <Unicode>AllADR:</Unicode>
                </TextEquiv>
            </TextLine>
            <TextLine id="r3l139" custom="readingOrder {index:138;}">
                <Coords points="2192,3563 3062,3539 3035,3500 2191,3522"/>
                <Baseline points="2199,3553 2241,3552 2284,3552 2327,3551 2370,3551 2413,3550 2455,3549 2498,3549 2541,3548 2584,3547 2627,3546 2669,3545 2712,3544 2755,3543 2798,3542 2841,3541 2883,3539 2926,3538 2969,3537 3012,3535 3055,3533"/>
                <TextEquiv>
                    <Unicode>Cadignan. Non é vero, ma egli lo racconta</Unicode>
                </TextEquiv>
            </TextLine>
            <TextLine id="r3l140" custom="readingOrder {index:139;}">
                <Coords points="2192,3603 3270,3565 3089,3522 3016,3554 2191,3575"/>
                <Baseline points="2199,3591 2252,3590 2305,3590 2358,3589 2411,3589 2465,3588 2518,3587 2571,3586 2624,3585 2677,3583 2731,3582 2784,3580 2837,3578 2890,3577 2943,3575 2997,3573 3050,3571 3103,3569 3156,3567 3209,3564 3263,3562"/>
                <TextEquiv>
                    <Unicode>con tanta arte, e le apparenze son fante aldata ieri</Unicode>
                </TextEquiv>
            </TextLine>
            <TextLine id="r3l141" custom="readingOrder {index:140;}">
                <Coords points="2196,3648 3009,3632 3284,3602 3283,3561 2195,3601"/>
                <Baseline points="2203,3630 2256,3629 2310,3628 2364,3627 2417,3626 2471,3625 2525,3624 2578,3623 2632,3622 2686,3621 2740,3620 2793,3618 2847,3617 2901,3615 2954,3612 3008,3610 3062,3607 3115,3604 3169,3600 3223,3596 3277,3592"/>
                <TextEquiv>
                    <Unicode>favere delle eua finzione, che finisceno per Jole Canti</Unicode>
                </TextEquiv>
            </TextLine>
            <TextLine id="r3l142" custom="readingOrder {index:141;}">
                <Coords points="3080,3637 3108,3645 3120,3637 3135,3643 3155,3635 3187,3643 3228,3629 3242,3639 3256,3631 3275,3635 3290,3632 3290,3595 3266,3604 3237,3601 3224,3609 3216,3602 3187,3606 3170,3596 3115,3613 3092,3605 3079,3611"/>
                <Baseline points="3086,3632 3114,3631 3142,3631 3170,3630 3198,3630 3226,3629 3254,3628 3283,3627"/>
                <TextEquiv>
                    <Unicode>cedutn ds</Unicode>
                </TextEquiv>
            </TextLine>
            <TextLine id="r3l143" custom="readingOrder {index:142;}">
                <Coords points="2191,3687 2941,3669 3073,3647 3073,3621 2189,3638"/>
                <Baseline points="2197,3671 2240,3669 2283,3668 2327,3667 2370,3666 2414,3665 2457,3664 2501,3663 2544,3662 2588,3661 2631,3661 2674,3660 2718,3659 2761,3658 2805,3657 2848,3656 2892,3655 2935,3653 2979,3651 3022,3649 3066,3647"/>
                <TextEquiv>
                    <Unicode>credervi tulti, perfino 1 suei compagni... i</Unicode>
                </TextEquiv>
            </TextLine>
            <TextLine id="r3l144" custom="readingOrder {index:143;}">
                <Coords points="3084,3687 3095,3689 3125,3672 3131,3678 3153,3670 3178,3676 3244,3663 3259,3671 3279,3667 3280,3635 3256,3632 3242,3639 3225,3630 3186,3644 3155,3636 3136,3643 3116,3638 3109,3645 3085,3637"/>
                <Baseline points="3091,3668 3116,3667 3142,3666 3168,3666 3194,3666 3220,3667 3246,3669 3272,3673"/>
                <TextEquiv>
                    <Unicode>biglietti 2</Unicode>
                </TextEquiv>
            </TextLine>
            <TextLine id="r3l145" custom="readingOrder {index:144;}">
                <Coords points="2198,3715 2971,3704 3067,3697 3066,3661 2197,3682"/>
                <Baseline points="2205,3711 2247,3709 2290,3707 2333,3705 2376,3703 2418,3702 2461,3701 2504,3700 2547,3699 2589,3699 2632,3698 2675,3697 2718,3696 2760,3695 2803,3694 2846,3693 2889,3692 2931,3690 2974,3688 3017,3686 3060,3683"/>
                <TextEquiv>
                    <Unicode>scena. Ed allora egli apprende per la prima</Unicode>
                </TextEquiv>
            </TextLine>
            <TextLine id="r3l146" custom="readingOrder {index:145;}">
                <Coords points="3166,3703 3181,3701 3204,3711 3224,3712 3222,3670 3196,3669 3186,3674 3183,3672 3179,3675 3175,3673 3172,3676 3165,3676"/>
                <Baseline points="3174,3702 3216,3700"/>
                <TextEquiv>
                    <Unicode>□</Unicode>
                </TextEquiv>
            </TextLine>
            <TextLine id="r3l147" custom="readingOrder {index:146;}">
                <Coords points="3083,3742 3195,3742 3206,3732 3227,3747 3239,3735 3259,3743 3306,3738 3306,3712 3243,3698 3202,3721 3171,3704 3145,3712 3137,3705 3113,3706 3104,3697 3082,3701"/>
                <Baseline points="3089,3734 3115,3734 3141,3734 3167,3734 3194,3734 3220,3733 3246,3732 3272,3730 3299,3728"/>
                <TextEquiv>
                    <Unicode>altesn C0f</Unicode>
                </TextEquiv>
            </TextLine>
            <TextLine id="r3l148" custom="readingOrder {index:147;}">
                <Coords points="2197,3749 3067,3730 3050,3693 2196,3713"/>
                <Baseline points="2204,3748 2246,3746 2289,3745 2332,3743 2375,3742 2418,3740 2460,3740 2503,3739 2546,3738 2589,3736 2632,3736 2674,3734 2717,3734 2760,3733 2803,3731 2846,3730 2888,3729 2931,3727 2974,3725 3017,3723 3060,3721"/>
                <TextEquiv>
                    <Unicode>volta che cio che aveva simmato 6 invece pro¬</Unicode>
                </TextEquiv>
            </TextLine>
            <TextLine id="r3l149" custom="readingOrder {index:148;}">
                <Coords points="3092,3777 3102,3780 3113,3772 3135,3778 3146,3772 3151,3776 3162,3773 3171,3781 3179,3772 3197,3772 3213,3758 3221,3758 3220,3730 3206,3732 3196,3742 3175,3737 3164,3745 3152,3745 3142,3737 3132,3746 3124,3740 3091,3743"/>
                <Baseline points="3099,3769 3127,3769 3156,3768 3185,3766 3214,3766"/>
                <TextEquiv>
                    <Unicode>refolo</Unicode>
                </TextEquiv>
            </TextLine>
            <TextLine id="r3l150" custom="readingOrder {index:149;}">
                <Coords points="2199,3786 3064,3778 3051,3725 2198,3756"/>
                <Baseline points="2206,3788 2248,3785 2291,3784 2333,3782 2376,3780 2418,3779 2461,3778 2503,3776 2546,3775 2588,3774 2631,3774 2673,3772 2716,3771 2758,3770 2801,3770 2843,3769 2886,3768 2928,3767 2971,3765 3013,3764 3056,3763"/>
                <TextEquiv>
                    <Unicode>prio la veritä: e poiche il duca entra in quel</Unicode>
                </TextEquiv>
            </TextLine>
            <TextLine id="r3l151" custom="readingOrder {index:150;}">
                <Coords points="3163,3801 3180,3798 3191,3808 3223,3801 3254,3808 3272,3800 3293,3799 3291,3760 3247,3766 3238,3758 3222,3757 3197,3772 3162,3777"/>
                <Baseline points="3170,3800 3199,3801 3228,3799 3257,3795 3286,3796"/>
                <TextEquiv>
                    <Unicode>NAZI</Unicode>
                </TextEquiv>
            </TextLine>
            <TextLine id="r3l152" custom="readingOrder {index:151;}">
                <Coords points="2196,3830 3070,3808 3053,3765 2195,3785"/>
                <Baseline points="2204,3825 2246,3824 2289,3822 2332,3821 2375,3820 2418,3819 2461,3818 2504,3817 2547,3816 2590,3815 2633,3813 2675,3812 2718,3811 2761,3810 2804,3808 2847,3807 2890,3805 2933,3803 2976,3801 3019,3799 3062,3797"/>
                <TextEquiv>
                    <Unicode>momento pell’osteria, egli gli si scaglia addos¬</Unicode>
                </TextEquiv>
            </TextLine>
            <TextLine id="r3l153" custom="readingOrder {index:152;}">
                <Coords points="3085,3849 3104,3848 3115,3838 3152,3845 3158,3840 3178,3852 3189,3841 3232,3842 3245,3831 3272,3837 3285,3833 3286,3803 3273,3800 3241,3814 3226,3802 3203,3814 3172,3802 3163,3811 3130,3813 3100,3798 3086,3799"/>
                <Baseline points="3092,3833 3118,3833 3145,3833 3171,3833 3198,3833 3224,3834 3251,3836 3278,3837"/>
                <TextEquiv>
                    <Unicode>Venerdi #</Unicode>
                </TextEquiv>
            </TextLine>
            <TextLine id="r3l154" custom="readingOrder {index:153;}">
                <Coords points="2194,3891 2238,3883 2266,3863 2325,3864 2346,3875 2389,3859 2499,3867 2497,3820 2192,3833"/>
                <Baseline points="2201,3860 2227,3861 2253,3862 2280,3861 2306,3860 2332,3859 2359,3857 2385,3856 2411,3855 2438,3854 2464,3854 2491,3855"/>
                <TextEquiv>
                    <Unicode>soe Tuceide.</Unicode>
                </TextEquiv>
            </TextLine>
            <TextLine id="r3l155" custom="readingOrder {index:154;}">
                <Coords points="3092,3882 3123,3888 3141,3875 3205,3872 3242,3912 3276,3898 3294,3901 3297,3871 3271,3863 3257,3872 3226,3837 3202,3846 3190,3841 3177,3851 3158,3839 3136,3846 3116,3838 3095,3848"/>
                <Baseline points="3100,3875 3126,3874 3153,3873 3180,3871 3206,3872 3233,3876 3260,3885 3287,3899"/>
                <TextEquiv>
                    <Unicode>SI CIX</Unicode>
                </TextEquiv>
            </TextLine>
            <TextLine id="r3l156" custom="readingOrder {index:155;}">
                <Coords points="2229,3901 3073,3888 3071,3832 3040,3827 2703,3867 2600,3844 2228,3864"/>
                <Baseline points="2236,3898 2277,3898 2318,3898 2360,3898 2401,3898 2443,3897 2484,3896 2526,3896 2567,3895 2609,3894 2650,3892 2691,3891 2733,3890 2774,3888 2816,3887 2857,3885 2899,3884 2940,3882 2982,3880 3023,3879 3065,3877"/>
                <TextEquiv>
                    <Unicode>Cosi dalla commedia si passa alla tragedia</Unicode>
                </TextEquiv>
            </TextLine>
            <TextLine id="r3l157" custom="readingOrder {index:156;}">
                <Coords points="3128,3911 3139,3912 3145,3908 3152,3913 3168,3913 3179,3904 3191,3911 3198,3906 3205,3913 3212,3913 3211,3873 3127,3878"/>
                <Baseline points="3135,3903 3170,3905 3205,3901"/>
                <TextEquiv>
                    <Unicode>1 A</Unicode>
                </TextEquiv>
            </TextLine>
            <TextLine id="r3l158" custom="readingOrder {index:157;}">
                <Coords points="2240,3934 3082,3917 3081,3887 3010,3880 2240,3913"/>
                <Baseline points="2248,3940 2289,3938 2330,3937 2372,3936 2413,3935 2454,3933 2496,3932 2537,3931 2578,3929 2620,3929 2661,3927 2702,3926 2744,3925 2785,3924 2826,3922 2868,3921 2909,3920 2950,3919 2992,3918 3033,3916 3075,3915"/>
                <TextEquiv>
                    <Unicode>come dalla fnzione rivoluzienarie dell’oste</Unicode>
                </TextEquiv>
            </TextLine>
            <TextLine id="r3l159" custom="readingOrder {index:158;}">
                <Coords points="3096,3943 3138,3948 3150,3939 3171,3947 3219,3940 3242,3947 3283,3934 3306,3936 3305,3898 3225,3913 3198,3906 3190,3911 3182,3904 3167,3914 3144,3908 3134,3917 3114,3904 3095,3909"/>
                <Baseline points="3103,3937 3131,3935 3159,3934 3187,3934 3215,3934 3243,3933 3271,3932 3299,3929"/>
                <TextEquiv>
                    <Unicode>7o. drami</Unicode>
                </TextEquiv>
            </TextLine>
            <TextLine id="r3l160" custom="readingOrder {index:159;}">
                <Coords points="2196,3989 3029,3969 3069,3963 3068,3928 2194,3942"/>
                <Baseline points="2202,3979 2245,3979 2288,3978 2331,3977 2374,3976 2417,3975 2460,3974 2503,3973 2546,3972 2589,3971 2632,3970 2675,3969 2718,3967 2761,3966 2804,3964 2847,3963 2890,3961 2933,3960 2976,3957 3019,3955 3062,3953"/>
                <TextEquiv>
                    <Unicode>Prospero al primo grande atto della Riveluzio¬</Unicode>
                </TextEquiv>
            </TextLine>
            <TextLine id="r3l161" custom="readingOrder {index:160;}">
                <Coords points="3095,3979 3142,3975 3167,3982 3181,3969 3192,3980 3205,3980 3218,3969 3231,3979 3269,3977 3307,3960 3307,3938 3283,3934 3239,3946 3189,3941 3180,3950 3159,3938 3137,3948 3095,3943"/>
                <Baseline points="3102,3972 3130,3970 3158,3970 3187,3969 3215,3969 3244,3968 3272,3968 3301,3967"/>
                <TextEquiv>
                    <Unicode>lesi. L’epi</Unicode>
                </TextEquiv>
            </TextLine>
            <TextLine id="r3l162" custom="readingOrder {index:161;}">
                <Coords points="3099,4029 3130,4023 3148,4009 3188,4015 3203,4007 3212,4015 3223,4007 3285,4007 3299,4001 3297,3974 3281,3968 3270,3977 3253,3972 3244,3979 3223,3971 3193,3979 3181,3968 3168,3982 3141,3975 3096,3978"/>
                <Baseline points="3105,4009 3131,4010 3158,4009 3184,4006 3211,4004 3237,4002 3264,4000 3291,4001"/>
                <TextEquiv>
                    <Unicode>I’Era Cris</Unicode>
                </TextEquiv>
            </TextLine>
            <TextLine id="r3l163" custom="readingOrder {index:162;}">
                <Coords points="2193,4014 3068,3993 3067,3962 2946,3957 2193,3992"/>
                <Baseline points="2201,4019 2244,4017 2287,4016 2330,4015 2373,4014 2416,4013 2459,4012 2502,4011 2545,4010 2588,4009 2631,4008 2674,4007 2717,4006 2760,4005 2803,4003 2846,4002 2889,4000 2932,3998 2975,3996 3018,3993 3061,3990"/>
                <TextEquiv>
                    <Unicode>ne francese. Peiche infatti glunge tumbltuan¬</Unicode>
                </TextEquiv>
            </TextLine>
            <TextLine id="r3l164" custom="readingOrder {index:163;}">
                <Coords points="3241,4042 3258,4043 3270,4039 3275,4039 3281,4044 3290,4041 3298,4042 3302,4005 3283,4001 3279,4004 3276,4001 3272,4005 3244,4006"/>
                <Baseline points="3249,4030 3291,4034"/>
                <TextEquiv>
                    <Unicode>21</Unicode>
                </TextEquiv>
            </TextLine>
            <TextLine id="r3l165" custom="readingOrder {index:164;}">
                <Coords points="3170,4044 3183,4044 3188,4048 3189,4046 3194,4046 3195,4044 3205,4043 3201,4011 3194,4011 3191,4015 3180,4013 3179,4015 3167,4016"/>
                <Baseline points="3177,4038 3197,4036"/>
                <TextEquiv>
                    <Unicode>1</Unicode>
                </TextEquiv>
            </TextLine>
            <TextLine id="r3l166" custom="readingOrder {index:165;}">
                <Coords points="2202,4068 3046,4042 3078,4000 2200,4023"/>
                <Baseline points="2208,4056 2251,4055 2294,4054 2337,4052 2380,4052 2423,4051 2466,4049 2510,4049 2553,4048 2596,4046 2639,4045 2682,4044 2725,4042 2768,4041 2812,4039 2855,4038 2898,4035 2941,4034 2984,4031 3027,4029 3071,4025"/>
                <TextEquiv>
                    <Unicode>10 la folla vincitrice della Bustiglin... — Ma</Unicode>
                </TextEquiv>
            </TextLine>
            <TextLine id="r3l167" custom="readingOrder {index:166;}">
                <Coords points="3093,4097 3142,4098 3155,4083 3171,4081 3198,4093 3211,4084 3223,4091 3290,4068 3316,4074 3315,4037 3291,4052 3274,4038 3231,4048 3091,4044"/>
                <Baseline points="3100,4076 3126,4075 3152,4074 3178,4074 3204,4072 3230,4072 3256,4071 3282,4070 3309,4069"/>
                <TextEquiv>
                    <Unicode>tano in ei</Unicode>
                </TextEquiv>
            </TextLine>
            <TextLine id="r3l168" custom="readingOrder {index:167;}">
                <Coords points="2210,4097 2978,4085 3080,4055 2994,4030 2930,4060 2820,4039 2209,4064"/>
                <Baseline points="2217,4091 2259,4091 2302,4091 2345,4091 2388,4090 2431,4089 2473,4087 2516,4086 2559,4085 2602,4083 2645,4081 2687,4080 2730,4078 2773,4076 2816,4074 2859,4073 2901,4071 2944,4070 2987,4069 3030,4069 3073,4068"/>
                <TextEquiv>
                    <Unicode>ia marchesa di Lansae, intervenuta alia</Unicode>
                </TextEquiv>
            </TextLine>
            <TextLine id="r3l169" custom="readingOrder {index:168;}">
                <Coords points="2200,4145 3076,4114 3075,4075 2932,4069 2570,4102 2199,4095"/>
                <Baseline points="2207,4131 2250,4130 2293,4128 2336,4127 2379,4125 2422,4124 2465,4123 2508,4121 2551,4120 2594,4119 2638,4118 2681,4117 2724,4116 2767,4114 2810,4114 2853,4112 2896,4111 2939,4110 2982,4108 3025,4107 3069,4105"/>
                <TextEquiv>
                    <Unicode>rappresentazione, si e divertita moltg e si</Unicode>
                </TextEquiv>
            </TextLine>
            <TextLine id="r3l170" custom="readingOrder {index:169;}">
                <Coords points="2603,4160 3086,4150 3085,4110 2603,4133"/>
                <Baseline points="2611,4157 2637,4157 2663,4157 2689,4157 2715,4157 2741,4157 2767,4156 2793,4156 2819,4155 2845,4155 2871,4154 2897,4154 2923,4153 2949,4151 2975,4151 3001,4149 3027,4147 3053,4146 3079,4144"/>
                <TextEquiv>
                    <Unicode>ands ene non Heende</Unicode>
                </TextEquiv>
            </TextLine>
            <TextEquiv>
                <Unicode>J4/0
#rn
0
1
S
Teatried
La
Apappagans Velde,, ur R. Schhltzler
e dimis:
Kuove 0

all' Argentina
Stanzi,
7 Un atto 9 — dice il cartellone;e vucl esse¬
Dammo 1
Pe un episodi0 Storico.
dire it vero, non si capisce troppo facil-]zione presa
mente che in quel 14 luglio 1789, in cui la ple¬ #della Stin
be dava Tassalto alla Bastiglia, potessero tro-seinte. Luhe
varsi ancorn a Parigi dei nobili i quali si di-Juna Tavoren
mente in d
le varie vic
vertissero a. frequemtare T’osterin del &amp; Pap¬
pagallo verde 9 — dove una compagnia di ri-Talla quale,
voluzienari meiteva in scena ogni giorno lepletamente
pid strataganti ribalderie per il gusto di lan-vin Italia.
La notizi:
ciare, con'T’aria di far per ischerzo, ferocissi¬
1o pitt inter
me comumelie all'indirizzo degli odiati arj¬
zione di
stecratiel. E dico che cio non si çapisce trop¬
mente da D
gli altri gli
Do, perché, se ben ricordo, la storia narra che
II Consig
gia prima di quel giorne Parigi era in balia
in questi
Togni sorfardi bandiß, che non scherzavano
mente in p.
davvero. Torme di vagabondi affamati erano
inconvenie.
venute dalla provincia. e dai bassi fendi della
grande cifta si era gia scatenata da marma-Tvarl teutri
11 il nostre
glia, che commetteva di giorno e di notte in¬
alla ricesti
ministrazio
Humerevoli atti di violenza. Si saccheggiavano
Bortini, ha
1e botteghe; nomini armati di piechee di spie¬
missioni pe
li violavano il domicilio dei cittadini agiali
serizioni de
per farsi dar da beree da mangiare; donnaccie
per parte d.
simili a furie scorazzavano per le vie strap¬
presentava.
panido gli erecchini alle signore; diecine e die.
E. per Ie 8
eine di migliaia di pezzenti spadroneggavano
Jontanino de
per tutta la cifta, senza che riuseisse a tenerli
stitnzione 1.
taltaniglzig
u. freno la. guardia nazionale. Parigi era, in¬
Le diteus
sommna, in mano alla plebaglia. Comne poteva
giorni in 80
dunque acchdere che signeri e'signore della
ne sono Sta
Hobilta prendessero come un innocuo spasso
all spettaceli dell’esteria di Prospero, neiIsianfo assol
quali balenava, dietro il sogglligno dellivo-Thei primi m.
vacissimou
nia. P’odio di quella plebe giä padrona?
chie il sig.
Walter Me¬
per di pinl, proprio mentre tuohava Mcannone
alla Bastiglia? — O i0 mni sbäglio, o bisogna. #e telegrafa
dunque dire che Pantore di quesio episode #lando d sm
Certo lo
storico-drammatico ha troppo deduto 1½a¬
inore dei contrastie ha voluto che T'azione si# liricn del Ce.
be stato des
svolgesse nei giorno della presä della Basti¬
DDE
glia per darle un finale ad effétto, non pen¬
b0
sando che non v'é ormad persond ccitn la qua-se
pal
le non abbia letto Taine.
VIII
parte cio, Tidea che ha ispiraté ad Arturo
nic
Schnitzler, un valente scrittore viennese, que¬
St
StO c Pappagallo verde n rishonde assai be¬
ind
ne ai caratteri storiei Jell’epoca ché précedei¬
S
le immediatamente la Rivoluziöné“ epoea di
#stravaganze oltre che di turbolchze, di feroch deit
Han
ironie oltre che di arcadiche ingehuftà floso-1 Bohe
1
liche; e la incoscienza delle classi dirigenti di¬
nanzi al terribile pericolo fü come tutti san-tuor
DO88
ma, tra le rause sprune del pretipitäre degif
tua
avvenimenti.
AVr
Nell’ostella del e Pappagallo verde , dun¬
Lac
dirsi comp
due, si danno ccnvegno. diretti“e pagati dal¬
almeno. 4
TP’oste che fu gia direttere di teatro, comjei a
tatenzionbe
htion mercato i quali recitano la commedia
della rivolnzione dinanzi agli avventori ari¬
stocratiei. La faccenda &amp; curiosa: duchj, con¬
iie marchesi ei divertono a sentirst chiamare
rappresent
con ogni sorta di epiteli ingiuriosj. à sentir¬
lari.
si rimproverare i lero vizi, minacciare di
Domani
mörte per mano del popelo vendicatore. Ora
Madama B
sceniskl.
aceade che und degli aterl, Enrico, 11 quale
Si anni
ha sposato Pattrice Leocndia, finga di saperla
sentazion
infedelee di avere per duesio neeiso it dechdi
AllADR:
Cadignan. Non é vero, ma egli lo racconta
con tanta arte, e le apparenze son fante aldata ieri
favere delle eua finzione, che finisceno per Jole Canti
cedutn ds
credervi tulti, perfino 1 suei compagni... i
biglietti 2
scena. Ed allora egli apprende per la prima
□
altesn C0f
volta che cio che aveva simmato 6 invece pro¬
refolo
prio la veritä: e poiche il duca entra in quel
NAZI
momento pell’osteria, egli gli si scaglia addos¬
Venerdi #
soe Tuceide.
SI CIX
Cosi dalla commedia si passa alla tragedia
1 A
come dalla fnzione rivoluzienarie dell’oste
7o. drami
Prospero al primo grande atto della Riveluzio¬
lesi. L’epi
I’Era Cris
ne francese. Peiche infatti glunge tumbltuan¬
21
1
10 la folla vincitrice della Bustiglin... — Ma
tano in ei
ia marchesa di Lansae, intervenuta alia
rappresentazione, si e divertita moltg e si
ands ene non Heende</Unicode>
            </TextEquiv>
        </TextRegion>
    </Page>
</PcGts>
