3436 4128
812 150 1271 226 ne Kakadu
459 164 519 228 D
205 168 1251 272 9. 3  FFICen
1415 137 1833 237 box 15/2
1986 250 2349 337 Telephon 12801.
2180 313 2858 465 „OBSERVER‘
1977 437 3100 521 I. österr. behördl. konz. Unternehmen für Zeitungs-Ausschnitte
2188 488 2914 568 Wien, I., Concordiaplatz 4.
2399 566 2713 621 Vertretungen
2005 596 3102 680 in Berlin, Budapest, Chicago, Christiania, Genf, Kopenhagen,
1996 637 3101 739 London, Madrid, Mailand, Minneapolis, New-Tork, Paris, Rom,
2185 678 2933 758 San Francisco, Stockholm, St. Petersburg.
2351 729 2771 797 (Quellenangabe ohne Gewähr.)
2003 808 3130 905 Ausschnitt ausWENER ABENDPOST
2003 914 2161 986 vom:
2319 1024 2786 1114 Theater und Kunst.
2073 1095 3135 1175 Das Drltsche Volkstkeater hat Samstag 2
2025 1155 3134 1237 den „Je#örschenen, K### hon Kleist und g.
2034 1191 3099 1295 den „Gtütn S##ler ge¬
2035 1255 3136 1328 spielt. Eine Letwas seltsame Kuppelung. Der „Zer-g
2036 1311 3125 1379 brochene Krug“ ist das Satyrspiel zum „König
2267 1346 3123 1428 Die Selbstverwicklungs=Katastrophe des
2034 1377 2258 1439 Oedipus“.
2044 1393 3132 1484 schuldigen Richters: unwissend-tragisch, wissend=komisch!
2035 1456 3133 1540 Verhüllte Geschehnisse, in inquisitorische Schein¬ 2
2050 1495 3085 1590 handlung umgesetzt, rollen vor unseren Augen ab, ein
2044 1550 3101 1623 Schleier um den andern wird weggezogen. Kleist hat
2047 1606 3086 1674 selbst dn „Oedipus“=Zusammenhang empfunden.
2055 1648 3101 1723 Die Darstellung seines Lustspieles gehört zu den
2058 1703 3086 1787 schwierigsten Aufgaben der deutschen Schauspielkunst.
2046 1770 3094 1827 Es verlangt die feinste dialektische Ausarbeitung des
2057 1805 3100 1883 Derbkomischen, das beweglichste Einzel= und das
2047 1858 3093 1930 genaueste Zusammenspiel. Ein Sprecher fängt dem
2060 1905 3094 1972 andern das Wort vom Munde ab. Die behaglich aus¬
2062 1949 3098 2024 malende Breitspurigkeit des Werkes gehört mit zu seiner
2054 2008 3104 2074 Komik. Seine Länge soll komisch wirken. Wegen eines
2054 2058 3110 2135 Kruges so viel Wesens und Geschrei! Und das ganze
2060 2106 3099 2183 Stück hinkt, wie Ludwig Speidel einmal sagte, sehr
2074 2155 3115 2229 sicher seinem Ziele zu. ... Diesmal blieb der Ein¬
2060 2203 3114 2283 druck noch hinter geringen Erwartungen zurück, ob¬
2059 2255 3115 2325 wohl der neue Regisseur Herr Richard Vallentin
2060 2308 3112 2389 in zahlreichen scharfen Proben abermals seine rührige
2074 2361 3106 2440 Berliner Intelligenz, seinen auslegenden Scharffinn
2074 2399 3122 2474 und seine resolute Reinhardt=Routine der Dichtung
2067 2453 3117 2531 zur Verfügung gestellt hatte. Herrn Höfer, dem
2065 2525 3128 2587 der Richter Adam anvertraut war, konnte er nicht
2073 2567 3133 2628 zum Komiker machen, ihm Humor einblasen. Herr
2082 2606 3119 2682 Höfer ist etwa der dritte Wiener Richter Adam des
2080 2676 3125 2725 fast hundertjährigen Stückes. Der erste war La Roche,
2074 2703 3137 2805 der die Figur ganz auf lüsterne Sinnlichkeit und er¬
2111 2780 3163 2881 finderische Durchtriebenheit stellte und unerschöpfliche
2109 2869 3157 2935 komische Wirkung aus der angenommenen scheinbaren
2117 2918 3146 2967 Ruhe des Angeklagten auf dem wackeligen Richter¬
2108 2950 3154 3016 stuhle zog. Diesen Richterstuhl umgab er nicht
2111 2984 3154 3069 einmal mit einem Geländer, stellte ihn auch auf kein
2110 3060 3159 3116 Podium. Er mußte immer im Husch bei seinem
2106 3110 3137 3174 Herzens=Evchen sein, ihr zuflüstern, in sie hinein¬
2104 3162 3138 3220 tuscheln, gierig=begehrlich, und aus den erwachsenden
2103 3207 3139 3269 Verlegenheiten holte der schlaue Fuchs nur immer
2113 3267 3132 3320 neue Ausflüchte und unerschöpfliche Ränke. Lewinsky,
2102 3306 3145 3365 sein Nachfolger im Amte, war viel gravitätischer und
2116 3359 3132 3415 hatte den Puffendorf wirklich gelesen. Sein Adam
2113 3399 3147 3468 stand neben Argan und Maitre Pathelin. Herr Höfer,
2110 3454 3148 3511 als dritter, wird in dieser Rolle schwerlich berühmt
2098 3518 3137 3573 werden. Es gebrach ihm sogar an der mimischen Aus¬
2100 3555 3148 3603 drucksfähigkeit. Gut war dafür Herr Amon,
2105 3611 3161 3682 Schreiber Licht, ein verkaiffener Federfuchser mit nach
2102 3673 3147 3719 innen verschlagener Schadenfreude, ein falsch be¬
2112 3698 3135 3773 scheidener, süß demütiger, auf seinen Vorteil
2113 3753 3132 3817 submissest bedachter Amtsanwärter. Herr Weiß
2116 3818 3138 3868 spielte den Gerichtsrat maßvoll und überlegen,
2107 3843 3152 3932 Herr Birron den Ruprecht kernhaft knorrig.
2110 3911 3140 3967 Frl. Galafrés, Evchen, sah hübsch aus.
2102 3944 3126 4011 Schade, daß sie vergaß, das derbe Bauernmädchen
2098 4002 3138 4052 vorzustellen. Frau Thaller, Marthe, sollte sich
2095 4050 3138 4139 einmal studienhalber eine keifende alte Bäuerin an¬
