3436 4224
1925 148 2371 255 box 16/1
153 184 1790 276 9.4. Der gruene Kakadu  zuklus
1547 1328 1628 1415 S
127 1377 2502 1467 inserer Bühne Schönthan und Koppel=Ellfeld in der „gold'nen Sorgfalt in die engsten Grenzen gefaßt, kein Wörk
139 1455 2517 1528 Gewand, im Eva“. Der Vorwurf ist aber ungleich tiefer, als zu wenig und zu viel. Man hätte das Schnitzler
1460 1495 2515 1570 kaum zutrauen mögen; kann die „Liebelei“ in der
135 1483 1470 1582 r nicht zu ver=er sich gibt. Die Jugendliebe Justina's zu Para¬
1468 1545 2513 1599 Technik eine gewisse Flüchtigkeit und Unbeholfen¬
441 1551 1071 1609 celsus ist sein zarter Grund:
1463 1598 2518 1660 heit nicht verleugnen, hier trifft beides zu einem
504 1576 1234 1655 Seht diesen hab' ich wirklich lieb gehabt,
133 1582 443 1673 eginn des 16.
509 1632 1326 1695 Ach, lange noch .. . Oh, Cyprian, wie lang!
1477 1632 2514 1714 harmonischen Ganzen, die tiefe Kraft der Stim¬
145 1654 435 1716 des Waffen¬
582 1663 1399 1729 s Ihr von dannen giengt, vor dreizehn Jahren,
1467 1682 2405 1755 mung und der meisterhaft geführte Dialog.
155 1701 445 1770 ist ungefähr
624 1708 1389 1778 Abschied und ein Wort von Wiederkommen,
1526 1742 2521 1809 Wie sich in diesem Schauspiel eins aus dem
157 1750 434 1816 aracelsus er¬
633 1748 1384 1835 teint', ich müßte sterben. Wärt Ihr damals
641 1800 1271 1854 er Nacht da Ihr die Stadt verließt,
1470 1785 2513 1867 andern ergibt: Dem Professor Robert Pilgram ist
207 1797 443 1861 seine Zau¬
146 1799 206 1859 rch
642 1826 1329 1902 als zurückgekehrt — ach Alles hätt' ich,
1484 1842 2515 1899 seine Frau plötzlich gestorben. Was er früher
624 1869 1303 1931 Ihr verlangt, Euch freudig hingegeben,
1469 1891 2518 1949 ahnte, wird jetzt zur Gewißheit, daß ein intimes
328 1895 431 1952 des¬
611 1920 1292 1972 ch auch wußte, daß der nächste Morgen
1467 1939 2519 2008 Verhältniß zwischen der Verstorbenen und seinem
334 1941 447 2008 erirt
583 1934 1376 2021 rewig mir Euch nahm — so liebt' ich Euch!
1473 1986 2507 2038 Assistenten Doctor Hausmann bestanden habe.
305 1986 447 2052 in ein
504 1991 1249 2055 Wer weiß, wie viele Fenster in der Stadt
499 2009 1436 2091 Allnächtlich offenstehn für Einen, der — nicht kommt!
1464 2025 2513 2096 Der Tod ist dazwischen getreten, bevor es seine Lö¬
289 2029 447 2096 rwacht,
1469 2084 2511 2139 sung fand. Ihm war sie schon seit langem ver¬
501 2083 1475 2158 Jetzt nach Jahren betritt er wieder ihr
1474 2128 2517 2185 loren. Er zürnt ihr nicht, jetzt ist sie todt und der
146 2118 1473 2197 beharrt hart= Haus. Er ist weit gereist, sie sieht, sie würde wohl
1474 2177 2529 2228 Tod gleicht ja so viele Gegensätze aus, die sich im
135 2187 1465 2254 Schuld. Die nicht mehr zu ihm passen, Zeit auf Zeit ist dazwi¬
1468 2221 2520 2285 Leben blutig gestoßen. Da folgt aber Schlag auf
283 2226 446 2289 yprian
123 2219 226 2290 ben.
434 2243 1471 2310 schen gerückt, aber aus jener Jugend tönt es wie
303 2275 384 2335 rt de
1473 2271 2522 2340 Schlag. Von Hausmann erfährt er, er sei schon
441 2288 1321 2352 frühe Glocken durch die morgenklare Luft.
1472 2319 2516 2383 seit über einem Jahre im geheimen verlobt ge¬
318 2324 442 2381 s löst
512 2308 1471 2389 Um dieses Wiedersehen war es dem Dichter
1464 2373 2519 2428 wesen und die Freundin der Todten eröffnete ihm,
324 2362 445 2438 chlaf,
432 2384 1466 2436 vor allem zu thun. Deat er mit den feinsten
1477 2422 2523 2483 Eveline habe darum gewußt. Sie war keine Ge¬
320 2421 1472 2497 ver= Farben getönt. Ein anderer hätte vielleicht das
1471 2459 2517 2520 fährtin, keine Geliebte, sondern nur ein Weib,
305 2475 1465 2532 eit zu ganze tragisch gegeben, ihm war es nur um dies
135 2518 212 2572 nu
1477 2513 2523 2582 ihm fremd und fern, „das zufällig in diesem Hause
268 2518 1465 2590 atürlich eine zu thun: Die Vergangenheit steht nochmals
147 2564 2519 2632 sie spricht die auf, sie ist beinahe so schön und glänzend wie ehe=gestorben ist“. Es bricht alles zusammen. Dort,
167 2607 2533 2675 geliebt und dem und doch wieder nicht ganz so. Sie ist aber wo er Reinheit und Liebe hoffte, Schmutz, Lüge
1469 2656 1928 2728 und Gemeinheit ...
143 2662 1472 2738 Freundschaft Befreiung, das Idealbild des Wunderdoctors zer¬
124 2706 1487 2781 aber fremd ge= flattert in der Wirklichkeit, die Sehnsucht ist still
1527 2698 2519 2781 Es ist seltsam diese Stimmung, wenn wir einen
134 2765 1478 2846 und Cyprian geworden und das Leben reich an Schönheit und
1476 2754 2523 2840 Todten bestattet haben. Das Leben geht weiter
134 2796 654 2882 den Herzens= Stärke
1467 2817 2519 2868 und nichts mahnt daran, daß sie je anders ge¬
502 2850 2521 2918 Das zweite, „Die Gefährtin“ ist ein wesen sei. Nur ist alles so leer, so furchtbar still
124 2902 2538 2954 tte und lustige Meisterwerk dramatischer Kunst. Der Aufbau ist und leer. Das hat der Dichter in wundervoller
128 2944 2567 3040 Das kann auch so klar und durchsichtig und fast mit peinlicher! Weise wiedergegeben: Sollte man glauben, daß!
