3392 4256
1041 123 1085 189 7
2107 126 2565 216 box 15//6
316 124 1974 242 9.4. Der gruen, Kakadn zykIus
850 1060 1044 1126 —
390 1092 1729 1163 jen der 1 über die Gruppe der Seychellen und Amtranten due. Duren
402 1152 557 1204 als elf
578 1161 1761 1210 Salaam in Ostafrika, woselbst man mehrere Tage verweilte, und
1763 1136 2265 1232 festgestellte Thatsache:
388 1190 540 1240 00 und
576 1197 1756 1255 trat von hier aus die Rückreise durch das Rothe und das Mittelmeer
1839 1197 2941 1272 „Betreffender Knabe verunglückte am Sonnabend, den
402 1214 562 1277 1) eine
571 1234 1577 1274 nach Hamburg an, den Suezkanal am 12. April passirend.
1773 1242 2947 1309 15. d. Mts., vor der Schule und dem Schulbeginn bei einer Art
389 1265 563 1322 ie (der
645 1271 1752 1330 Aus den vorstehenden, naturgemäß nur kurzen Angaben ergiebt
1772 1283 2954 1341 Diskosspiel dadurch, daß ihm ein massives hölzernes Rädchen
900 1361 1417 1448 Deutsches Theater.
1759 1378 2943 1440 Lob. Herr Kainz ging als Henri von der erfundenen Rache¬
1773 1419 2947 1507 that mit großem Geschick zur wirklichen über. Alle kleinen
650 1431 1741 1502 Arthur Schnitzler, dessen „Liebelei“ und „Abschieds¬
386 1445 556 1502 1aller¬
1769 1465 2481 1523 Rollen wurden vorzüglich ausgeführt.
562 1475 1757 1533 souper“ wir eine dankbare Erinnerung bewahrt haben, versetzte uns
388 1486 550 1552 ressant,
1838 1509 2936 1577 Den schwächsten Theil der Vorstellung bildete der dritte
572 1531 1746 1586 gestern durch neue Einakter in drei verschiedene Jahrhunderte
384 1529 549 1604 e, ihn
1762 1554 2942 1601 im Bunde der Einakter „Paracelsus“. Der berühmteste
563 1570 1754 1620 und Länder. „Die Gefährtin“ spielt in der Gegenwart bei
1762 1588 2949 1666 Arzt des 15. Jahrhunderts wird uns in Basel als Hypnoti¬
569 1612 1745 1677 Wien und bildet den melancholischen Nachhall einer Ehe¬
1762 1634 2938 1710 seur vorgestellt. Paracelsus suggerirt der Frau eines aufge¬
566 1661 1744 1722 tragödie. Ein alter Professor, dessen junge Frau gestorben
382 1645 556 1717 rennes
1765 1678 2937 1746 blasenen Bürgres eine Liebesbeichte. Die phautastische, kleme
561 1700 1748 1762 und begraben ist, hatte es dieser verziehen, daß sie ihm nur
388 1704 544 1763 g ver¬
1766 1731 2944 1794 Handlung ist so verschwommen und unwahrscheinlich, daß trotz
569 1741 1739 1799 Geliebte und nicht Gefährtin gewesen und daß sie seinem
405 1741 548 1801 Jury
1753 1762 2944 1819 der guten Darstellung seitens des Fräul. Dumont und der
561 1773 1746 1847 Assistenten ihr Herz geschenkt hatte. Nun muß er aber zur
380 1786 549 1846 nsehen.
1763 1807 2940 1882 Herren Nissen und Kainz eine Illusion im Zuschauer nicht
567 1818 1747 1890 schlimmen Letzt noch erfahren, daß die Verewigte weit treu¬
395 1836 539 1883 wenn
1768 1847 1933 1913 aufkam.
2727 1864 2899 1926 R. E.
559 1866 1750 1929 loser und verworfener gewesen, als er vorausgesetzt hatte.
397 1872 548 1929 wenig
561 1914 1736 1966 Eine gute Freundin befreu ihn von der Trauer um die Frau,
395 1909 557 1984 “ der
1837 1904 2936 1981 Oskar Saner ist von einer längeren Krankheit wiederhergestellt
568 1953 1748 2001 die er einst geliebt, und er tritt eine Reise an, um möglichst
382 1957 546 2017 ebener,
1769 1949 2938 2023 und übernimmt in der Aufführung von „Hans“ im Deutschen
563 1992 1746 2060 rasch zu vergessen. Die wehmuthsvolle Stimmung des Dra¬
382 2003 547 2057 mbeine
1761 1997 2939 2077 Theater am nächsten Montag wieder die Rolle des Professor Hartog,
1760 2038 2771 2083 in welcher ihn inzwischen Herr Emil Lessing vertreten hat.
574 2041 1747 2088 molets wurde durch Herrn Nissen meisterhaft zum Ausdruck
1834 2077 2936 2148 Das Stipendium der Ersten Michael Beer'schen
558 2087 1736 2143 gebracht. Durch gebrochene Haltung, kurzathmige, beklommene
384 2088 551 2146 zt, das
1758 2090 2930 2192 Stiftung im Betrage von 2250 M. zu einer Reise nach Italien
562 2126 1753 2189 Sprache und düsteres Mienenspiel offenbarte sein Professor
380 2132 549 2190 Ihnen,
1761 2150 2783 2211 hat der Bildhauer Alexander Juray in Berlin erhalten.
553 2172 1746 2240 den tiefen seelischen Schmerz des Vereinsamten, und seine
383 2176 549 2228 mann,
1829 2186 2934 2253 Der Fürst von Monaco het den Grundstein zu einem Ozeana¬
568 2208 1740 2290 Empörung flammte mächtig auf, als er dem Rivalen gegen¬
380 2218 539 2273 uf eine
1758 2232 2931 2272 graphischen Museum gelegt, über welches der deutsche Kaiser das
563 2244 1481 2316 überstand und an dessen Verworfenheit glaubte.
381 2260 553 2333 welche
1763 2270 2937 2327 Protektorat zu übernehmen sich bereit finden ließ. Bei dieser Ge¬
1753 2299 2940 2369 legenheit spendete der Kaiser dem Fürsten das Lob, dieser habe durch
638 2309 1732 2369 Der zweite Einakter, „Der grüne Kakadu“ hat das
1754 2350 2945 2394 emsige Untersuchungen viel dazu beigetragen, das Licht der Wissen¬
386 2324 537 2402 rennes
560 2347 1729 2414 Paris zur Zeit der großen Revolution zum Schauplatz.
1759 2378 2946 2430 schaft in das geheimnißvolle Dunkel des Meeres zu tragen und habe
403 2388 539 2444 große
555 2392 1731 2452 Schnitzler, der seine Stoffe mit Vorliebe der korrumpirten Ge¬
1759 2427 2935 2477 gleichzeitig durch diese unermüdliche Forscherarbeit die menschliche
399 2429 546 2501 seines
553 2433 1734 2499 sellschaft entnimmt, schildert im „grünen Kakadu“ einer
1749 2449 2931 2526 Wissenschaft auf ein Gebiet geleitet, dessen Bedeutung und Nutzen
560 2469 1742 2536 Kellerkneipe, den äußersten Tiefstand französischer Sitten¬
1760 2498 2526 2545 allgemein noch nicht genug gewürdigt werde.
379 2504 544 2588 wohl
564 2521 1738 2594 verderbniß. Mitglieder der hohen Aristokratie ergötzen sich
1823 2535 2936 2594 Obgleich dieser edle Fürst und Schirmherr der Spielhölle zu
557 2565 1746 2628 daran, daß verlotterte Komödianten Verbrecher spielen. Diese
1751 2567 2933 2614 Monte Carlo einen kleinen Theil jeuer vielen Millionen, die ihm
369 2585 551 2667 ie mit
561 2618 1737 2675 aber schmähen und bedrohen sie im Spiel und es ereignet sich,
1764 2612 2927 2670 aus der Spielbank zufließen, auf Tiefseeforschungen verwendet hat,
1748 2639 2935 2700 so schlägt der Kaiser dessen Verdienst um die Wissenschaft doch wohl
364 2644 547 2702 sprach:
556 2644 1736 2701 daß einer von ihnen „mit dem Tod in der Brust den sterben¬
1755 2686 2931 2749 zu hoch an, denn weit mehr als durch Fürst Alberts Ausflüge an
388 2688 538 2743 gewiß
556 2690 1738 2749 den Fechter spielt". Der Dichter hat es verstanden, einer
1755 2724 2935 2772 Bord seiner üppig ausgestatteten Bacht haben die Challenger=, die
383 2729 537 2783 istellen
554 2737 1738 2791 Reihe von tumultuarischen Szenen ein mächtiges Crescendo
1758 2759 2936 2805 deutsche Plankton= und die demnächst heimkehrende Valdivia=Expedition
397 2775 536 2828 Herrn
549 2772 1742 2848 dadurch zu geben, daß er in den tiefen, düstern Keller
1749 2796 2934 2866 die menschliche Wissenschaft auf das Gebiet maritimer Forschung
562 2812 1731 2876 hinein den schrille unheimlichen Lärm und eine tosende
1752 2829 1909 2892 geleitet.
553 2865 1735 2912 Volksmenge vom Sturm auf die Bastille hineinfallen
561 2904 1728 2965 läßt. Hier ist die dramatische Technik bewunderns¬
1972 2887 2697 2954 Neue Bücher und Schriften.
375 2943 440 2997 in
1818 2932 2936 3023 Revue de morale sociale. Ire année. Nr. I. Paris.
549 2947 1732 3010 werth, aber die unwahrscheinliche, auf Sensation abzielende
1761 2968 2512 3042 V. Girard et E. Brière, libraires-éditeurs.
381 2979 540 3042 g, der
554 2988 1732 3044 Erfindung ist es nicht. Die Regie hatte dielen Einakter ganz
1815 3014 2932 3070 H. Siercks Klaus Groth. Sein Leben und seine Werke.
377 3023 542 3095 iklaren
545 3015 1742 3100 brillant inscenirt und der Effekt der tragischen Schlußseene
1746 3039 2932 3126 Ein denisches Volksbuch. Mit einem Kupferstich. Kiel und Leipzig.
547 3085 2304 3144 wirkte grandios. Auch das Zusammenspiel verdient warmes 1 Verlag von Lipsius u. Tischler.
695 3229 1383 3428 Necherte.
