3436 4320
770 188 1300 269 uene Kakadu
227 211 1283 319 9.3. Der gl  n anse n e
1182 1449 1570 1541 Telephon 12801.
532 1633 1341 1756 MERTERET
430 1666 522 1734 *
432 1713 1583 1818 G l. österr. behördl. konz. Unternehmen für Zeitungs-Ausschnitte
448 1797 524 1846 6
605 1770 1482 1877 Wien, I., Concordiaplatz 4.
830 1842 1275 1936 Vertretungen
424 1874 550 1936 4
473 1895 1596 1987 0 in Berlin, Budapest, Chicago, Christiania, Genf, Kopen¬
430 1931 1606 2035 hagen, London, Madrid, Mailand, Minneapolis, New-Vork,
506 1976 1576 2061 Paris, Rom, San Francisce, Stockholm, St. Petersburg.
862 2029 1251 2099 (quellenangabe obue Gewahr.)
439 2071 977 2178 “ Ausschnitt aus:
775 2100 1574 2238 eue Freie Presse, Wien
440 2155 498 2225 81
1043 2178 1295 2277 3 9. 1907
440 2209 712 2303 g vom:
557 2231 1653 2322 [Deutsches Volkstheater.] In der Wildeschen
453 2303 1650 2371 Tragödie „Salome“ syielte Ftäulein, Lili Marberg heute die
483 2354 1653 2416 Titelrolle, eine interessante Psistung, deren man sich von ihrem
475 2389 1649 2463 vorjährigen Gastspiele her erimnert. Das Kindlich=Jungfräuliche
489 2427 1655 2497 gelingt (uhrchesser als das Fanatisch=Leidenschaftliche, ihre äußeren
476 2475 1653 2559 Mittel kommen auch im orientalischen Rahmen zur Geltung,
481 2514 1661 2582 aber ihre Sprache klingt immer modern wie die einer mondänen
472 2552 1646 2625 Dame, die in Berlin oder Dresden im Pensionat gewesen ist.
469 2599 1650 2686 Auf die groteske Tragödie folgte Schnitzlers tragische Groteske
489 2648 1657 2728 „Der grüne Kakadu“, diese tiefernste Gaukelei zwischen Spiel
485 2682 1653 2773 und Wirklichkeit, die sich an manchen Stellen bis zum Ge¬
473 2730 1648 2801 waltigen erhebt. Beide Stücke zählen zu den besten Leistungen
482 2786 1655 2845 der Inszenierungs= und Darstellungskunst dieser Bühne. Die
490 2811 1650 2885 Damen Galafrés, Müller, Schweighofer und
490 2864 1660 2924 Pellar, die Horren Weisse, Kutschera, Kramer und
496 2901 1659 2982 Homma und alle anderen bildeten eine musterhafte Gesamt¬
495 2937 1667 3007 heit, in der sich auch die neuen Mitglieder, die Herren Klitsch,
493 2991 1382 3085 Achterberg und Askonas gut bewährten.
1430 176 1866 270 box 15/2
2567 1488 2959 1578 Telephon 12801.
2235 1652 2915 1779 TTRT S
1817 1743 2960 1840 O l. österr. behördl. konz. Unternehmen für Zeitungs-Ausschnitte
1826 1831 1889 1876 66
1975 1799 2868 1906 Wien, I., Concordiaplatz 4.
2201 1885 2648 1965 Vertretungen
1880 1923 2961 2011 in Berlin, Budapest, Chicago, Christiania, Genf, Kopen¬
1886 1984 2974 2053 hagen, London, Madrid, Mailand, Minneapolis, New-Vork,
1918 2006 2940 2085 Paris, Rom, San Francisco, Stockholm, St. Petersburg.
2225 2063 2634 2131 (Quellenangabe ohne Gewähr.)
2375 2095 2661 2178 13 9 1907
1826 2109 2364 2199 “ Ausschnitt aus:
2061 2162 2736 2249 abes Wiener Journal
2759 2212 3027 2306 •I. E1D.
1822 2235 2061 2304 E vom:
1894 2285 3060 2387 (Deutsches Volkstheater.) Eine Reprise von Oskar
1783 2342 3060 2415 Wäldes „Salome“ gab gestern Gelegenheit, Fräulein Lili
1798 2387 3059 2470 Marberg in der Titelrolle wieder zu sehen. Der fünfmalige
1791 2466 3064 2533 Hervorruf bestätigte den tiefen Eindruck, welchen die Künstlerin
1796 2501 3071 2583 mit ihrer Darstellung auf das gut besuchte Haus ausühte. Um
1804 2537 3054 2611 bei Wiederholungen den Eindruck nicht abzuschwächen, welchen die
1793 2590 3055 2663 vorzügliche Aufführung der Tragödie hinterläßt, möge der Regie
1811 2633 3067 2711 empfohlen sein, daß am Schlusse auf den Ruß des Herodes:
1818 2702 3060 2763 „Zermalmt sie!“ die Soldaten nicht mit der klassischen Ruhe
1812 2729 3088 2822 ihre Schilde aus Pappendeckel auf Salome niedersenken, mit!
1812 2779 3071 2875 der gestern Salome „zermalmt“ wurde. Der Tragödie folgte
1821 2810 3080 2902 Artur Schnitzlers Groteske „Der grüne Kakadu“ mit
1820 2860 3112 2959 Fräulein Hedy Herbert als neuengagiertem Mitglied. Soweit (
1814 2924 3120 3012 die Rolle es gestattet, machte sich die Debütantin angenehm #
1795 2974 3069 3069 bemerkbar. Ihr Können zu beurteilen bleibt einem weiteren Auf¬
1798 3028 3128 3112 treten vorbehalten. Aus dem Rahmen des Ensembles ragtene#
1807 3051 3271 3166 Herr Kramer als Henri, Herr Homma als Grain und 2
1807 3114 3111 3210 unter den Damen Lesonders Fräulein Galafres als Leccadies!
1785 3190 1983 3285 hervor.
