3392 4256
1413 129 1853 234 box 15/3
685 141 1286 224 ruene Kakadu
472 151 617 226 Der
207 143 1281 264 9.3. J. Jeeanuna
407 1242 1514 1318 und zu ballen, lockerte er und faltete auseinander. Er
1534 1239 2625 1320 wundert. Aber der fliehende, schleppende Gang auf
412 1299 1519 1359 vermehrte die „Natürlichkeit“ um Spielnuancen
1526 1318 2634 1380 den Ballen, mit nach außen gedrückten Knieen sagt
407 1352 1503 1401 (Nägelputzen des Jean), statt sie um ihre letzten An¬
1531 1365 2611 1418 nichts mehr. Der Ton, dünn, flach, unintensiv, ist
407 1392 1508 1466 deutungen zu bringen. Er gab Einfälle, statt Grund¬
1536 1403 2629 1464 Manier. Tilla Durieux' Konversation barst nicht von zu¬
415 1445 1214 1511 idee. Belebungen statt Vergeistigung.
1533 1457 2630 1513 rückgedrängten Energien. Ihr Händespreizen deutete
437 1467 1498 1541 Der erste Ton, der erste Schritt des zuerst auf¬
1536 1501 2627 1554 keine innere Spannung an. Die Szenen waren nicht
412 1531 1511 1603 tretenden Schauspielers können den Charakter der
1533 1543 2635 1625 angelegt, nicht gebaut, nicht gezielt, nicht gerichtet.
403 1580 1508 1653 Vorstellung bestimmen. Als Herr Klöpfer hurtig als
1532 1601 2636 1647 Weder Regisseur, noch Schauspieler wußten um den
400 1639 1502 1689 Jean auftrat und nebenbei zu reden anfing, war das
1536 1652 2635 1720 geheimen Willen der Auftritte, um ihr Tempo, um
410 1690 1515 1745 Schicksal der Aufführung entschieden. Man wußte,
1534 1682 1848 1757 ihre Tendenz.
414 1727 1518 1799 daß kein rhythmisches Ohr den Dialog, kein rhythmi¬
1580 1730 2629 1797 „Fräulein Julie“ läßt sich hart, gemeißelt, ruhig,
408 1764 1513 1841 sches Auge die Körper geleitet hatte. Herr Klöpfer
1528 1787 2631 1847 ohne realistische Zwischentöne, ohne sprachliche Ver¬
405 1824 1515 1893 hatte viel für den Jean: seine Brutalität und seine
1521 1830 2634 1908 wischung geben. Jeder Zufall der Wirklichkeit muß
413 1877 1512 1937 Schwäche, sein Aufbegehren und seine Eitelkeit, seine
1536 1882 2630 1951 entfernt und das Stück auf einem neutralen Schau¬
407 1915 1506 1990 Rauheit und seine Talmieleganz. Aber er hatte nicht
1534 1937 2630 1981 platz aus Licht und Dunkel geschaffen werden. (Zwei
401 1962 1514 2032 seinen Darstellungsstil. Er, der am besten ist, wenn er
1535 1987 2621 2049 Sätze des Vorworts, mit denen Strindberg die Not¬
414 2021 1510 2071 schwer, zäh, sparsam, gedrängt spielt, zerfloß und zer¬
1536 2017 2624 2094 wendigkeit des impressionistischen Darstellungsstils für
411 2068 1504 2112 rann. Er gab, vom Regisseur irregeführt, die banale
1532 2082 2628 2149 „Fräulein Julie“ beweisen will, beweisen das Gegen¬
412 2109 1503 2167 Wirklichkeit eines Bedienten, aber nicht die dämonische
1540 2128 2626 2188 teil. Strindberg verlangt eine Dekoration, die sich
411 2156 1502 2208 Unwirklichkeit des Jean. Wie er in der ersten Sene
1537 2171 2634 2236 seitwärts ohne Türen und Fenster im Raum verliert
407 2199 1511 2264 mit der Grüning sprach, hörte man „Die Dienstboten“.
1530 2221 2626 2271 und nimmt expressionistische Experimente vorweg. Er
406 2242 1513 2328 von Benedix (und bedauerte, daß die Akteure nicht
1534 2263 2634 2330 lehnt das verwirrende Rampenlicht ab und fordert die
411 2300 1070 2363 Vollmer und Schramm hießen).
1527 2316 2626 2378 konzentrierende, also die Realität aufhebende Reflek¬
445 2342 1508 2409 Aber Herr Klöpfer hatte wenigstens Momente, die
1529 2367 2625 2423 torenbeleuchtung.) Wenn der Einakter als konzentrier¬
400 2387 1503 2474 Flammen hergaben. Frau Durieux hatte nicht einmal
1531 2407 2630 2476 ter Einakter gegeben wird, wird, was bei Strindberg
408 2448 1502 2513 Momente. Eine Erkältung, mit der sie spürbar
1534 2455 2630 2524 Experiment ist, in die Unerbittlichkeit der Gestaltung
402 2487 1498 2563 kämpfte, abgezogen — was ist aus dieser Schau¬
1537 2501 2625 2578 hineingerissen. Und Requisit und Ort werden das, was
401 2538 2629 2634 spielerin geworden? Ich habe Frau Durieux oft be¬ sie im Grunde schon sind: Verankerung der Vision.
2686 1243 3323 1329 Niemals hat Barnowsky für
2647 1312 3342 1391 quenz verlangen, Schärfe und Ge#
2651 1363 3323 1416 lers „Grüner Kakadu“ hätte i
2649 1410 3334 1473 dessen Beweglichkeit nur Unruhen
2656 1460 3322 1521 digkeit aber führt sich auf die
2646 1506 3334 1574 mit der sie vorbereitet, gegliedert,
2655 1556 3317 1629 wird. Die deutsche Literatur ist
2651 1603 3326 1663 Dramen des Gefühls. Sie ist
2648 1640 3334 1707 Dramen des geistig kontrolliert
2660 1681 3329 1748 bleibt außerordentlich, wie Schn
2650 1740 3336 1810 seelische Leidenschaften: Revoluti
2653 1791 3325 1856 nisch aufsaugt, so daß sie — im W
2650 1839 3336 1900 lichkeit und Spiel — nur szenisch
2660 1885 3338 1950 Weil Schnitzler die menschliche Ber
2645 1941 3312 2001 er aufwühlende Erlebnisse als
2657 1974 3334 2046 geben, ohne den Takt zu verletzen
2668 2018 3330 2104 einige Billigkeiten und überpoin
2693 2077 3327 2141 Dieser schwingende, elastische
2650 2119 3328 2187 Übersicht, Klarheit und Dispositio
2640 2174 3332 2233 Gliederung, die dem Schauspieler d
2656 2222 3331 2285 Im Lessing=Theater gab es Löchen
2649 2277 3335 2332 Darsteller nichts hatten, woran sie
2649 2320 3334 2388 mit ihrem Gehör nach dem Stic
2642 2370 3317 2430 glücklich waren, wenn sie es in
2655 2411 3325 2485 Immerhin setzte sie Derr Klöpf
2648 2463 3268 2527 Tantenmörder Grain durch.
2647 2503 3309 2584 parodierte zwar die Marquise,
2641 2566 2955 2638 war gekonnt.
2792 2610 2909 2673 3b
2852 2675 3328 2756 Es ist schwer, gerade
2811 2722 3326 2793 schreiben, wo über dem
2804 2771 3331 2849 der Geist der Trianon
2801 2811 3334 2899 hebt. Aber je heft
2811 2866 3329 2937 Rotter ablehnt, je schro
2798 2912 3327 2982 Brahms der Praxis the
2807 2960 3333 3034 will, desto rücksichtslosen
2808 3017 3308 3084 seine eigene Begabung
2812 3062 3278 3133 allem für Strindberg,
2810 3086 3313 3176 Ehrgeizes, aber nicht di
2808 3152 3255 3227 Engagement eines hä
3264 3165 3316 3242 tef
2807 3203 3265 3282 den Regisseurs raten.
