3436 4256
360 151 717 220 Arbeiterschaft.
734 148 1887 216 Gewährung ihres anerkannten guten Rechtes einen jämmer¬
735 199 1884 246 lichen Brocken zu unterschieben, der übrigens mit voller Ab¬
362 200 681 280 Wahlrecht.
752 232 1886 298 sicht in einer Form dargeboten wird, welche die praktische
344 268 719 335 nittags eine Ver¬
733 273 1886 329 Verwirklichung auch dieser elenden Wahlreform unmöglich
342 316 724 378 aft statt, welche
742 327 1882 375 macht. Die socialdemokratische Arbeiterschaft Niederösterreichs
332 360 726 419 on gegen die
737 364 1883 411 brandmarkt dieses Vorgehen der christlichsocialen Beherrscher
338 399 721 466 Herabsetzung
746 404 1885 468 des Landes als einen faulen Schwindel, der nichts
355 446 730 503 Wahlreform¬
748 455 1881 519 Anderes offenbart als, den brutalen Egoismus und
340 491 730 552 idesausschusses ge¬
754 505 1304 562 ihre feige Heuchelei.
340 535 721 596 inn der Zuzug der
835 546 1890 601 Auch diese Resolution wurde einstimmig ange¬
330 579 729 634 ereits eine halbe
750 582 1897 649 nommen, worauf der Vorsitzende Grosse die Ver¬
333 621 729 679 ren alle Theile des
744 627 1891 681 sammlung mit der Mahnung schloß, in ruhiger
326 663 724 719 5000köpfigen
743 675 1894 729 und würdiger Weise den Heimweg anzutreten. Unter
340 707 736 769 zen besetzt. Mehrere
750 716 1889 781 Hochrufen auf die Sozialdemokratie und Absingung von
340 757 723 815 hr finden konnten,
749 761 1890 820 Arbeiterliedern entfernten sich die Anwesenden. Die Polizei
339 795 724 860 es, verhielten sich
742 802 1886 867 hatte die Zugänge zur Ringstraße abgesperrt und veranlaßt,
331 838 731 894 ihlreich aufgebotene
744 855 1893 914 daß die Abziehenden über die Lastenstraße den Weg zu den
336 877 721 944 iten hatte. Namens
744 885 1891 944 äußeren Bezirken nehmen. Den Anordnungen der Polizei
350 934 735 997 etschneider die
750 933 1885 991 wurde auch widerstandslos folge geleistet. Vor dem Justiz¬
362 970 731 1028 in welcher er be¬
750 983 1891 1032 palais wollte ein Arbeiterzug unter demonstrativen Rufen
342 1011 722 1073 it sei, eine Massen¬
740 1028 1898 1083 die Kette von Wachleuten durchbrechen und vor das Rath¬
334 1056 734 1116 zustellen gegen das
748 1078 1895 1126 haus ziehen. Auf Zureden Schumeier's, der sich in
334 1102 721 1158 faber, welche die
737 1107 1901 1161 dieser Gruppe befand, stand die Menge von ihrem Vorhaben
331 1137 725 1205 hulpflicht ver¬
743 1146 1895 1213 ab und trat durch die Lerchenfelderstraße den Heimweg an.
747 1190 1901 1239 Vor dem Hause des Landesausschusses und Reichsraths¬
345 1210 723 1287 er die Schulfrage.
741 1227 1900 1293 abgeordneten Dr. Geßmann demonstrirten die Arbeiter
338 1265 723 1332 irtei die Arbeiter
739 1282 1419 1355 mit Abzug= und Pfuirufen.
353 1313 727 1367 tellung zu nehmen.
362 1359 734 1417 iese den Arbeitern
368 1399 734 1474 sie hat sich immer
1038 1394 1620 1488 Der Brünner Mord.
366 1438 740 1507 isen. Schon gestern
879 1466 1782 1528 (Original=Bericht der „Neuen Montags=Zeitung“.)
352 1489 732 1549 esucher dieser Ver¬
831 1530 1902 1586 Aus Brünn, 5. März, wird telegraphirt: Es dürfte
360 1536 731 1595 isammengeklaubten
753 1569 1900 1627 wohl außer allem Zweifel sein, daß der am 2. d. M. in
352 1578 734 1637 nde Entrüstungs¬
752 1617 1896 1673 Turas verhaftete Schuhmacher Anton Zavralek der
348 1615 728 1689 renbürgern“ nicht
748 1665 1897 1720 Mörder des Uhrmachers Podrazil ist. Bei einer bei ihm
356 1661 732 1725 iedner) das Recht
747 1690 1903 1766 vorgenommenen Hausdurchsuchung wurden in verschiedenen
369 1708 732 1768 hen. Glaubt denn
749 1751 1900 1813 Verstecken vom Morde herrührende Schmuckgegenstände und
374 1755 740 1812 Recht haben, über
761 1801 1470 1862 blutbefleckte Kleidungsstücke gefunden.
367 1796 741 1856 hschule beim
844 1840 1900 1897 Ein weiteres Verdachtsmoment findet die Polizei in
370 1841 735 1911 der Spittel¬
757 1894 1894 1939 einem Briefe, welchen sie am 24. v. M. erhielt. Derselbe
752 1927 1897 1982 lautet: „Meine verehrten Herren! Das ist nicht das Erste
367 1910 727 1988 chtlich der Schule
752 1973 1895 2026 und das Letzte, dessen wird es noch mehr geben,
369 1963 736 2036 Lehrer hinein!
765 2014 1896 2067 meine Lieben. Der Schuster ist ein Durchtriebener,
370 2019 737 2081 agte eine Resolu¬
753 2061 1892 2119 den sollt Ihr nicht so leicht bekommen, auch für 500 Kronen
396 2056 737 2125 Massenversamm¬
765 2106 1658 2173 nicht!“ Unterschrieben war der Brief mit „K.“.
385 2100 742 2164 ialen Partei im
847 2142 1902 2205 Die Schriftzüge des Briefes ähneln auffallend denjenigen
391 2143 740 2209 schulbehördlichen
384 2194 735 2252 n der obersten
749 2198 1894 2246 eines Briefes Zavralek's an seinen Cousin, in welchem
760 2236 1903 2285 er diesen um Gotteswillen bittet, auszusagen, daß er ihm
382 2235 736 2293 issenen und
383 2279 735 2343 Verderbung
760 2276 1522 2356 (Zavralek) 36 Gulden gegeben habe.
390 2325 736 2384 ersuch, die besitz¬
401 2369 747 2431 Verschlechterung
1001 2382 1662 2461 Wieder ein Waldmensch.
405 2411 742 2488 Entwickelung zu
883 2450 1777 2533 (Original=Bericht der „Neuen Montags=Zeitung“.)
390 2473 746 2559 ebührenden Ein¬
838 2513 1891 2574 Aus Szegedin, 5. März, wird uns telegraphirt:
407 2543 742 2606 s erkämpfen
765 2555 1894 2619 Nach einem Berichte des „Szegedinet Naplo“ wurde
408 2589 738 2648 zwingen, die
766 2615 1900 2661 in der Nähe von Debreczin auf einem vollkommen
434 2629 741 2696 den praktischen
758 2640 1905 2708 verwachsenen herrenlosen Feldstücke eine Hütte entdeckt, in
416 2675 743 2739 r Kinder ver¬
762 2691 1909 2751 welcher bereits seit Jahren ein ganz verwilderter
406 2717 747 2786 fordern darum
769 2737 1896 2790 Mann lebt, der seinen Namen nicht angeben wollte,
770 2777 1914 2838 sondern nur erzählte, daß er seinerzeit den Liebhaber
383 2781 749 2866 esitzenden Classen
761 2827 1901 2882 seiner Frau getödtet, hierauf die Frau selbst
385 2853 742 2911 idige Trennung
769 2860 1916 2934 ermordet und die ihm zugemessene Strafe
384 2896 742 2953 tgeltlichkeit
758 2913 1909 2965 verbüßt habe. Seit Jahr und Tag fristet er nun in
377 2937 743 2997 en Lehr= und Er¬
758 2953 1908 3006 der Höhle, die nächst dem Schindanger gelegen ist, sein
407 2981 745 3043 Nahrung für die
762 3007 1902 3058 Dasein. Auf die Frage, wie er sich seine Nahrung besorg!
371 3025 748 3083 eine menschen¬
774 3044 1910 3096 habe, gab er an, er pflege nächtlicherweile vom Schindangen
372 3068 748 3141 r, die sie in den
765 3084 1907 3144 die Hundecadaver zu holen, die er in seiner Hütte
360 3116 502 3173 ügen.
768 3141 1915 3205 selche. Die Behörden haben den Mann in ihre Obhut
375 3151 708 3215 g angenommen.
772 3179 1000 3254 genommen.
374 3198 743 3259 esprach das Schei¬
374 3243 759 3303 g und fand es als
382 3288 760 3347 eu hinzutretenden
401 3332 756 3388 ei Drittel des po¬
1163 3350 1518 3436 Burgtheater.
402 3370 752 3432 iber 16 Mandate
413 3419 761 3494 hkeit der Christ¬
772 3410 1905 3488 [„Paracelsus“ — „Die Gefährtin“ — „Der grüne Kakadu“. Drei
1015 3462 1661 3517 Einacter von Arthur Schnitzler.]
476 3462 753 3523 dessen Wahl¬
847 3482 1908 3555 Weil Sudermann seiner Einacter=Trilogie einen
457 3506 750 3579 agen, für die
776 3553 1907 3606 gemeinsamen Titel gegeben und einen gemeinsamen Grund¬
781 3587 1916 3640 gedanken darin zum Ausdrucke gebracht, werden krampfhafte
472 3579 751 3651 eit innerhalb
764 3631 1909 3683 kritische Versuche gemacht, bei Schnitzler ein gleiches Leit¬
476 3638 755 3697 zunächst das
770 3670 1910 3737 motiv zu entdecken. Können wir uns denn wirklich nicht von
465 3682 750 3740 lem über das
769 3726 1918 3778 der ewigen Suche nach Anempfindungen emancipiren? Stehen
501 3727 758 3786 gegnerischer
480 3777 1916 3843 daß sie sich wir heute vor einem neuen Werke, so fragen wir zunächst
800 3971 1554 4070 ##0044077)
1897 144 3037 196 fühle. Wir können die Bewunderung über die birküdse
1900 182 3054 242 Technik des Stückes nicht los werden, so sehr wir uns auch
1905 225 3061 269 von den Vorgängen selbst und den Menschen, die sie erleben,
1893 268 3063 319 abgestoßen fühlen. Die Scenenführung aber, die Art, in
1904 311 3058 366 welcher aus jedem Effecte zwingend der nächst höhere heraus¬
1902 355 3051 399 wächst, wird nicht leicht in einem zweiten Stücke gleich treff¬
1905 395 3061 459 lich nachzuweisen sein. Wie die ohnedies stark wurmstichigen
1900 441 3061 505 Illusionen dieses unglaublichen Herrn Professors über seine
1904 483 3061 543 todte Gattin in wenigen Minuten mit stark pointirten Ab¬
1915 519 3061 582 sätzen abwärts führen, das ist meisterhaft gemacht. Frau
1916 571 3050 628 Eveline betrügt ihn mit seinem eigenen Assistenten, den sie
1912 614 3055 666 liebt in ihrer Art. Frau Eveline weiß, daß ihr Geliebter
1905 663 3059 716 sich mit einer anderen verlobt hat, ohne daran weiter Anstoß
1902 704 3065 751 zu nehmen. Frau Eveline wird nur durch einen vorzeitigen
1907 750 3066 809 Tod daran gehindert, doppelten Ehebruch zu begehen. Frei¬
1910 788 3062 842 lich kann nur ein so erschrecklich bornirter Edelmüthiger,
1910 844 3055 891 wie dieser Professor erst auf dem Umwege über die Schnitzler¬
1914 875 3068 930 sche Virtuosität der Beweisführung zur Erkenntniß des
1911 919 3067 972 Dirnenthum seiner Frau kommen. Das Stück wurde vortreff¬
1911 965 3057 1030 lich gespielt. Sonnenthal war so herrlich einfach, daß
1910 1006 3074 1064 Niemand den Muth fand über seine traurige Rolle zu lachen,
1917 1051 3067 1092 er spielte den Professor fast in einen Menschen um. Die Bleibtren
1909 1093 3072 1142 und Herr Zeska kamen seiner Kunst glücklich nahe. Von
1907 1138 3068 1194 allen wurde die penetrante Stimmung des ganzen Stückes
1915 1174 3077 1240 wohlthätig gedämpft. So fand das Publicum starken Gefallen
1895 1221 2364 1295 Lean diesem starken Fall.
2003 1247 3052 1321 Dasselbe Publicum hat sich beim „grünen Kakadu“
1915 1311 3069 1366 wieder einmal gründlich blamirt. Ein paar besonders Eifrige
1920 1364 3080 1418 haben sich ihren Unmuth vom Herzen gezischt. Die Wenigsten
1929 1404 3072 1460 jedenfalls scheinen ein Gefühl dafür gehabt zu haben, daß sie
1928 1450 3063 1498 einer Arbeit von außergewöhnlicher Bedeutung gegenüber¬
1918 1486 3068 1539 stehen. Mit einem verwegenen Humor, der wirklich etwas von
1921 1528 3074 1591 dem großen Zuge der Revolution an sich hat, führt uns
1914 1581 3061 1634 Schnitzler einen grotesken Ausschnitt des Tages, an welchem
1912 1615 3072 1675 die Bastille gestürmt wurde, vor. Stets auf der Schneide
1922 1663 3076 1716 zwischen blutigem Spaß und blutigem Ernst spielen sicht in
1914 1700 3070 1766 der Kellerwirthschaft eines gewesenen Schmierendirectors
1925 1755 3069 1812 Scenen von einer Lebendigkeit und Drastik ab, die
1920 1797 3061 1864 sowohl einzeln genommen, als in ihrer trefflich zusammen¬
1916 1834 3072 1898 gestimmten Gesammtheit uns nicht einen Augenblick
2903 1879 3074 1937 lassen.
2062 1884 2163 1943 der
2192 1875 2890 1944 höchsten Spannung kommen
1919 1888 2045 1941 aus
2074 1922 3078 1977 die Regie des fast unbändigen Lebens,
1921 1925 2064 1986 Daß
1924 1973 3066 2032 welches in diesem Stücke an uns vorüberzieht, nicht Herr
1920 2011 3072 2065 werden konnte, darf der Autor nich entgelten. Gelingt es,
1923 2044 3068 2115 bei den kommenden Vorstellungen die vorhandenen, fast
1925 2103 3069 2151 durchwegs zu lobenden schauspielerischen Leistungen zu einem
1917 2137 3066 2190 Ensemble zu verschmelzen, das nur einigermaßen den Reich¬
1920 2185 3067 2242 thum der Schnitzler'schen Phantasie bloßlegt, dann wird der
1921 2227 3078 2284 verdiente große Erfolg auch nicht ansbleiven. Freilich müßte,
1931 2277 3070 2325 was bestimmt nicht geschehen wird, Herr Sonnenthal
1920 2316 3078 2376 seine ausschlaggebende Rolle sofort einem jüngeren Collegen
1920 2366 3072 2410 abtreten. Denn er besitzt nicht mehr Spannkraft genug, um
1924 2408 3069 2471 das unbedingte Gefühl für den hinreißenden Schwung in uns
1919 2447 3072 2498 wach zu rufen, mit welchem uns der starke Schluß des
1927 2493 3077 2551 Stückes hinausführt auf die Gassen von Paris, in denen
1917 2542 3068 2598 dieselben perversen Aristokraten, deren verkommene Geilheit
1919 2579 3073 2638 wir soeben noch durch Blut aufgerüttelt sahen, einem frei¬
2890 2619 3032 2688 Bld.
1920 2631 2684 2701 heitstrunkenen Pöbel zum Opser fallen.
2297 2751 2688 2859 Nachtrag.
2031 2846 2956 2948 Der türkische Botschafter abberufen.
1925 2925 3075 3004 Ein Erpressungsversuch an dem Sultan und
2189 2988 2774 3067 Mahmud Nedim Bey.
2171 3041 2820 3112 (Telegramm der „Neuen Montags=Zeitung“.)
2021 3093 3061 3161 Budapest, 5. März. Einem hiesigen Blatte zu¬
1922 3152 3065 3210 folge wurde der türkische Botschafter in
1921 3179 3072 3255 Wien Mahmud Nedim Bey infolge eines Er¬
1920 3237 3078 3306 pressungsversuches, den ein Finanzagent
1933 3308 3077 3354 sowohl an dem Botschafter, als auch an dem
1932 3340 3081 3398 Sultan verübte, zur Berichterstattung nach
1926 3385 2568 3468 Constantinopel berufen.
2012 3483 3063 3559 Der türkische Botschafter in Wien Exc. Mahmud
1937 3554 3075 3612 Nedim Bey ist, wie wir erfahren, am 23. Februar
1929 3600 3080 3671 abgereist. In der türkischen Botschaft ist ein Ter¬
1932 3645 3074 3709 min der Rückkehr des Botschafters nicht be¬
1922 3704 2135 3785 kannt.
