3392 4352
966 139 1288 214 Kakadu
729 147 874 215 uer
221 152 1288 264 9.3. Der KI Hensns
468 553 1301 679 Dr. Max Goldschmidt
720 657 1051 745 Bureau für
614 710 1148 813 Zeitungsausschnitte
382 786 1378 882 verbunden mit direktem Nachrichtendienst durch
612 845 1135 927 eigene Korrespendenten.
396 885 772 974 Berlin N. 24.
910 914 1330 989 Telsphon: III, 3051.
520 966 1384 1049 —
648 1006 1099 1098 Ausschnitt aus
424 1035 1301 1219 Wehnlscher Courter, Meshaden
950 1383 1314 1473 10 N0V. 803
455 1458 1365 1544 („Der grune Papagei“ in Paris.) Unser
289 1482 1351 1579 Pariser □-Korrespondent schreibt unterm 8. Nov.:
302 1547 1360 1631 Im Théätre Antoine erschien am 7. November
314 1589 1349 1665 ebenfalls ein deutsches Stück mit ansehnlichem Erfolge,
293 1625 1348 1708 nämlich „Der grüne Papagei“ von Axfhur Schniß¬
302 1661 499 1708 ler. Das
750 1669 1358 1737 hm keinen anstog an den
296 1668 1354 1774 che##ret artistique“ von heute
295 1741 1343 1800 in das Paris von 1789 versetzt wird. Die komplizierte
293 1779 1352 1859 Inszenierung des Einakters war bei Antoine in den
287 1819 1347 1878 besten Händen und der für die Rolle des Didier en¬
297 1868 1350 1918 gagierte Tragöde des Odéon, Marquet, machte seine
297 1901 1342 1970 Sache vortrefflich. Mehr bestritten war der Erfolg des
294 1925 1343 2007 dreiaktigen Sittenstückes „La Guerre an Village“ von
292 1971 1340 2037 Gabriel Trarieux. Der Krieg entbrennt. weil die Leh¬
292 2002 1341 2089 rerin n Kind von dem künftigen Deputierten hat, der
286 2052 1347 2138 die Tochter des Maires heiraten soll. Ein Kollege des
283 2086 1332 2169 Schulamtes rettet sie vor Verzweiflung. Suzanne Des¬
295 2125 1336 2230 pres hielt durch ihr energisches Spiel das Stück üher
278 2159 490 2243 Wasser.
449 2381 1265 2507 Dr. Max Goldschmidt
584 2472 1008 2570 . Bureau für
580 2536 1099 2640 Zeitungsausschnitte
355 2610 1344 2706 verbunden mit direktem Nachrichtendienst durch
573 2673 1096 2765 eisene Korrespondenten
374 2725 744 2805 Berln N 24.
866 2741 1290 2819 Telephon: III, 3051.
617 2836 1057 2938 Ausschnit aus
502 3239 1103 3352 Neues Wiener Journal
754 3482 1101 3602 10K 1903
329 3610 835 3715 „elrihur Schnihle
924 3646 1498 3754 Wriner Kakadu“ l vor
216 3691 1482 3800 Heisen Tagenrate Ankolie in Päkis mit außterordentlichem
213 3738 1482 3851 Erfolge aufgeführt worden. Die Presse ist einig darüber, daß
213 3804 1495 3900 dieses Drama eines der geschicktesten und fesselndsten ist, die seit
206 3854 1487 3934 langer Zeit aus dem Auslande herübergekommen sind. Daß
211 3898 1496 4019 Antoine's Inscenirungs= und Massenanordnungskunst sich im höchsten
210 3951 1291 4065 Grade bewährte, braucht wohl kaum bemerkt zu werden.
1426 137 1839 231 box 15/1
2008 1349 2839 1495 Dr. Max Göldschmidt
2201 1449 2600 1543 * Bureau für
2155 1519 2684 1613 Zeitungsausschnitte
1899 1571 2914 1685 vorbunden mit direktem Nachrichtendienst durch
2144 1640 2656 1739 eisene Korrespondenten.
1929 1697 2306 1779 Berlin N. 24.
2432 1717 2874 1793 Telephon: III, 3051.
2116 1753 2819 1829 —
2180 1812 2619 1913 Ausschnitt aus
2030 2126 2652 2254 Neue Zürcher Zeitung
2382 2343 2747 2487 12 A0. 05
2140 2445 2567 2551 Kleine Chronik.
1964 2529 2845 2608 Paris. p. p. Im Théatre=Antoine er¬
1870 2597 2827 2646 rang sich am 7. November ein deutsches Stück einen
1866 2641 2828 2687 ansehnlichen Erfolg, nämlich „Der grüne Kakadu“ von
1870 2676 2829 2751 Arthur Schnitzler. Die komplizierte Inszenie¬
1864 2710 2152 2778 rung
2304 2727 2835 2789 r Antoine in den besten
1872 2761 2838 2834 Händen, und der für die Rolle des Didier engagierte
1860 2812 2846 2890 Tragöde des Obéon, Marquet, machte seine Sache vor¬
1859 2851 2048 2930 trefflich.
