3392 4352
1388 208 1848 302 box 14/8
216 210 1288 292 9. 3. Der oruene Kakadu
454 248 1274 328 a — I    Aa     n —
731 904 1147 988 Telefen 12801.
605 1007 1453 1112 lehmen für Zeitungs-Ausschnitte.
1340 1059 1533 1125 Ausschnitt
626 1083 1624 1241 „OBSERVER“ Nr. 55
457 1201 1667 1318 lördl. cene. Bureau für Zeitungsberichte u. Personalnachrichtes
415 1277 1517 1380 Wien, IX/1, Türkenstrasse 17.
640 1360 1300 1464 Filiale in Budapest: „Figreis.
1280 1412 1328 1473 6
381 1396 468 1494 7
341 1431 1597 1532 Vertretungen in Berlin, Chicago, London, Newyork, Faris, Stockholm.
246 1558 1587 1670 Ausschnitt aus: Oogeitarttr hemenc
963 1575 1412 1738 Krscer
249 1719 657 1819 vom 457 44
484 1945 1658 2070 * Lobetheater. Mittwoch den 10. Mai. Zum ersten Male:
418 2000 1658 2091 Paracelsus“, Versspiel in einem Act von Arthur Schnitzler.
427 2062 1649 2149 Hierauf „Die Gefährtin“, Schauspiel in einem Act von Arthur
426 2100 1660 2195 Schnitzler. Zum Schluß „Der grüne Kakadu“ Groteske in
421 2123 1607 2254 einem Act von Arthur Schnitzler. Regie: Herr Regisseur Niedt.
508 2172 1670 2269 Am Mittwoch gelangte im Lobetheater der ganze Einacter=Cyclus
432 2230 1651 2320 von Arthur Schnitzler zur Aufführung, aber sowohl das Vers¬
444 2271 1661 2367 spiel „Paracelsus“ als auch das Schauspiel „Die Gefährtin“ ver¬
439 2311 1656 2407 mochten sich nicht auf der Höhe des Erfolges zu behaupten, welche „Der
439 2353 1661 2447 grüne Kakadu“ zuvor erklommen hatte. In beiden Stücken wird die
436 2409 1182 2491 Kunst durch die Künstelei zurückgedrängt.
512 2417 1661 2524 Das Versspiel „Paracelsus“ schildert weniger den histori¬
445 2474 1680 2566 schen Wundermann, als vielmehr einen Heilkünstler, der zu jeder Zeit
449 2518 1684 2607 hätte auftauchen können und der namentlich eine verzweifelte Aehnlich=
454 2549 1676 2646 keit mit dem Svengali aus dem Sensations=Schauspiel „Trilby“ be¬
441 2598 1677 2690 sitzt. Die Handlung besteht darin, daß Justina, die Gattin des
437 2639 1683 2724 Waffenschmiedes Cyprian, deren eheliche Treue bereits zu wanken be¬
436 2683 1701 2777 ginnt, durch die magnetischen Experimente des Paracelsus ihrem
439 2738 1695 2811 Gatten wieder zurückgewonnen wird. Diese etwas gekünstelte Hand¬
444 2785 1681 2865 lung erzählt Schnitzler, um die Bezeichnung „Versspiel“ zu motiviren,
455 2828 1684 2902 in ungereimten fünffüßigen Jamben, die einen etwas gedrechselten
460 2886 1679 2946 Eindruck hervorrufen. Die Aufführung war eine gute. In der Titel¬
450 2907 1692 2993 rolle brillirte Herr Höfer und wurde von den Damen Gabri und
460 2939 1686 3027 Jurberg, sowie den Herren Lehrmann, Calm und Träger
446 3015 796 3080 bestens unterstützt.
527 3018 1692 3099 Noch weniger als „Paracelsus“ vermochte das Schauspiel „Die
280 3042 435 3115 Für 5
457 3089 1691 3144 Gefährtin“ zu befriedigen, das einer eigentlichen dramatischen
462 3112 1685 3187 Handlung völlig entbehrt und aus lauter Milieu=Stimmung zu¬
374 3136 449 3180 20
372 3175 449 3218 500
456 3155 1691 3233 sammengesetzt ist. Das Todtengericht, das in diesem Einacter über
452 3196 1697 3284 die kurz zuvor verstorbene Gattin des Professors Pilgram abgehalten
325 3191 442 3274 „ 100
455 3236 1736 3315 wird, kann nur einen peinlichen Eindruck hervorrufen. Auch hier wara¬
466 3276 1738 3346 die Darstellung eine treffliche. Herr Johow als Professor Pilgram, in
307 3289 445 3364 Abonn
468 3320 1692 3394 Fräulein Gabri als Olga Mehrholm und derr Lettinger als
314 3351 458 3417 Abonne
463 3355 1692 3442 Dr. Alfred Hausmann setzten ihre besten Kräfte ein; aber es war ein
460 3393 1698 3466 aussichtsloses Bemühen, denn der Widerspruch, der sich gegen den aus
464 3426 1696 3514 den höheren Regionen ertönenden Applaus wendete, behielt schließlich
462 3506 732 3576 die Oberhand.
540 3504 1686 3588 Ueber die Aufführung der Groteske „Der grüne Kaladu¬
1540 3561 1664 3615 rn Re¬
443 3554 1486 3662 ist bereits berichtet worden. Die Inscenirungskunst des
463 3622 1733 3703 gisseurs Niedt feierte in allen drei Einactern berechtigte Erfolge.
2030 166 2080 204 e
2323 958 2736 1029 Telefon 12801.
2047 1048 3050 1148 Unternehmen für Zeitungs-Ausschnitte.
2914 1101 3122 1184 Ausscheft
2208 1139 3210 1286 „OBSERVER“ N. 59
1817 1253 3267 1329 L. österr. behördl. cone. Bureau für Zeitungsberichte u. Personalnschrichten
1998 1333 3085 1425 Wien, IX/I, Türkenstrasse 17.
2215 1420 2874 1498 Filiale in Budapest: „Figyelé“
1915 1480 3167 1577 Vertretungen in Berlin, Chieago, London, Newyork, Paris, Stockholm.
1820 1585 3024 1689 Ausschnitt aus: Deutsche Warte, Benen
1825 1769 2295 1867 vom g 5 1699
2110 1993 2990 2100 Dier Arthur Schnitzlers Einakter „Para¬
2017 2054 2980 2177 celsus“. „Die Geführtin" und „Der grüne Kakadu“
2031 2096 2991 2195 hatten bei der Festaufführung im Breslauer Lobe¬
2034 2141 2975 2232 Theater, wie uns ein Privat=Telegramm aus
2034 2178 3000 2274 Breslau meldet, mit den stärksten Erfolg der Saison.
2281 2993 2840 3088 Bezugs-Redingungen.
2873 3056 3003 3129 7.50
1960 3065 2875 3137 50 Zeitungsauschnitte (Artikel oder Notizen) fl.
1834 3065 1965 3156 Für
3023 3064 3219 3154 inclusive
2880 3113 3006 3181 14.—
2815 3128 2886 3176 1
1938 3124 2030 3175 100
3031 3134 3208 3184 Porto.
2876 3158 3002 3205 25.—
1933 3162 2042 3214 200
3020 3168 3216 3222 Zahbar
2875 3196 3001 3240 55.—
1934 3206 2033 3252 500
2742 3195 3242 3302 . ., 100.— Im Vorans
1869 3247 2033 3314 „ 1000
1960 3293 3120 3350 Im Gegensatse zu anderen Bureaux für Zeitungsausschnitte
1845 3328 3101 3371 Abonnement durch keine beatimmte Zeitdauer begrenzt;auch ste
1843 3362 3014 3442 Abonnenten frei die aufgegebenen Themen zu ergänzen oller zu #
1960 3488 2158 3563 Se
