3392 4352
923 205 1264 280 Kakadu
694 204 831 280 ue
1306 204 1849 301 box 14/8
186 214 1261 315 9. 3. Der grache Kunaud
1672 835 1809 922 GCREE
153 895 2912 989 ch zum Schluß erhob, anvermal die napoleonische Legende, ein drittes Mal nich zu lernen und wir sind der Litterarischen Gesellschaft dank¬
161 943 2913 1035 k man kann die lange tollere Schattenspiele zum besten. Und angesichts dieser bar dafür, daß sie uns diese und auch die Bekanntschaft
154 988 1760 1061 rst stockend, dann sich Suiten fühlte sich ein gescheiter Zuschauer — entsinn' ich
1742 1005 2683 1086 des vielgenannten d'Annunzio vermittelt hat.
152 1012 613 1085 en Ideen berauschend
603 1035 1778 1095 mich recht, Jules Lemaitre — an die Schattenbilder in
153 1064 603 1131 Kreicher und fortreißen¬
611 1075 1831 1145 Plato's Höhle gemahnt. Ein ähnliches Motiv hat ver¬
1811 1078 2922 1171 Sch. Theater im Gärtnerplatz. In Johann
161 1105 611 1171 en. Die ganze Aerm¬
602 1122 2915 1217 muthlich Schnitzler vorgeschwebt, der offenkundige Spitz= Strauß' köstlicher „Fledermaus“ verabschiedeten sich gestern
150 1151 600 1208 rfasser selbst übrigens
601 1156 1746 1239 buben und falsche Biedermänner dermaßen durcheinander
1743 1180 2919 1261 die Damen Frey und Kattner und Hr. Sarol. Das
173 1193 603 1255 würde sofort zutage
605 1206 1746 1274 wirbelt, daß ein Straßenphilosoph mit einem Anschein
1743 1220 2919 1296 Haus war bis auf den letzten Platz ausverkauft, ein Zeichen,
155 1217 599 1294 echer als Possart den
608 1252 1753 1316 von Recht sagen darf: „Es kommen Leute her die Ver¬
1737 1265 2913 1321 daß ie Scheidenden es verstanden haben, sich in der kurzen
153 1273 604 1337 en repräsentirte den
597 1290 1752 1364 brecher spielen, und Andere, die es sied, ohne es zu ahnen.“
1743 1310 2912 1381 Zeit ihres Hierseins in der Gunst des Publikums festzusetzen.
169 1321 597 1398 aldau ein paar vor¬
588 1324 1740 1403 Folge: ein Komödiant (Tabarins Urenkel, der Sohn von
1737 1355 2906 1427 Eisenstein, Rosalinde und Adele mimten und sangen auch
568 1369 1747 1443 Leoncavallo's Bajazzo) ersticht zum Beschluß einer lebens¬
1737 1390 2909 1470 ihren Schwanengesang mit viel Lauue und Humor, sie wurden
158 1396 1746 1497 ige Grotesle: „Derstreu gespielten Eifersuchtsscene den Herzog, der mit seiner
1737 1436 2924 1502 immer wieder herausgerufen, erhielten Blumenspenden in
156 1454 1748 1542 hnitzler, ist unsern! Liebsten, einer Nymphe der Porte Saint=Maetin, nur
1733 1476 2909 1555 Menge und mächtige Lorberkränze. Unterstützt wurden sie
160 1505 1741 1575 iener hm.=Referenten nach ihrem eigensten Begehr gescherzt und geherzt. Grell
1735 1518 2850 1597 von allen Mitwirkenden nach Kräften, die Vorstellung
156 1526 2909 1645 sieses Einakiers (siehe und wirr, unklur und langwierig schleppt sich die Sceuen=sehr animirt. Mit besonderer Anerkennung ist Hr. Erl zu
168 1567 2910 1677 Erinneruna Eleich=reihe fort, bis in das Triumphgeschrei der Stürmer der neunen, der einen Frosch von überwältigender Komik spielte.
164 1625 1754 1712 Berlin am Deutschen Bastille der nur allzu wahre Wehruf der Cocotte Leocadie
1811 1643 2912 1726 * Anktion Langen. Ende Mai findet unter Leitung
160 1662 1734 1747 n. Der Erfolg scheint hineintönt: sie sei niemals werth gewesen, daß ihretwegen
1732 1679 2914 1766 der HH. Hugo Helbing, Kunsthändler, und Albert Riegner,
165 1709 1333 1771 tgewesen zu sein als irgend ein Mensch erdolcht werde.“
1379 1727 1737 1800 Hier hatte, wie
1728 1743 2921 1809 Hofkunsthändler, in München die Anktion der bedeutenden
161 1751 594 1808 amals: „Man wird
585 1762 1733 1823 gesagt, der grüne Kakadu den meisten Erfolg, obwohl
1735 1779 2907 1850 Gemäldesammlung des Hrn. Verlegers Alhert Langen in
168 1794 595 1855 Zum grünen Kakadu“
581 1809 1736 1867 er sich in dem vornehmen Rahmen des Residenztheaters
1730 1821 2915 1886 München statt, eine Mittheilung, die für Galerien, Museen
172 1839 1746 1913 schreibern der fran= etwas eigenthümlich ausnimmt. Allerdings war die Auf¬
1730 1867 2903 1942 und Kunstfreunde von Interesse ist. Die Sammlung umfaßt
197 1898 2909 1983 bis auf Mignet, führung ein wahres Meisterstück der feinen Inscenirungs= hervorragende Werke bedeutendster niederländischer, deutscher,
175 1925 2903 2019 t. Diese Taverne, in kunst des Oberregisseurs Savits, der zum Schluß auch italienischer, französischer und englischer Meister. Unter den
160 1952 2902 2048 em blasirtesten Hoch= wiederholt stürmisch gerufen wurde. In der Narcißrolle des Zeichnungen befinden sich Arbeiten von Pieter Breughel,
154 2006 2910 2110 umster Sorte Grusel= Henri hatte Hr. Lützenkirchen großen und verdienten Correggio, Clande Lorrain, A. v. Dyck, Fragonard, v. Goyen,
168 2051 2914 2113 sanen=Stücklein auf= Erfolg, sie ist auch sehr dankbar. Mehr oder minder Largillière, Ostade, Rembrandt, Wateau 2c. Ferner enthält
158 2087 1732 2180 hwache Nachahmung prächt.ze Typen boten die HH. Basil (Wirth Prospère)
1729 2123 2901 2201 die Sammlung einige der Hauptstiche von Dürer in brillanten
168 2132 1981 2231 unter der dritten Häusser Scaevola), Stury (Grasset), Geis (Lebrét), Abdrücken.
153 2173 1748 2272 ards und wirkliche Trautsch (Grain) den wir selten so gut gesehen, und
1806 2187 2896 2270 E. H. Berlin, 30. April. Im Deutschen Theater
158 2217 592 2280 als Gastgeber den
578 2228 2901 2318 als aristokratisches Gesindel Rémond (Herzog volllgingen gestern zum erstenmale Arthur Schnitzlers brei Ein¬
155 2258 1729 2343 n vormachten. Die Cadignan), Waldau (Albin Chevalier de la Tremouille)
1725 2300 2895 2368 alter „Die Gefährtin", „Der grüne Kakadu“ und
156 2309 1737 2395 bgeschmacktere Nach= und Frl. Swoboda, welche als Marquise v. Lansac die
1726 2344 2905 2412 „Paracelsus“ über die Bühne. In Bezug auf die Stücke
162 2340 1732 2427 als Lockruf auf der aristokratische Verworfenheit jener Tage nicht minder
1734 2378 2899 2450 selbst habe ich dem feinsinnigen Urtheil des Wiener Referenten
167 2397 1721 2478 Kategorie zu lesen. drastisch zu zeichnen verstand wie Frl. Dandler als
1725 2423 2907 2479 der Allg. Ztg. kaum etwas zuzufügen. Nur daß bei der
166 2438 1730 2515 rtrieben ähnlichen Schauspielerin Léocadie die plebeische. Wie sich das
1728 2464 2900 2529 Berliner Aufführung „Der grüne Kakadu“ die beiden anderen
155 2466 1729 2560 im Chat-noir. Dort Theaterpublikum auch zu den öffentlichen Wiederholungen
1737 2508 2899 2579 Stücke in den Schatten stellte. Die kecke Durchführung der
164 2524 1735 2615 Saint-Antoine“, ein dieses Stückes stellen mag, es war interessant, es kennen
1721 2546 2897 2623 Idee, daß Spiel zu Sein und Wirklichkeit zu Spiel wird, der
1727 2598 2896 2665 burleske Humor dieses verwegenen Schattenspiels aus der
1720 2631 2883 2712 französischen Revolution, wirkte auf der Bühne packend und
1717 2688 2883 2754 groß. Man lernte Arthur Schnitzler von einer ganz neuen
1719 2724 2882 2799 Seite kennen, während die „Gefährtin“ in ihrer feinen, ge¬
1715 2765 2887 2837 dämpften Stimmungsmalerei nur eben eine neue, freilich sehr
1714 2814 2879 2886 glückliche Probe Schnitzler'scher Eigenart bot, wie wir sie an
1720 2848 2879 2919 ihm kannten. Etwas matt und ermüdend wirkte „Paracelsus“,
1710 2885 2875 2953 der mittelalterliche Hypnotiseur, der die Idee des „grünen
1713 2925 2875 3007 Kakadu“ von der Untrennbarkeit von Sein und Schein noch
1719 2973 2878 3055 einmal etwas schulgemäß professoral demonstrirte. Immerhin,
1707 3016 2889 3097 der Abend bedeutete für Schnitzler kür stlerisch einen vollen
1710 3061 2875 3138 Erfolg. — In der „Gefährtin“ wurde die Gestalt des Pro¬
1709 3103 2884 3156 fessors, der seine Frau verloren, um deren Untreue er wußte,
1706 3145 2888 3219 und deren Bild er sich dennoch in seiner Weise idealisirt hatte,
1702 3192 2881 3246 von Hermann Nissen vortrefflich verkörpert. Kainz gab in
1719 3233 2878 3313 den beiden anderen Stücken die führenden Rollen des Henri
1705 3265 2868 3348 und Paracelsus — eine Glanzleistung sein Henri, etwas ge¬
1716 3314 2888 3383 quält und wenig überzeugend sein Paracelsus. Unter den
1714 3362 2890 3446 übrigen Darstellern zeichneten sich Haus Fischer, Winterstein
1705 3397 2884 3472 und Rittner aus. Es war die letzte Premiere des Deutschen
1708 3446 2819 3527 Theaters in dieser Saison, und es war ein gutes Ende. —
