3436 4256
1442 160 1855 256 box 15/2
1000 178 1312 250 Kakadu
716 188 926 256 ruent
468 190 625 259 Der
228 192 1388 289 9. 3   0 en enenennenenennenenen
1852 934 2246 1031 Telephon 12801.
1434 1022 1632 1203 M
1651 1111 1906 1202 HEN
1110 1193 2259 1266 0 l. österr. behördl. konz. Unternehmen für Zeitungs-Ausschnaitte
1278 1258 2146 1353 Wien, I., Concordiaplatz 4.
1099 1313 1194 1376 4
1486 1314 1924 1395 Vertretungen
1155 1374 2238 1437 in Berlin, Budapest, Chicago, Christiania, Genf, Kopen¬
1088 1419 2236 1485 hagen, London, Madrid, Mailand, Minneapolis, New-Vork,
1106 1478 2204 1538 0 Paris, Rom, San Francisco, Stockholm, St. Petersburg.
1506 1503 1917 1552 (Quellenangabe ohne Gewähr.)
1091 1532 2169 1629 6 Ausschnitt ausTheater-Oourier, Berlimn
1649 1641 1708 1710 A
1089 1649 2287 1781 E vom:  SAstar Schwarß
1542 1732 1810 1794 Breslau.
1117 1754 1688 1832 „Der grüne Kakadu“.
1754 1772 2257 1859 „Die Rückkehr aus
1107 1807 1445 1880 Jerusalem“.
1471 1821 1937 1879 * Immer modern.“
1993 1830 2260 1910 „Israel“.
1397 1859 1972 1923 Nin“, (Erstaufführungen).
1164 1883 2293 1979 Sommer=Theater. Die von Direktor Erich Ziegel
1069 1939 2289 1995 in wahrhaft künstlerischem Sinne geleitete Bühne bescheer'e uns
1063 1977 2290 2055 nuch kurz vor Toresschluß ein kurzes Gastsviel von Allessandro
1065 2027 2289 2080 Moissi vom Berliner Deutschen Theater. Diesem gab die von
1070 2062 2301 2163 Dr. Ludwia Landsbera inszenierte Schuitzlersche Groteske Ge¬
1059 2112 2278 2186 legenheit. als Heuri sein überragendes=üsinen zu zeigen. Von
1063 2141 2284 2227 den übrigen Mitwirkenden kam dem Gaste neben Karl Keßler
1062 2187 2138 2263 (Herzoal und Anka Rakaria (Léocadie] Hans
2135 2214 2287 2270 Hintze
1065 2224 1406 2287 (Prosvärel am
1406 2234 1594 2290 nächsten.
1643 2241 2145 2309 Lentgenannter Künstler
2152 2259 2275 2317 war
1056 2274 2276 2352 auch der einzige welcher bei als Lehraus erfoloten Darstellung
1055 2315 2281 2398 des Donnonschen Schausviels als iovial=gemütlicher Judas
1062 2362 2277 2437 Aubier den in der Tat erstklossigen Trägern der beiden Haupt¬
1051 2401 2278 2475 rollen ebenbürtig an die Seite zu stellen ist Es war auch ein
1059 2445 2278 2518 erlesener Genuß. Direktor Erich Ziegel (Michel), welcher
1059 2489 2265 2562 gleichzeitig als feinsinniger Spielleiter seines Amtes waltete.
1056 2527 2276 2601 und Mianon Horwitz (Indith) noch zwei herrliche Proben ihrer
1046 2574 2277 2642 vielseitigen, aestaltungskräftigen, wie aufregenden Künstlerschaft
1058 2617 2277 2684 ablegen zu sehen. Darüber verschmerzte man es schon, daß die
1055 2652 2262 2726 üibrigen Herrschaften so aut wie garnichts mehr von der sonst so
1055 2690 2270 2776 stroffen Zucht unserer Sommerhühne wissen wollten. Viel¬
1055 2741 2278 2816 leicht waren sie auch durch die vorbergegongene Mitwirkung an
1053 2777 2273 2854 der Aufführung der von Volten=Baeckers perdeutschten „Fünf
1046 2821 2275 2870 Szenen aus dem Pariser Leben“ von Heuri Lavadau etwas
1042 2861 2259 2937 ermüdet und resianiert Denn diese entvuppten sich als eine mit
1037 2897 2262 2980 den ältesten Ebebruchtricks orbeitendes Pariser Schwanker¬
1048 2945 2271 3026 zenanis dem selbst die vorzügliche Reaie von Direktor Erich
1050 2989 2267 3059 Ziegel kein sonderliches Interesse zu verleiben wußte Dagegen
1052 3023 2244 3105 verfehlte Verusteins jsnaste Sensationsmimik nicht, einen —.
1052 3075 2258 3148 namentlich noch dem weiten Aufzuge — stärkeren äußeren
1041 3117 2255 3190 Eindruck zu binterlossen, welcher zum nicht geringen Toil den
1037 3150 2268 3226 prächtigen Leistungen von Karl Keßler (Thihaultl und Direktor
1041 3198 2252 3268 Erich Ziegel (Justin Gutlieb) zuzuschreiben ist. Dieser ver¬
1042 3236 2251 3326 körperte auch in nicht weniger erstklassiger Weise den Gatten in
1028 3291 2269 3360 Der von ihm stimmungsvoll inszenierten Aufführung der über
997 3374 2224 3467 die Maßen langweiligen Dymowschen Alltagsgeschichte, unter
1001 3430 2213 3543 deren übrigen Darstellern noch Mirjam Horwitz (Niul und
1008 3476 2212 3577 Allessandro Moissi (Er). der Gast des Abends, mit Erfolg be¬
998 3498 2224 3623 müht waren, der unglaublich einfältigen Bühnendichtung zu
993 3573 2007 3650 einem Achtungs= und Darstellererfolge zu verheisen.
1168 3601 1641 3681 „Comtesse Gucker
1690 3623 1784 3680 (767
