3436 4256
2184 167 2628 264 box 15/6
394 165 2036 258 9.4. DerEruene Kakadu zuklus
716 1240 1814 1290 vom Verrathe Leokadie's am Tage vorher und will ihn
1879 1254 2981 1329 den Schriftsteller sehr dankenswerthes Sujet; aber von
707 1278 1800 1338 zu schleuniger Flucht bewegen. Henri steht erstarrt, und
1875 1300 2979 1376 tieferer Bedeutung doch nur dann, wenn beide in innerem
706 1327 1818 1387 in diesem Augenblick — erscheint der Herzog von
1888 1346 2975 1422 Zusammenhang ständen. Hätte Schnitzler den erfolglos
705 1364 1811 1432 Cadignan. Die ganze Erzählung Henri's war nichts als
1886 1392 2969 1451 gebliebenen Versuch Hauptmann's im Florian Geyer
715 1407 1810 1472 Phantasie, er hat so meisterhaft gespielt, daß selbst sein
1877 1432 2974 1507 wiederholt, zu zeigen wie auch in der Vergangenheit das
718 1453 1800 1507 alter Direktor den Schein für Wahrheit nahm. Jetzt
1874 1475 2976 1535 Individuum ein Resultat aus ererbten und anerzogenen
706 1503 1811 1580 aber, wo Henri alles weiß, wird aus dem Spiel blutiger
1890 1516 2455 1582 Eigenschaften bildet und
2454 1524 2973 1589 die Geschehnisse ein
709 1541 1538 1607 Ernst, er sticht den Herzog wirklich nieder.
1879 1554 2961 1645 Produkt aus Individuum und Milieu, so läge
802 1591 1802 1653 Der Gedanke an „Bajazzi“ drängt sich unabweisbar
1874 1596 2967 1678 darin die That eines überzeugten Realisten, denn
704 1626 1797 1709 auf, und in der That wäre der grüne Kakadu zunächst
1876 1652 2965 1724 so lange diese Lehren nicht für das historische Drama
707 1681 1804 1737 auch nichts als ein wirksames und eigenartiges Schau¬
1870 1682 2969 1768 auch als richtig befunden sind, ist es mit ihrer unwider¬
711 1720 1793 1773 spiel, dessen Reiz durch viele fein=ironische Züge erhöht
1870 1729 2960 1806 leglichen Richtigkeit nicht weit her. Aber Schnitzler hat
704 1771 1802 1838 wird. Aber das ändert sich sofort, wenn man erfährt, daß
1875 1777 2970 1867 den Versuch gar nicht machen wollen. Die Heranziehung
704 1816 1796 1872 das Stück nicht in der Gegenwart spielt, auch nicht an einem
1879 1823 2969 1912 der Revolution ist etwas rein Aeußerliches. Die Fabel
697 1844 1801 1915 beliebigen 14. Juli, sondern am 14. Juli 1789, dem Tage der
1867 1866 2954 1944 des Stückes hat mit ihr nicht das Geringste zu thun.
705 1885 1801 1949 Erstürmung der Bastille. Jetzt gewinnt die Gegenüber¬
1876 1916 2963 1986 Hierin liegt zugleich die Rechtfertigung seiner eigenen
708 1939 1790 2013 stellung der Verbrecherkneipe und der Aristokratie ein
1869 1950 2970 2039 Behauptung, daß der grüne Kakadu kein politisches Stück
697 1992 1797 2044 anderes Aussehen; die haßerfüllten Reden, die Prospère
1874 1994 2967 2073 sei. Denn auch dafür wäre wieder nothwendig gewesen,
701 2025 1800 2093 seinen Gästen hält, die Flüche, die ihnen die als Zucht¬
1871 2047 2956 2119 daß die Korruption, die in der Welt der Verbrecherkneipe
707 2075 1791 2136 häusler maskirten Schauspieler entgegenschleudern, sind
1871 2078 2966 2161 herrscht, aus ihren Gründen her erklärt wird und daß
706 2119 1793 2164 nicht nur des erhöhten Reizes halber ersonnen, pikante
1873 2127 2956 2198 die Schuld der Aristokraten an diesen Gründen gezeigt
701 2159 1786 2220 Zuthaten zum nervenkitzelnden Gericht, nicht Spiel im
1866 2174 2951 2246 wird. Nichts von alledem. Es ist ein reiner Zufall,
701 2193 1796 2265 Gewoge der Wahrheit, sondern Wahiheit im Kleide des
1870 2215 2954 2288 daß der Geliebte der schönen Leokadie ein Herzog und
706 2234 1792 2298 Spiels. Mit dem Herzog von Cadignan drängt zum
1868 2256 2958 2329 Führer der Royalisten ist. Die alltägliche Geschichte der
697 2296 1785 2354 Schluß das entfesselte Volk von Paris in den grünen
1872 2305 2961 2391 leichtsinnigen Frau, die ihren Mann betrügt, hat nichts
700 2333 1782 2387 Kakadu, die Aristokraten fliehen erschreckt, und niemand
1868 2349 2695 2408 zu thun mit den Ursachen der Revolution.
696 2373 1792 2428 wagt es, den Mörder Heuri zu ergreifen. Seine That
1936 2397 2952 2464 Die Polizei hat also gewiß nach ihren Prinzipien
693 2435 1787 2492 wird unbestraft bleiben. Denn unter dem Pöbel, der
1860 2429 2945 2510 richtig gehandelt, als sie das Stück freigab. Weder lag
698 2468 1783 2526 die Aristokraten verjagte, befinden sich schon die Typen
1856 2477 2944 2544 eine Verherrlichung der Ereignisse von 1789 vor, noch
704 2498 1789 2574 des blutigen Volksmannes, der strickenden Frauen, der
1852 2514 2953 2596 eine Satire auf nenzeitliche Verhältnisse, und falls
696 2551 1783 2607 Jakobiner, und es ist, als ob über dem Halse der schönen
1855 2562 1936 2614 in
1942 2557 2944 2632 der Censurabtheilung ein literaturverständiger
700 2601 1782 2642 Marquise von Lansac das Messer des Bürgers Guillotin
1850 2607 2949 2684 Beamter sitzt, het er gewiß darauf hingewiesen, daß
699 2636 1782 2691 erblitzt. Die Verknüpfung der grosen politischen Be¬
1849 2657 2944 2730 schon das für Schnitzler's gute Ab= und Ansichten
683 2687 1777 2752 wegung mit dem Einzelschicksal wärt nun sicher ein für
1849 2703 2954 2793 spricht, daß er sich von den Realisten abgewandt
3036 1271 3388 1340 hat, deren Privi
3046 1317 3378 1382 Schilderer sozial
3036 1367 3384 1434 deren Vorkämpfe
3037 1405 3374 1470 ist, liegt in dem
3040 1449 3378 1511 Kakadu eine viel
3047 1493 3389 1558 sprechen sozialist
3043 1540 3382 1600 sich bringen kan
3050 1586 3377 1648 bis zum Ueberdr
3046 1625 3376 1696 einer positiven I
3032 1673 3359 1728 zu Grunde, es
3042 1709 3361 1771 besseres Neues
3046 1757 3372 1826 waren alle diese
3048 1801 3382 1865 der Möglichkeit e
3127 1849 3379 1909 Der grünen
3027 1886 3381 1953 antisozial, denn
3035 1930 3138 1989 und
3164 1936 3347 1992 bezweifelt
3039 1966 3163 2032 Verfas
3167 1974 3380 2034 ser nimmt
3037 2021 3384 2094 Demokraten Part
3037 2065 3379 2122 ernst zu nehmen.
3038 2109 3382 2175 Ansicht ernst zu
3049 2147 3374 2211 dem Zweifel, und
3040 2195 3382 2255 diesen Gedankeng
3030 2239 3376 2289 eins von den ander
3031 2280 3367 2342 „Paracelsus“, dess
3020 2326 3375 2384 grünen Kakadu nich
3023 2369 3369 2429 bastus Hohenheim
3024 2409 3377 2474 unter dem Namen
3022 2461 3372 2518 Basel zurückgekehrt
3022 2495 3374 2563 des philiströsen us
3015 2543 3371 2606 zwar in sein Haus
3018 2589 3368 2648 einen Gaukler und
3022 2630 3384 2705 um ihm einen Be
3007 2674 3349 2732 Paracelsus die
3042 2718 3370 2785 Schäferstündchen
