3436 4192
2007 146 2262 222 — Seite 6 —
640 157 1263 231 Montagsblatt a. B. Nr. 23.
1622 247 2938 322 sich, um einen neuen Nervenkitzel zu haben, hier ge=, pelung segensvoll¬
644 253 1605 326 Bildhauergehilfen Carl Veself und den 21 Jahre
2588 289 2935 352 die Besatzung der
1628 305 2574 354 mein mit wüstem Gesindel, insbesondere mit den
647 308 1611 363 alten, in Ziz'ow wohnhaften Handschuhmachergehil¬
2591 341 2942 392 Waffenthat in da.
1631 341 2580 391 Schauspielern, die ihre rohen Künste hier zum Besten
641 345 1619 401 fen Bretislaw Kölk ein Streit, der erst endete, als
2589 376 2945 432 ten findet, sich il
1629 378 2576 431 geben, und bei denen man niemals weiß, was roher
639 390 1609 436 letzterer mit einem Aufschrei zu Boden sank. Ihm
2592 412 2933 467 Seligkeit an de
1625 411 2586 468 Scherz oder Wirklichkeit ist. Heuri, der Erste unter
638 425 1607 470 hatte Veselz, der verhaftet wurde, eine nicht unbe¬
2584 443 2946 501 hälfte ersieht, da
1623 458 2573 504 ihnen, erzählt gerade, daß er einen Herzog, den er
644 452 1616 513 denkliche Verletzung an der linken Schläfeseite beige¬
2599 488 2926 551 Das glückliche P.
1626 487 2573 535 bei seinem Weib angetroffen hat, ermordert habe.
637 494 1618 549 bracht. — Der 20jährige Messerschmiedgehilfe Joh.
2586 525 2890 581 Bewohnerschaft
1614 532 2572 575 Der Wirth nimmt die ersundene Erzählung ernst
641 532 1616 585 Pivec gieng in der Nacht auf gestern mit einer ge¬
2587 562 2920 625 Dankgebete zum
1621 571 2570 626 und bestätigt, daß der Herzog Leocadies Liebhaber
643 572 1616 631 wissen Franziska Defurt nach Hause. Auf dem Berg¬
2663 604 2944 661 In den Moti
1623 609 2578 654 war. In diesem Augenblick kommt der Herzog, und
639 608 1606 660 stein drängten sich drei bisher unbekannte junge
2592 629 2942 693 der Erlösung, di
1623 648 2575 698 der wüthende Schauspieler ersticht ihn. Diese brutale
641 657 1605 701 Leute an das Mädchen, um sie ihren Begleiter zu
2600 681 2942 736 handlung bilden,
1624 679 2582 737 Drastik symbolisirt mit blutigem Hohn den Zerfall
634 697 1618 740 entreißen. Letzterer wehrte sich aus Leibesskräften, es
2590 715 2937 772 bar an seinen gri
1614 717 2586 778 der Aristokratie, denn von der Straße her ertönten
649 733 1610 773 gelang ihm auch, die Angreiser in die Flucht zu
2588 753 2944 811 Szenenführung u
1615 764 2587 816 Kanonenschüsse, welche die Erstürmung der Bastille
644 770 1605 828 schlagen, doch nicht ohne Verletzungen am Kopfe und
2596 793 2939 837 tion aber ist er v
1626 795 2579 848 anzeigen. Das al lresco gezeichnete Culturbild aus
646 809 1616 867 am rechten Auge, die Ihn zwangen, auf der Rettungs¬
2591 833 2927 887 Aehnliches läßt si.
1626 841 2584 898 der von Fäulnisgeruch durchwehten Pariser Aihmo¬
639 840 1096 906 station Hilfe zu suchen.
2587 870 2938 920 nur im Prinzipe
1618 875 2588 929 sphäre des großen Jahres hätte durch eine knappere
726 860 1612 930 4* Ein verhaftetes Gannerpaar. In das
2597 891 2950 959 der dominirenden
1630 917 2579 966 Zusammenfassung der Episoden wesentlich gewinnen
639 906 1611 972 Haus Nr. C. 1058-1. (Schalengasse) schlichen vorge¬
2601 944 2938 998 Fehlens abgeschlo
1621 954 2582 1012 können. Herr Freiburg als liebestoller Schau¬
647 948 1611 1007 stern um 10 Uhr abends der 19 Jahre alte Gerber¬
2593 977 2941 1042 rischen Theorien
1621 978 2588 1042 spieler stand auf der Höhe des Spiels, das gleichwie
642 971 1612 1042 gehilfe Anton Kee und der um 3 Jahre ältere Keller¬
2584 1019 2945 1077 oft auch in der 2
1629 1028 2573 1087 im „Paracelsus“ in Wirklichkeit umschlägt. Er führte
634 1007 1609 1079 bursche Wenzel Padider ein, öffneten mit einem Nach¬
2601 1050 2946 1112 andere, mehr nac
1627 1069 2583 1118 auch, von Fil. Baumgart und Herrn Wymetal
639 1063 1617 1118 schlüssel das im ersten Stockwerke des genannten
2595 1098 2951 1162 Philisteroper weis#
1620 1106 2585 1163 vortrefflich unterstützt, das mittlere Stück durch die
649 1111 1618 1162 Hauses befindliche Locel des Kellnervereines und ent¬
2602 1135 2913 1193 fried Wagner
1636 1147 2574 1199 Echtheit seiner Kunst an der Klippe leiser Ironisirung
641 1146 1616 1203 wendeten aus ##ner versperiten Schublade des Schreib¬
2587 1171 2952 1231 lichkeit und Inner
1625 1174 2581 1237 glücklich vorüber. Herr Zeisler hatte den grim¬
652 1176 1618 1238 tisches neben anderen Gegenständen 27 fl. 71 kr. im
2601 1210 2955 1267 auch durchaus lie
1625 1222 2586 1274 migen Humor des Spelunkenwirths, Frau Buska
642 1223 1620 1289 Baaren, eine slberme Cylinderuhr und eine silberne
2595 1247 2949 1306 aber, wo er dät
1628 1260 2580 1306 vertrat virtuns die Decadenz der vornehmen Kreise.
649 1259 1619 1311 Medaille. Nach heendeter „Arbeit“ kam ihnen der
2595 1282 2957 1343 steht sein Können
1627 1299 2592 1353 Von den übrigen markanteren Persönlichkeiten in
645 1297 1618 1355 Hausmeister Joset Smidlik in die Quere. Dieser ließ
2603 1325 2945 1377 Einklang. So ist
1633 1333 2591 1391 Prospères Kellerwirthschaft traten Herr Tauber
649 1330 1613 1387 sich zwar im resten Momente durch das Drohen mi¬
2598 1364 2963 1415 mit seiner szenisch
1631 1371 2595 1425 als galanter Herzog und Herr Löwe als Sträfling
655 1370 1616 1428 einem Taschenmesser einschüchtern, lief aber dann
2590 1400 2957 1458 der Hölle denn a
1621 1397 2588 1471 hervor. Der erstere hatte an dem Abende überdies
646 1414 1624 1470 den beiden Gaunern nach, die mit Hilfe einiger Pas¬
2596 1440 2964 1497 blieben, während
1624 1467 2588 1508 als Paracelsus seine werthvollere Aufgabe zu lösen.
645 1447 1620 1515 santen auf der Gasse festgenommen wurden. Eine
2603 1482 2954 1536 lyrischen Moment
1628 1501 2586 1545 Dem hehaglichen Selbstbewußtsein des seßhaften Bür¬
643 1491 1626 1541 Patrouille bruchte das zweiblätterige Kleeblatt auf
2591 1519 2956 1575 dentlich sympathise
1624 1534 2590 1596 gers und der liebenswürdigen Wirrnis seiner braven
639 1534 1313 1591 das Altstädter Polizeicommissariat.
2596 1558 2954 1610 kalische Erfindung
1638 1570 2588 1634 Ehefrau gaben Herr Schmidt und Frl. Immisch
2599 1594 2963 1656 vorläufig eine gen
1635 1606 2565 1659 den rechten Ton und die richtige Farbe. Dr. A. G.
766 1556 1532 1702 Prager Theaterwoche.
2609 1634 2962 1688 zu haben, außeror
2013 1648 2216 1717 Oper.
2606 1671 2948 1729 Beherrschung der
950 1682 1283 1756 Schauspiel.
1709 1684 2589 1753 Gegenüber den großen Geistesherven einer Nation
2594 1709 2965 1767 kunst, was sich ni
1627 1740 2591 1792 fühlt ihr Volk nicht nur Bewunderung für die ge¬
645 1742 1628 1807 Paracelsus. — Die Gefährtin. — Der grüne
2602 1747 2975 1804 Teufelswalzer un¬
1630 1790 2591 1834 schaffenen Kunstwerke, sondern auch Liebe zum Men¬
651 1785 1629 1844 Kakadu. — Drei Einacter v. Arthur Schnitzler.
2596 1786 2966 1849 Aktes zeigt. Die *
1630 1815 2588 1873 schen und den Drang, diese Liebe persönlich kundzu¬
2592 1824 2963 1879 auch nicht so liebe¬
733 1825 1619 1879 Auf seine drei modernen Liebestragödien hat
1625 1852 2595 1910 geben. Wem konnten die Prager nun ihre durch den
2599 1857 2978 1929 leicht der Fall ger
647 1861 1619 1923 Schnitzler drei Dramolets folgen lassen, die zum
1629 1908 2587 1951 Wagner=Cyclus so mächtig erstarkte Liebe zu Richard
2602 1904 2978 1961 der Oper nicht m
655 1897 1624 1972 Theile historische Gewandung tragen und Motive
1628 1929 2592 1993 Wagner besser bezeigen, als dessen lebendem Sohne
2600 1936 2985 2006 cyclus gefallen wär
653 1948 1617 2001 aus dem ehelichen Leben behandeln. „Paracelsus“
1629 1977 2590 2031 Siegfried, der mit seinem „Bärenhäuter“ nun auch
2604 1979 2969 2037 spurlose Vorüberge¬
658 1964 1621 2036 Schnitzters berühmter ärzlicher Vorfahre Theophrastus
2475 2013 2598 2068 Und
1628 2016 2480 2070 in die Reihe schaffender Künstler getreten ist?
2602 2006 2969 2069 Beifalle ausgenom
647 2034 1622 2072 Bombastus Hohenheim, genannt Paracelsus, ist den
1633 2052 2594 2116 wahrlich, es ist kein Unwürdiger, dem sich dieses Ge¬
2612 2050 2977 2113 wissen Temperams#
655 2071 1625 2120 Theaterbesuchern schon aus der Millöcker'schen Operette
1644 2093 2587 2145 fühl zuwendet. Was uns vor allem an dieser
2602 2097 2970 2150 nen Schwung, kein
646 2099 1619 2154 „Die sieben Schwaben“ bekannt, und den Vorwurf
1640 2135 2590 2178 Schöpfung ermeut, und große Hoffnungen auf Sieg¬
2596 2127 2949 2177 ben ist Versehlt
652 2136 1619 2192 des Stückes, der in einem hopnotisch=suggestiven Ver¬
1640 2166 2600 2223 fried Wagners Begabung setzen läßt, ist bie natve,
2603 2162 2939 2228 sels durch Hrn.
651 2178 1632 2225 such gipfelt, hat der Dichter selbst in einer Anatol¬
1629 2207 2587 2241 aller theatralischen Effecthascherei, aller Reflexion und
2610 2202 2959 2259 sang eliminirte :.
653 2205 1620 2266 Scene vorweggenommen. Paracelsus, der abenteuernde
2611 2238 2961 2296 Schreien ersetzten,
1642 2246 2594 2295 Sucht nach Originalität hare Schaffensfreudigkeit, die
644 2252 1622 2309 Mystiker, gilt der neueren Mediein als ein Kenner
1642 2268 2592 2334 sich in Dichtung und Musik ausspricht. Für ein so
2609 2278 2977 2330 Partes verständlich.
644 2288 1623 2345 der Hypnose, der er die meisten seiner wundersamen
2605 2316 2973 2376 Leistung bot dageg
1633 2318 2594 2363 frisches, ganz und gar nicht blasirtes Naturell, wie
653 2313 1635 2381 Heilerfolge verdankte. Schnitzler führt uns in Basel¬
2611 2357 2987 2418 der für solche Natu
1630 2356 2596 2413 das Siegtried Wagners, mußte sich der Märchenschatz
650 2362 1635 2425 mit ihm zusammen, wo er die Leute durch seine ge¬
2513 2396 2591 2446 so
2608 2398 2987 2450 seiner Stimme und
1636 2393 2530 2451 des deutschen Volkes als ergiebig erweisen und
652 2385 1631 2452 heimnisvollen Curen verblüfft. Sein Jugendfreund,
2600 2425 2973 2491 Darstellung findet.
1631 2432 2586 2486 griffer denn mit kühner Hand eine Reihe von in¬
653 2424 1637 2499 der Waffenschmied Cyprian, belächelt seine Kunst
1631 2466 2586 2526 nerlich verwandten Erzählungen heraus, die er durch
2597 2473 2979 2534 liche seelenvolle Arl
658 2479 1625 2537 ironisch, und Paracelsus will seinen U glauben em¬
1637 2515 2592 2565 Verschmelzung der Motive in seinen„Bärenhäuter“
2603 2513 2968 2560 daß dieses Paar
647 2520 1634 2569 pfindlich bestrafen. Er sugerirt seiner Gattin Justina,
1642 2544 2600 2602 condensirte. Hans Krift, durch jahrelangen Soldaten¬
2606 2540 2991 2606 Abends vermittelte.
656 2556 1641 2614 daß sie ihren Mann mit dem galanten Junker Anselm
1645 2578 2595 2636 dienst von seiner Heimals serngehalten, kehrt zurück,
2608 2573 2984 2647 die unsichere Inton¬
646 2593 1633 2657 betrogen habe, und das hübsche Frauchen steht so
1653 2629 2591 2679 findet die Mutter tod:, alles jreind und steht ohne
2596 2630 2941 2687 diger „Fremder“
649 2628 1625 2697 vollkommen unter seinem hypnotisirenden Einfluß,
1647 2662 2599 2715 Freund, ohne Obdach verlassen da: in seiner Ver¬
2608 2665 2952 2711 wison, Pauli
661 2660 1628 2732 daß sie sich ihrer vermeintlicher Schuld dem Gatten
2708 2691 2971 2758 sowie Fri.#
1646 2690 2598 2755 zweiflung naht ihm der Teufel, der lustige, listige
658 2709 1637 2779 gegenüber in der heftigsten Weise anklagt. Dem un¬
2614 2732 2977 2800 rollen ganz befrieß
1651 2737 2603 2798 und doch zu überlistende Teufel der mittelalterlichen
656 2746 1629 2810 heimlichen Manne aber verwirrt sich schließlich selbst
1651 2776 2603 2833 Fastnachtsspiele, mit dem Vorschlage, Häns möge ein
2615 2765 2983 2835 war namentlich i
661 2783 1639 2847 die Grenze zwischen Schein und Wirklichkeit, und er
1648 2820 2608 2880 Jahr lang in der Hölle die Kessel, worin die armen
2613 2819 2980 2875 ein stürmischer uns
665 2829 1641 2878 greift neuerlich zur Hypnose, um Frau Justina von
2623 2852 2971 2917 Dirigenten Herrn
1647 2861 2605 2909 Seelen sieden, heizen und er werde mit Geld, Edel¬
664 2858 1632 2923 ihrem Wahne zu befreien Seinen Suggestivauftrag,
2681 2883 2977 2946 Am gestrigen
1643 2891 2612 2943 steinen und allen Wonnen dieser Erde reich belohnt
654 2897 1626 2964 nunmehr die lautere Wahrheit zu sagen, befolgt sie
1643 2931 2604 2980 werden. Nach einigem Zaudern schlägt Kraft ein und
2606 2911 2993 2978 kam der große Me
661 2949 1630 3004 so wörtlich, daß sie eingesteht, Paracelsus als Mäd¬
2621 2965 2997 3025 Bühnenweihfestspiet
1651 2959 2612 3018 gelangt mit dem Teufel in die Hölle Hier läßt er
650 2967 1640 3038 chen leidenschaftlich geliebt zu haben. Und nur der
2614 3008 2996 3065 allerdings nicht in
1644 2998 2611 3058 sich jedoch von einem Fremden, der sich Peter Schließer
657 3021 1632 3072 zufällige Umstand, daß Paracelsus nach seinem Ab¬
2614 3045 3004 3102 nur für Beireuth
1646 3041 2606 3100 nennt und kein anderer als Petrus, der Hüter der
659 3049 1640 3106 schied nicht noch einmal zu ihr kam, habe sie ihrem
1642 3083 2609 3132 Himmelsthür ist, zum Würfelspiel verleiten und ver¬
2622 3085 2993 3135 gabe, sondern in
667 3091 1630 3147 künftigen Gatten rein erhalten. Damit gibt der
2628 3117 2973 3178 Klängen der drei
1645 3122 2611 3171 liert an seinen Partner alle seiner Bewachung be¬
1534 3122 1637 3177 in¬
665 3123 1549 3180 Dichter seinem Gegenstand eine seine Wendung,
2613 3157 3004 3213 stücke, des Vorspielz#
1647 3161 2607 3212 fohlenen Seelen, die nun befreit aus der Hölle in
667 3169 1634 3222 dem er auf die unsicheren Grundlagen unseres Le¬
2608 3200 2999 3259 des großartigen S#
1654 3201 2608 3247 den Himmel wandern. In rasender Wuth läßt der
667 3206 1643 3255 bens hinweist, in dim die Wahrheit und der gau¬
2619 3233 3001 3293 von höchster Weih###
1645 3242 2612 3297 Teufel Hans von seinen Teufelchen mit Koth, Schmutz
668 3241 1638 3300 kelnde Schein kaum unterscheidbar ineinanderfließen.
2619 3275 3004 3328 die Zuhörer wie in
1647 3278 2619 3340 und einem Bärensell umhüllen; so lange soll Hans
671 3264 1632 3342 So liegen Sinn und Stimmung über dem Stück,
2627 3304 3007 3367 heiligen Schauern #
1663 3317 2609 3362 in dieser traurigen Gestalt verbleiben, bis er ein lie¬
664 3329 1631 3378 das nur in der Wahl des Blankverses nicht glücklich
2629 3343 3000 3408 pellmeistern Stra#
1650 3353 2616 3402 bendes Mädchen findet, das ihm drei Jahre treu
799 3356 1636 3415 Unerquicklich durch seinen Inhalt, aber gleich
2614 3374 3001 3442 in der angeführten
1659 3397 2609 3443 bleibt und zum Zeichen dieser Treue die Hälfte von
671 3400 1635 3459 vorzüglich in der Führung wie in der Diction ist
2621 3416 3003 3480 war eine vollkomte
1649 3438 2604 3484 Hansens goldenem Ringe ungebleicht bewahrt. Nach
675 3426 1639 3493 „Die Gesährrin“. Ein alter Professor, der soeben
2626 3459 2997 3520 gelangen in der G¬
1661 3473 2602 3514 diesem Verdammungsspruche wird Hans, der Bären¬
671 3477 1638 3541 seine junge Frau begraben hat, folgt der Freundin
2629 3499 2982 3557 der mit den ersten
1662 3495 2614 3558 häuter, aus der Hölle gestoßen; er gelangt in ein
663 3507 1650 3578 der Verstorbenen ein Paket Briefe aus. ohne sie zu
2620 3538 2986 3596 setzten Stimmen ##
1647 3544 2617 3610 Dorf wo er allen, auch den beiden älteren Töchtern
667 3543 1643 3602 lesen, wiewohl er weiß, daß sie ge nten Inhalts
2622 3576 3004 3641 Symphonie knüpft
1645 3582 2609 3632 des Bürgermeisters, zum Abscheu und Hohn dient.
673 3590 1635 3660 sind. Er hat ihre Liebesbeziehungen zu seinem Assi¬
2628 3618 2993 3671 das von ihm ver
1646 3623 2616 3688 Nur die jüngste Luisel fühlt Mitleid mit dem von
671 3618 1646 3684 stenten stillschweigend gedulder, weil ihm der Muth
2623 3658 2997 3716 sondern auch durck
1653 3653 2614 3704 allen verhöhnten unglücklichen Manne und bindet ihr
674 3666 1650 3736 fehlte, sie freizugeben. Und als der Assistent aus der
2629 3700 2986 3763 Wagner ausführt,
1665 3699 2609 3745 Geschick an das des Bärenhäuters, indem sie die
672 3697 1654 3784 Ferne herbeieilt, will der Professor ihn auf den
2630 3729 2980 3782 nach dem Worte,
1648 3739 2612 3793 Hälfte des Ringes an ihrem Halse verwahrt. Drei¬
670 3732 1640 3809 Friedhof begleiten. Da erfährt er, daß jener Bräuti¬
2628 3767 2986 3825 Poesie drängt und
1654 3783 2618 3827 Jahre sind vergangen, Hans ist auf seinen Streif¬
669 3778 1647 3862 gam ist, und ist empört über den vermeintlichen
2622 3803 3004 3859 aller Künste zustre¬
1657 3810 2607 3868 zügen wieder zu dem Dorfe gelangt wo sein Liesel
678 3817 1643 3880 Treubruch der Todten. Als er aber hört, daß sie um
2623 3840 3002 3906 Baue des Wagne
1661 3851 2613 3898 wohnt, die Treue hat er ihr bewahrt, so muß ihn
669 3862 1645 3916 das Verlöbnis gewußt habe und trotzdem seine
2627 3878 2991 3945 werden und mit i,
1657 3891 2621 3940 denn der Teufel wieder in den jungen, schmucken
674 3887 1652 3967 Mätresse geblieben ist, da kommt es über ihn wie
2623 3922 2984 3977 waltigen Klängen
1665 3937 2606 3972 Gesellen von einst zurückverwandeln und seine An¬
1528 3927 1645 3982 Die
683 3938 1481 3995 eine Befreiung, und er geht lächelnd ab.
2625 3958 3006 4012 Mahler aus Wie
1657 3956 2618 4025 sprüche an ihn verloren geben. Noch##mal erscheint
686 3973 1644 4028 Groteske „Der grüne Kakadu“ spielt in einer
2628 3993 2993 4049 an seine Prager W
1662 4000 2623 4054 ihm der Fremde, um ihm zur Rettung der Plassen¬
672 4008 1655 4073 Pariser Spelunke am Vorabende der Revolution. Die
686 4066 3009 4117 Vertreter der vornehmsten Adelsgeschlechter machen! burg von der ihr drohenden nächtlichen Ueberrum reitwilliges Entsen!
