3484 4480
1972 153 2444 259 box 16/1
222 166 1851 289 9.4. Der gruene kakadu  Zykius
880 634 1072 722 Seite 4
2226 645 3064 721 Tagesbote aus Mähren und Schieftre
1439 641 1895 722 Brünn, Donnerstag!
2000 741 3212 836 war die Marquise der Frau Förster — ihr Auftritt
917 774 1952 880 Theater, Kunst und Literatur.
1995 802 3187 888 brachte neues Leben. Den Wirten Prosper spielte Herr
2009 856 3183 919 Frank mit der ihm eigenen Schärfe, während Herr Charlé
933 856 2007 928 Dr. H. F. (Brünner Stadttheater.) „Wir spielen
2009 904 3180 958 den Strolch Grain mit Reminiscenzen an die „Journalisten“
820 915 2018 968 immer; wer es weiß, ist klug.“ Mit dem überlegenen
2011 958 3203 1028 bestritt. Sonst wirkten noch die Herren Machold, Müller
828 968 2011 1019 Lächeln dieses Klugen lässt Arthur Schnitzler drei ge¬
2020 1004 3197 1068 und Ott, die Damen Malten, Ulmann und Glocker
829 1006 2012 1074 derngte Lebensbilder an uns vorübergleiten: „Die Ge¬
2007 1043 2283 1109 verdienstlich.
2269 1030 3202 1127 — Das Logenpublicum hatte sich von der
827 1057 2010 1119 fährtin“, „Paracelsus“, „Der grüne Kakadu“.
816 1112 3205 1150 Sie variieren im Lieblingsthema der Schnitzler'schen Première ferngehalten; die übrigen Räume waren ausverkauft.
825 1150 2023 1222 Schöpfungen; wie Ernst und Spiel, bittere Wahrheit und
821 1207 2022 1254 holder Trug in unserem Leben stets ineinanderfluten, un¬
823 1243 2033 1314 merklich, leise, oft dem Klügsten kaum erkennbar. Wie viel
828 1285 2026 1359 Beobachtung spricht aus diesen kleinen, von reifster Technik
822 1330 2034 1408 getragenen Einactern! Zarte Intimitäten unserer Seele,
836 1389 2027 1456 stammelnde Gefühle werden laut; aber ein zierliches, kunst¬
836 1437 2028 1507 voll gearbeitetes Schleiergewebe scheint sich über diese, mit¬
825 1489 1920 1551 unter vielleicht allzu farbensatten Bilder zu legen —
824 1524 2034 1603 wird alles, auch das Kühnste und Gewagteste, unter Schnitz¬
825 1573 2037 1662 lers Hand zum anmuthenden, ergötzlichen Spiele. Am wir¬
826 1631 2030 1687 kungsvollsten hat sich in der gestrigen Aufführung „Para¬
830 1675 2025 1748 celsus“ erwiesen; hier vor allem besticht die bestrickende Zart¬
833 1727 2031 1798 heit der Form, der leichte Flufs dieser zierlichen Verse, der
836 1777 2031 1845 geistvoll pointierte, immer auregende Dialog. Ein reizendes
837 1821 2020 1874 Genre in üppiger Farbenpracht, angelehnt an die historische
822 1856 2032 1939 Figur des Theophrastus Paracelsus, den der Dichter hier
827 1912 2022 1969 auf heiteren Untergrund mit kecken Strichen hingeworfen.
840 1968 2023 2028 Paracelsus als — Hypnoiiseur! Im Hause des auf sein
834 2010 2027 2084 Eheglück pochenden, selbstgefälligen Waffenschmiedes Cyprian
902 2066 2035 2122 seines Jugendgespielen — eingekehrt, bestraft er dessen
825 2102 2035 2164 ungastliche Grobheit, indem er an Cyprians Gattin Justina
827 2158 2016 2223 seine Kunst erprobt; er versenkt Justina in tiefen Schlaf
836 2183 2034 2255 und suggeriert ihr einen begangenen Ehebruch. Aber durch
836 2257 2025 2322 den naturwahren Schmerz Justinas an sich selbst irre ge¬
836 2301 2028 2361 macht, löst er den Bann wieder, gebietet aber der Wieder¬
832 2346 2033 2420 erwachenden, die volle Wahrheit zu sagen. Justina gesteht
824 2408 2028 2452 nun, dass sie noch rein von Schuld, fürchtet aber, dem Liebes¬
825 2448 2026 2501 werben des schmucken Junkers Anselm ebensowenig noch weiter¬
832 2488 2021 2569 hin widerstehen zu können, als sie einstens Paracelsus von sich
838 2529 2039 2608 gewiesen hätte, wäre er nur zur rechten Zeit in ihre Arme
834 2603 2046 2665 geeilt. Cyprian macht sich die unangenehme Lehre zunutze
837 2630 2020 2705 und verspricht, sein Weib künftiger sorgsamer zu hüten. —
836 2674 2034 2743 Wandelt sich hier das scherzende Spiel in bittere, ernste
840 2730 2035 2795 Lebenswahrheit, so hat „Die Gefährtin“ einen umgekehrten
838 2758 2024 2839 Zug. Der treffliche, aber nicht mehr jugendliche Professor
838 2827 2036 2895 Robert Pilgram hat sich Jahre hindurch hinter einer Hülle
838 2873 2036 2935 von edler Resignatien verkrochen; schon in der ersten Zeit
843 2912 2035 2981 seiner wenig glücklichen Ehe hat er erkannt, dass seine junge!
843 2964 2026 3030 Lebensgefährtin nicht ihn, sondern seinen jüngeren Freund
831 3012 2035 3083 Alfred liebt, dass diese Liebe nicht auf halbem Wege stehen
839 3062 2034 3136 geblieben. Er will dem Glücke der Liebenden nicht hinder¬
838 3112 2033 3171 lich sein, ja er selbst möchte sie miteinander vereinigen,
838 3155 2024 3220 stände es in seiner Macht. Aber nun, da seine Frau plötz¬
836 3184 2037 3272 lich gestorben, erfährt er mit einemmale, dass die von ihm
843 3250 2035 3314 Angebetete auch Alfred nicht geliebt habe, dass sie bloß
837 3307 2029 3363 Alfreds Dirne gewesen. Da fällt die schwere Hülle von ihm
840 3351 2032 3413 herab, er athmet erleichtert auf — ein leeres Phantom hat!
840 3383 2041 3463 ihn genarrt, er durchschaut die Lebenskomödie, deren Helden
832 3439 2036 3499 er solange gespielt. — „Die Gefährtin“ ist eine überfeine
833 3487 2031 3554 psychologische Studie; in kurzen, wenigen Rückblicken rollen
841 3536 2025 3613 sich uns Stück für Stück lange Jahre eines verfehlten
845 3587 2031 3668 Lebens auf. In seiner skizzenhaften Kürze stellt das Stück
844 3637 2039 3702 allzugroße Auforderungen an Regie und Darsteller. — Von
831 3701 2038 3761 kecker, frischer Conception ist die Grotesque „Der grüne
836 3737 2028 3799 Kakadu“. In einer verrufenen Pariser Gastwirtschaft — dem
842 3773 2025 3843 „grünen Kakadu“ — finden sich verkleidete und unverklei¬
842 3824 2022 3886 dete Komödianten bunt zusammengewürfelt. Die einen er¬
844 3870 2021 3935 zählen von haarsträubenden Verbrechen, die sie nie be¬
839 3924 2031 3983 gangen, die anderen von Tugenden die sie nie besessen.
841 3970 2033 4035 Wahrheit und Verstellung sind hier oft kaum zu unterscheiden.
850 4019 2027 4078 Mit diabolischem Humor lässt Schnitzler den einzigen, echten
841 4071 2021 4124 Strolch für einen „Stümper von Komödianten“ erklären,
849 4113 2029 4170 wogegen die mit größtem Raffinement vorgetragene Mord¬
