3436 4256
2115 169 2577 250 box 15/6
315 147 1968 273 9.4. Derruane KakaduZykins
1333 1122 3171 1199 1 der Eifersüchtige in seiner blinden Wuth wirklich! entschieden Pech, im Verzeihen wie im Zürnen.
2252 1179 3166 1242 Kaum hat er den Herrn Assistenten hinaus¬
1347 1171 2258 1254 die That, der er sich vorher gerühmt. Er sticht
512 1098 1329 1283 Kno und Wissensthaft.
2260 1221 3173 1278 complimentirt, da erfährt er, daß sein Zorn
1348 1231 2266 1283 den Herzog nieder — ein Verbrechen, das dem
2250 1263 3164 1324 wider den Jüngling eigentlich grundlos sei.
1348 1271 2269 1323 anspruchsvollen und verwöhnten Publikum der
485 1245 1349 1318 J. K. Im Deutschen Theater gab es gestern
2254 1296 3182 1356 j Die Verstorbene hat ja von der Verlobung
1349 1306 2260 1369 Kunstkneipe als ein ganz besonderer Effect von
430 1296 1352 1373 (Sonnabend) einen Schnitzler=Abend, der sich aus
3041 1332 3170 1391 - ging
2263 1337 2992 1407 ihres Geliebten gewuft #ind dennoch —
1352 1347 2253 1402 großer Wirksamkeit erscheint. Unter einem fürchter¬
437 1339 1341 1422 drei Einaktern zusammensetzte. Das Schauspiel:
2622 1369 3168 1425 Der Professor erträgt auch
2254 1372 2585 1436 sie mit ihm.
1345 1377 2270 1441 lichen Tumult, der durch den Jubel über die
436 1383 1348 1444 „Die Gefährtin" und das Versspiel:
2264 1398 3164 1466 diese Ueberraschung mit der ihm eigenen, be¬
1354 1417 2272 1496 Erstürmung der Bastille verstärkt wird, fällt deri
439 1414 1343 1480 „Paracelsus“ wurden mit achtungsvoller
2271 1450 3171 1504 wunderungswürdigen Ruhe. Er beschließt, den
1344 1469 1553 1532 Vorhang.
426 1455 1345 1530 Freundlichkeit angehört, während die „Groteske“:
2262 1493 3166 1552 Schauplatz seiner Unthätigkeit für einige Zeit zu
1205 1497 1351 1551 Theil
1401 1485 2262 1552 Das breit und keck hingeworfene Genrebild ent¬
601 1510 1222 1565 grüne Kakadu“ einen
438 1509 605 1566 „Der
2254 1536 3171 1587 verlassen und empfiehlt sich dem verehrten Pub¬
432 1534 1346 1592 des Publikums in eine laute Begeisterung
1346 1542 2260 1595 hält viele packende Züge, und die Figuren sind
2254 1569 3169 1635 likum in ziemlich wortkarger und streng realistischer
430 1572 1352 1644 versetzte, deren absichtlicher Lärm ihren Werth be¬
1362 1578 2266 1632 kräftig herausgearbeitet; aber damit sind auch alle
2256 1613 3167 1670 Manier. Damit ist das kleine Stück zu
1362 1619 2259 1670 Vorzüge des Werkes gekennzeichnet. Die Wahl des
425 1611 1353 1685 denklich abschwächt. Man rief nach diesem Stück
2268 1643 3179 1700 Ende. Auch dieses Werkchen ist erkünstelt
1361 1655 2265 1718 Stoffes sowohl wie dessen Ausgestaltung verrathen
433 1653 1344 1715 den Autor fünf= oder sechsmal hervor, und die
2273 1682 3174 1738 von Anfang bis zu Ende; aber während Schnitzler
1345 1686 2273 1761 eine „Sucht nach Originalität, nach eigenartigen
429 1689 1357 1762 schüchternen Versuche des Widerspruchs erstarben
2264 1721 3175 1772 im „Grünen Kakadu“ auf diesem Wege crassen
1361 1731 2265 1786 Effecten, die mit dem Raffinement des Kellerwirthes,
439 1731 1346 1804 in dem wilden Beifallsgetöse. Wer dieses Ueber¬
2268 1764 3176 1822 Theatereffecten nachgeht, spürt er hier in den
1356 1776 2270 1828 der seinem Publikum um jeden Preis etwas Außer¬
431 1761 1346 1827 maß der Anerkennung hervorgerufen, vermag ich nicht
2264 1803 3169 1864 1Seelen seiner Figuren herum und sucht durch fein
1354 1803 2275 1874 gewöhnliches bieten will, fast auf gleicher Stufe
433 1814 1347 1883 zu entscheiden, vielleicht jubelten die zahlreichen Ver¬
2262 1838 3180 1905 abgetönte Stimmungen zu interessiren. Leider
1361 1846 2269 1912 steht. Und so wie dieser wackere Mann an seinen
435 1857 1356 1901 ehrer des Verfassers dem Werkunr so ungestüm zu, um
2258 1880 3179 1937 ohne sonderliches Glück. Das Ganze ist zu kühl
1358 1893 2272 1944 verkommenen Mimen die grelle Uebertreibung
429 1885 1347 1945 ihren Unwillen über die dem grünen Kakadu be¬
2272 1924 3176 1973 erdacht, zu klug ersonnen, es fehlt ihm die Ur¬
1348 1917 2266 1982 liebt, so gefällt sich auch der Autor darin, seine Zu¬
441 1928 1356 1989 reiteten Censurschwierigkeiten demonstrativ aus¬
2271 1949 3186 2011 sprünglichkeit, die innere Kraft. Der schlau construirte
1357 1960 2262 2026 hörer durch Grimassen und Verzerrungen zu unter¬
438 1972 1356 2041 zudrücken. Einen stichhaltigeren Grund zur Be¬
2269 1991 3173 2056 Conflict läßt kalt, weil er eben construirt ist und
1359 2003 2267 2063 halten und die kecke Anhäufung lustigen Unsinns
431 2005 1312 2083 geisterung vermag ich leider nicht aufzuspüren.
2261 2035 3186 2106 als ein peinliches Spiel mit falschen und ge¬
1360 2039 2275 2103 schließlich durch eine gewaltsam herbeigeführte
495 2047 1352 2113 „Der grüne Kakadu“ ist ein bewegtes
2258 2072 2879 2136 machten Empfindungen erscheint.
1863 2085 2268 2139 krönen. Daß Herr
1773 2090 1880 2141 zu
1370 2086 1795 2147 „schauerliche Morithat“
440 2085 1361 2161 Genrebild aus der französischen Revulotion, eine
2326 2104 3183 2167 In dem Vorspiel „Paracelsus“ braucht
1369 2126 2266 2179 Schnitzker in richtiger Erkenntniß der Stilart seines
443 2112 1372 2214 Episode aus der bedeutsamen Chronik des
2269 2143 3183 2206 Schnitzler die bekannte volksthümliche Figur des
1357 2160 2268 2209 Stückes den grünen Kakadu als „Groteske“ be¬
436 2169 1361 2227 Tages, der den Sturm auf die Bastille brachte.
2270 2188 3177 2249 Teophrastus Bombastus Hohenheim, Paracelsus
1349 2188 2280 2265 zeichnet, kann ihn vor dem Vorwurf, seine feine
444 2211 1366 2270 Das Stück spielt in einer Pariser Kellerkneipe,
2266 2224 3180 2297 genannt, um uns einen eigenartigen Suggestionsfall
1354 2231 2272 2306 Kunst hier in den Dienst grober Effecthascherei
439 2241 1357 2313 die ein früherer Director unter dem Titel:
2274 2262 3185 2338 aus der reichen Praxis des weiland Hohenheim
1359 2276 2131 2341 gestellt zu haben, durchaus nicht schützen.
445 2278 1366 2360 „Der grüne Kakadn“ unterhält. Die einstige
2274 2302 3188 2358 vorzuführen. Paracelsus, der als fahrender
1406 2295 2274 2376 Wesentlich anders geartet sind die beiden
441 2327 1369 2390 Komödiantentruppe des Herrn Directors führt nun
2278 2345 3182 2401 Wunderarzt durch die Lande zieht, trifft in Basel
1352 2359 2274 2410 anderen Gaber, dieses merkwürdigen Einakter¬
441 2361 1360 2427 in diesem reizvollen Kunstkokal ganz merkwürdige
2268 2393 3178 2442 mit einem alten Bekannten, dem Wassenschmied
1593 2398 2279 2458 Die Gefährtin“ ist ein selt¬
1364 2405 1583 2466 Straußes.
443 2401 1355 2477 Komödien auf. Man spielt hier in höchst natura¬
2271 2420 3192 2485 Cyprian, zusammen. Cyprian ist ein arger
1363 2438 2274 2492 sames Nachspiel zu einer seltsomen Ehebruch¬
462 2436 1370 2506 P'tischer Weise „Verbrecher“ und brüstet sich mit
2270 2468 3194 2529 Zweifler an Paracelsus' Kunst, er verlangt, im
1364 2472 2278 2529 Geschichte. Einen bejahrten Profe or betrügt sein
444 2484 1369 2545 allerlei Schandthaten, die nie begangen wurden.
2262 2503 3183 2557 eigenen Hause ein Wunder dieser Kunst zu sehn,
1360 2489 2274 2577 jüngeres Weibchen mit dem jungen Herrn Assistenten.
448 2525 1363 2581 Dem gemischten Publikum, dessen Elite eine Rotte ver¬
2265 2539 3182 2609 um gläubig zu werden. Herr Paracelsus ist bereit,
1363 2553 2271 2619 Der gemüthvolle Gatte ahnt alles, weiß alles, aber
447 2556 1365 2622 lotterter Aristokraten bildet, für deren abgestumpftes
2273 2583 3188 2635 und an des Waffenschmieds Gattin Justina will
1360 2591 2278 2650 er schweigt. Er hat nicht die Kraft, das ungetreue
456 2601 1360 2667 Empfinden kein Reiz zu stark ist, bieten jene Dar¬
2272 2621 3184 2693 er seine Kunst beweisen. Cyprian ist über¬
1366 2619 2281 2687 Weib freizugeben und beruhigt sich philosophisch
442 2640 1360 2706 stellungen höchst anregende Genüsse. Ein ange¬
2275 2653 3189 2722 zeugt von der Treue seiner Frau, trotz¬
1362 2665 2276 2738 1 bei der Erklärung: „Sie ist zur Geliebten
441 2669 1370 2749 nehmer familiärer Verkehr zwischen Puhlikum und
2280 2689 3185 2756 dem ihr ein gewisser Junker Anselm ge¬
1373 2704 2284 2771 geschessen, zur Gefährtin nicht.“ So duldet!
451 2717 1369 2781 Komödianten, dessen anheimelnder Humor in
2284 2734 3182 2790 flissentlich den Hof macht. Hier setzt der weise
1368 2744 2276 2803 er stillschweigend das kleine Verhältniß der Frau
455 2749 1370 2828 den wüstesten Schimpfworten und wilden Auf¬
2768 2773 3190 2830 will dem armen,
2656 2780 2788 2830 Er
2276 2772 2632 2833 Paracelsus ein.
1364 2784 2282 2847 Gemahlin, die eines traurigen Tages, als der
454 2798 1365 2852 schneidereien besteht, erhöht die Annehmlichkeiten
2285 2813 3186 2873 unschuldigen Frauchen nach allen Regeln seiner
1369 2822 2280 2886 Geliebte gerade auf Ferien ist, am Herzschlage
459 2835 1361 2909 des gemüthlichen Treibens im „Grünen Kakadu“ das
2288 2848 3189 2906 hypnotischen Kunst einen Ehebruch suggeriren.
1365 2866 2279 2919 stirbt. Das ist die Vorgeschichte, die uns der Ein¬
455 2862 1380 2939 uns in einer Reihe erbaulicher Episoden vorgeführt
2283 2881 3191 2941 Und das Wunder gelingt. Aus dem hypnotischen
2126 2896 2281 2954 weiter
1370 2901 2143 2967 akter schonend beibringt. Was sich
456 2911 1373 2974 wird. Eine brutale Mord=Katastrophe schließt das
2281 2923 3196 2997 Schlummer erwacht, gesteht Justina in fürchterlicher.
1363 2937 2284 3007 begiebt, ist nicht minder seltsam. Der Muster¬
458 2952 1373 3011 schöne Bild in würdiger Weise ab. Das hervor¬
2744 2970 3190 3025 die sie in Wahrheit
2272 2967 2748 3035 Afregung die Sünde,
1368 2978 2277 3044 gatte gesteht nach dem Tode des un¬
448 3000 1376 3055 ragendste Mitglied der Komsdiantenbande, Heuri,
2275 2995 3186 3059 nie begangen. Sie beichtet ihr Abenteuer
1383 3018 2283 3084 getreuen Weibes mit derselben löblichen Seelen¬
457 3039 1368 3083 der Schauspielerin Léocadie Gatte, erzählt in
2927 3027 3201 3104 gewissenhaft
2276 3050 2860 3111 mit dem Junker Anselm
1370 3052 2287 3115 ruhe, die er bis dahin an den Tag gelegt, daß er
450 3061 1368 3147 seinen wüsten Aufschneidereien, daß er den Herzog
2289 3072 3187 3143 und umständlich, daß selbst Paracelsus kaum
1375 3085 2283 3161 „alles genießt“; er behandelt den zurückgekehrten
456 3108 1370 3171 von Cadignan in einem Aufall wilder Eifer¬
2684 3112 3192 3189 ob wirklich nur seine
2280 3125 2668 3184 noch recht weiß,
1380 3138 2291 3191 Assistemren mit der höflichen Zuvorlommenheit, die
969 3148 1371 3207 Er flunkert nur,
451 3160 948 3216 sucht ermordet habe.
2289 3169 3186 3216 übermächtigen Einflüsterungen aus ihr sprechen ...
1371 3165 2299 3231 man nach dieser neuen Theorie dem Liebhaber
462 3175 1373 3246 der brave Henri, wie eben in der an dieser edlen
2279 3200 3190 3259 Alles ist bestürzt, am bestürztesten natürlich Junker
1380 3217 2288 3266 seiner Frau schuldig ist. Als er nun aber plötz¬
455 3218 1373 3287 Kunststätte üblichen Renommisterei geflunkert
2289 3249 3200 3298 Auselm, der von der ihm angeblich zu Theil ge¬
1377 3255 2291 3308 lich erfährt, daß dieser Liebhaber seit längerer
471 3263 1378 3336 wird; aber nur zu bald soll die Lüge zur grausen
2285 3275 3192 3329 wordenen Auszeichnung keine Ahnung hat. Durch
1375 3283 2293 3356 Zeit mit einer Anderen reell „verlobt“
469 3308 1373 3369 Wahrheit werden. Besagter Herzog erscheint im
2284 3304 3198 3372 ein zweites Experiment klärt Parcelsus den That¬
1369 3318 2291 3383 sei, da reißt dem braven Mann die Geduld.
475 3341 1375 3400 „grünen Kakadu“ kurz nachdem Heuri seine er¬
2285 3353 3200 3417 bestand. Er suggerirt ihr, daß sie nunmehr die reine
1377 3354 2301 3426 Den getreuen Liebhabe# iner Frau hat er
464 3383 1395 3440 dichtete Mordthat verkündet. Heuri hat inzwischen
477 3433 3192 3477 errathen, daß der Herzog wirklich der Lieb= resignirt ertragen, dem getreuen weist er ent= Wahrheit, nichts als die Wahrheit zu sagen habe, und
466 3472 3195 3547 haber seiner Frau ist, und nun begeht! rüstet die Thür. Aber der arme Professor hat! das Mittel hilft. Justina, anscheinend eins der
3159 1123 3392 1186 bewundern
3161 1162 3382 1233 Hypnotisen
3154 1202 3391 1266 auf Junic
3152 1246 3392 1313 Wahrheitsn
3235 1294 3386 1345 weitge
3158 1326 3371 1385 gesteht, wie
3164 1371 3351 1421 geliebt,
3162 1410 3361 1468 Neigunge
3162 1438 3382 1500 er mit ei
3161 1482 3395 1545 herangetret
3170 1530 3390 1579 Frau Just
3168 1564 3375 1616 Was vorb
3175 1597 3385 1674 Cyprian ist
3169 1643 3346 1697 fängt.
3173 1672 3360 1738 Instina
3171 1714 3384 1774 mich hüte
3174 1753 3390 1819 enneößt un
3164 1791 3330 1851 daß
3176 1815 3386 1904 standen ha
3179 1876 3388 1933 wir, aber
3165 1913 3381 1974 ist's, das
3177 1956 3369 2010 vor den h
3171 1994 3295 2048 sus,
3176 2033 3353 2084 ringer,
3166 2067 3385 2127 schlecht best
3169 2103 3378 2171 Kraft, die
3180 2149 3380 2204 Stoff erhe
3177 2185 3379 2240 Harmlosig
3190 2154 3378 2325 ut
3183 2302 3387 2363 steht höch
3170 2342 3374 2415 gelungen
3229 2377 3354 2434 Die
3177 2402 3387 2474 Abend zu
3174 2439 3383 2513 Schauspiel
3177 2498 3387 2550 mit seiner
3177 2534 3374 2598 spielte son
3174 2568 3385 2642 zuversichtl
3186 2615 3389 2666 die Dame
3180 2645 3334 2703 sowie
3187 2688 3393 2746 Biensfeld
3178 2720 3388 2788 ihnen ver
3174 2762 3387 2825 Mit ausg
3176 2800 3396 2865 Rittner im
3176 2851 3372 2902 logenen
3176 2887 3383 2940 Es ward
3188 2920 3399 2980 Bursche er
3190 2964 3402 3025 So etwas
