3436 4352
173 170 413 254 9.3.
544 192 573 220 —
670 173 1249 245 ruene Kakadu
417 230 1237 284 umummmnunmmmnnnnnn
1388 177 1813 267 box 15/3
2783 88 3023 154 Wneenengene
2330 123 3037 195 the Schoolmaster, Allee John as the Dea¬
2325 157 3050 233 coness and Fuller Mellish as the drunken
2320 183 2948 264 father were prominent in the cast.
2330 232 3054 295 The play was preceded by The Green
2319 263 3053 349 Cockatoo,“ another production from the
2643 595 2751 671 +
2515 785 2607 849 #
2408 881 2527 951 S
2603 941 2668 1030 2
2377 984 2893 1128 Sgels. g 1190—
2518 1098 2784 1195 A
2453 1133 2587 1197 K8
2585 1151 2741 1208 5 6•
2393 1205 2838 1273 MRS FISHF as HANNELE
2469 1246 2762 1311 st the Iverun
2279 1296 3016 1383 German, widely different from the dream
2265 1343 3015 1427 play. Arthur Schnitzler’s bit of grim real¬
2273 1390 3018 1447 ism has been seen here at the German
2281 1415 3007 1491 Theatre. The present production is ad¬
2264 1459 3016 1544 imirable In very way, and the group of
2276 1502 3024 1569 mummers, aristocrats and cannaille who
2270 1547 3018 1611 meet at the Green Cockatoo on the night
2261 1587 2997 1645 jwhen the Bastile fell, were admirably pre¬
2258 1618 3003 1694 sented by the able actors of Mrs. Fiske's
2261 1652 2699 1711 swell balanced company.
2390 1711 3023 1800 TER EMERSON BROWNE'S new
2333 1763 3002 1833 play The Spendthrift,“ with Ed¬
2250 1770 2998 1849 mund Breeze and Miss Thals Ma¬
2257 1834 3002 1904 grane in the leading roles, had its initial
2251 1868 3008 1937 perförmance at the Hudson Theatre last
2247 1891 2999 1972 night, and from the manner in which it
2253 1941 3007 2009 was recelvedsthere is littie doubt that in
2248 1976 3000 2046 it Frederie Thempson has another win¬
2245 2022 3006 2089 ner. In fart, the prophecy was general
2245 2054 2990 2126 that The-Spendthrift“ will have a longer
2249 2092 2992 2163 run thanA PTool There Was,“ which
2247 2127 2797 2183 brought fa#t0 Mr. Browne.
2274 2157 3005 2233 The audience was enthusiastie and was
2241 2198 2987 2265 generous indeed wich its applause. The
2245 2236 2993 2315 curtain calls Just before the last act
2243 2283 2983 2334 threatened to continue throughout the
2246 2310 2983 2372 night, but Mr. Browne himself finallv
2237 2349 3000 2414 came to the rescue by making an appear¬
2244 2388 2988 2446 ance before the footlights. In reply to
2241 2419 2997 2489 the 'demands for a speech, Mr. Browne
2235 2469 3001 2539 declared that he could say nothing more:
2243 2496 2594 2549 than Lthank vou.“
2263 2526 2988 2602 The Spendthrift“ deals with the pres¬
2228 2566 2989 2626 ent time and shows awife who manages
2224 2618 2988 2673 to force her husband, a lbroker, to financial
2224 2646 2987 2706 ruin by her extravagances. Then she
2227 2683 2986 2752 Toolishly tries to help him to his feet by
2236 2708 2995 2791 borrowing from a would-be afffnitv. Sheg.
2237 2764 2984 2820 finally liscovers her folly after a thrill¬
2238 2795 2975 2847 ing scene that occurs in her boudoir.
2234 2825 2978 2896 Then she leaves the husband, goes into
2227 2867 2974 2933 Tretirement, learns to lend a simple life
2225 2894 2944 2966 and is finally, reioined by her husband.
2241 2943 2973 3004 Mr. Breese, as the husband, is, if any¬
2227 2981 2974 3037 thing, better than in The Third Degree“
2229 3003 2973 3077 or The Lion and the Mouse. but this
2213 3053 2965 3131 lis probably because his part appeared to
2219 3084 2970 3156 be bullt for hiff. Miss Magrane, the.
2215 3122 2953 3186 Ispendthrift, is a discoyery of. Mr. Thomp¬
2225 3161 2974 3232 son, he having.brought herto New Tork
2216 3203 2966 3267 from Los Angeles, is pretty and as an
2216 3237 2965 3309 actress will undoubtedlyeshine among the
2220 3258 2961 3335 stars. Miss Gwendolin Piers, as the
2213 3317 2963 3373 young sister of the spendthrift, made a
2216 3348 2953 3422 pretty bride to Mr. Jack'' Devereaux.
2208 3374 2626 3432 sthe husband’s brother.
2237 3415 2962 3501 Mr. Philip Cartwright, as a lawyer and
2201 3430 2955 3521 Ifriend of the husband, handled his lines
2209 3484 2949 3560 cleverly, and Miss Mattie Ferguson, as
2206 3513 2950 3593 iche rich but prudent aunt of the spend¬
2212 3568 2950 3633 thrift, exceeded all of her former efforts
2205 3598 2952 3669 in character roles. Others in the cast who
2203 3631 2954 3712 also appeared.to adväntage were Mr. Rob¬
2203 3664 2940 3736 ert Cain, as the would-be affinity: Aliss
2197 3701 2936 3777 Allee Kelly, as maid to the spendthrift,
2195 3747 2848 3802 land Mr. James Cherry, as a butler.
2225 3772 2949 3857 There are many bright and wittv lines
2191 3822 2945 3897 jIn the playrand there are many lines that
2185 3855 2941 3920 Itell the cause of the troubles that are
2181 3878 2944 3954 Inow overcrowding the divorce court cal¬
2181 3931 2941 3995 Uendar. Take your wife to see The Spend¬
2186 3958 2933 4043 thrift“ and she will be economical ever
2178 4000 2309 4056 after.
