3436 4256
305 170 693 251 9.3. Der
800 183 1365 243 ruene Kakadu
523 227 1357 291 „
578 686 1294 789 K SEÖOLO KIX - GENONE
552 894 982 990 28 FEB. 1935
589 1042 1088 1109 TEATRO PAGANIN!
439 1108 1212 1196 L’ultima recita di Moiss
521 1180 1137 1246 con 'II cadavere vivente,,
464 1219 1208 1292 Schsgra Alessandro Moissi termina 1!
453 1279 1211 1336 suß troppo beve corso di recite dedicato
390 1296 1205 1379 lllal tpubhl#co genovese con und delle sue“
391 1352 1198 1404 apiü grandi ed efficaci interpretazioni.
463 1393 1125 1435 II cadavere vivente =, di Tolstoi.
458 1422 1189 1487 Ieri sera, presente un bellissimo pub¬
443 1475 1200 1517 blico (questa parteclpazione del nostro
447 1515 1192 1555 pubblico alle recite moissiane convince¬
444 1550 1195 1604 rá — speriamo — organizzatorie indu¬
448 1592 1197 1639 striali dello spettacolo a considerare Ge¬
428 1620 1196 1686 nova quale luogo di tappe un po' meno
424 1665 1198 1709 alla scappa e fuggi, per Moissi e la sun
426 1702 1195 1755 bella compagnia..), ci sono state offerto
426 1748 1193 1782 Idue commedie che hanno sulla groppa
437 1781 1202 1833 una bella catena di anni, ma che non
426 1826 1193 1879 Terano ancora giunte, per quanto ci con¬
436 1871 1196 1910 sta, alle nostre scene: 4 Tutto il male
438 1897 1190 1945 vien di li di Tolstoi, es II pappagallo
423 1916 999 1989 [verde = di Arturo Schnitzler.
454 1966 1188 2015 Nel primo lavöro, per aso di una den.
415 2012 1189 2069 sa poesia travagliata e sofferta, Alessan.
416 2058 1190 2111 dro Moissi ha composto una strana, allu¬
433 2096 1188 2134 einante flgura di relitto #mano gettato
437 2132 1188 2183 dalla deriva entro una # isba di mise¬
430 2170 1183 2220 rabili contadin, russi; il giovane uomo
439 2212 1179 2253 passa una sola notte nella stamberga,
427 2245 1185 2316 riceve ospitalità, evita un dramma tra
429 2296 1173 2335 moglie e marito, riparte al primo balu¬
417 2317 1179 2383 Iginare dell’alba portando via due pac
411 2348 1186 2414 chetti di té e zucchero; e acciuffato sta
417 2387 1179 2455 Iper pagare cara la sua misera bricco¬
420 2437 1173 2496 nata compiuta attraverso i fumi della
446 2476 1180 2529 vodka s, ma le sue lacrime sincere
418 2522 1181 2567 Vinducono i contadini al perdono: il pie¬
425 2553 1163 2600 colo nomo Eprende il suo triste cammi¬
422 2591 1169 2643 nosenza méta per le vie della sua terrg.
452 2635 1176 2699 L’intima essenza della poesia tolstoia.
418 2665 1165 2726 na (quanta umanità c’é in queste scene!),
419 2707 1159 2765 Moissi l'ha resa perfettamente, con un
431 2757 1165 2794 gioco scenzco mirabile di delicatezze, di
414 2782 1164 2835 sottointesi, di trapassi affldati a una
417 2824 1160 2882 mimica ora buffonesca ora acutamente
415 2872 1162 2919 tragica che passa dalla infantilità pin
411 2914 1166 2960 attonita al toni piü alti della desolazio
422 2939 657 2984 ne umana.
432 2977 1190 3037 L’atto di Tolstoi si & chiuso tra le ova¬
414 3007 1179 3081 ziont rivolte a Moissie ai suoi compa¬
416 3065 1170 3115 gni, ovazioni che si sono ripetute alla
406 3094 1160 3146 Ifine della serata, dopo l’esecuzione del
412 3140 1160 3190 * Pappagallo verde  (a Der gruene Ka.
405 3168 1167 3242 kadu*), un atto di Arturo Schnitzler
408 3218 1165 3274 che risale al 1899, e che non ci pare
422 3255 1164 3301 metta in luce tutto il valore di chi ha
413 3293 1148 3349 scritto  Anatoliov e = Liebelei v. Co¬
413 3330 1153 3381 munque queste scene, tendenti ad agita.
419 3362 1156 3426 re il problema (##tutti i tempi) della
411 3411 1154 3463 finzione e della realtà, del loro distacco
421 3434 1182 3507 e dei loro punti di contatto, hanno Inte¬
412 3488 1148 3534 ressato mercé l’interpretazione di Mois
409 3525 1155 3573 si. che ha dato al finale una magnifica
407 3557 1156 3617 progressione tragica, e dei suoi valorosi
410 3602 1155 3660 compagn' tra i cuali ricorderemo l9
439 3641 1148 3700 enodaglio, Ia Fabbri, il Campa, i1 Tam
391 3674 813 3727 Iberlani, il Bertramo.
422 3715 1175 3770 Stasera, come si é detto, ultima recitalt
369 3752 924 3812 Tcon s Il cadavere vivente v.
1505 183 1949 275 box 15/4
2385 310 2943 415 SORNILE OI GENOVI
2783 516 3120 597 2 8 FEB.19
2369 674 3119 776 Due riesumaziont al “Paganinl,
2395 765 3102 837 Tolstoi e Schnitzler: due grandi
2380 814 3104 874 autori ma due commedlie, questa
2372 853 3106 910 volta, di importänza minore nella
2358 889 3109 959 loro produzione.  Tutto il male vie¬
2368 923 3104 992 ne di lin é un atto di intonazione
2366 985 3104 1043 cristiano-socialista, composto con
2371 1008 3112 1061 cura descrittiva e con qusiche buon
2379 1047 3114 1094 contrasto teatrale: ma il suo interes¬
2378 1091 3105 1133 se & piu cronistico-culturale che rap¬
2376 1130 3103 1183 presentativamente drammatico. Vi si
2372 1171 3106 1213 tratteggia una figura di vagabondo,
2371 1210 3096 1259 intinto di ideologia antiborghese, il
2370 1251 3109 1295 quale, avendo letto Marx, & convin¬
2373 1295 3107 1338 to che il furto sia soltanto un'espro¬
2376 1330 3112 1380 priazione e ruba in polemica contro
2367 1367 3104 1418 un capitalismo mal distribuito. I
2376 1405 3111 1463 proprietari dell'isba, che gli hanno
2374 1447 3105 1499 offerto alloggio, essendo da jui de¬
2370 1494 3110 1532 rubati, gli perdonano anziche de¬
2369 1520 3114 1575 nunciarlo, in nome della pietà uma¬
2369 1563 3108 1617 nae di una sostanziale comprensio¬
2371 1603 2856 1665 ne delle idee espresse.
2405 1649 3110 1699 II lavoro ha circa cinquant’anni,
2373 1689 3103 1738 appartiene al periodo in cui 11 Tol¬
2378 1727 3108 1772 stoi professava un socialismo di na¬
2372 1771 3104 1807 tura poetica, in contrasto con quel¬
2378 1807 3105 1870 lo ufficiale che predicava l’azione e
2370 1833 3118 1907 la battaglia; un socialismo aposto¬
2380 1890 3126 1944 lico culminante nella famosa formu¬
2370 1927 3115 1973 la tolstoiana della violenza assiva
2377 1965 3115 2007 (vedi la scena del vagabondo che
2376 1999 3120 2051 vince la furia del bruto offrendosi
2370 2058 3106 2093 per farsi schiaffeggiare) che é poi la
2378 2083 3050 2138 violenza del santi e dei misticl.
2399 2112 3118 2175 Mnutile sottolineare quant’acqua
2368 2164 3114 2217 sia passata in tanti schiumanti an¬
2370 2200 3121 2248 ni, e come il contenuto scciale del
2375 2237 3118 2290 lavoro sid ormai lontano da noi.
2374 2281 3118 2332 Per questo il nostro pubblico lo pud
3017 2323 3109 2376 let¬
2372 2323 2653 2377 ascoltare con
2375 2367 2553 2415 teraria.
2409 2405 2572 2456 II Mois
2378 2448 2555 2494 smo che
2372 2487 2538 2536 la minu
2372 2529 2500 2579 trovar
2372 2568 2536 2625 pena p
2405 2606 2509 2650 II Se
2373 2642 2508 2694 verde
2372 2689 2490 2735 Se n(
2374 2724 2457 2774 gia
2366 2766 2492 2810 una
2363 2843 2507 2889 mento
2378 2878 2557 2943 dalle ide
2389 2922 2541 2968 In un
3064 2963 3095 3005 e
2373 2956 2574 3012 smo eleg
3007 2995 3093 3043 ittu¬
2371 2998 2742 3054 della moda, qualc
2957 3034 3109 3086 1 risse
2371 3037 2811 3089 rato dall’oste, finge
2987 3075 3103 3124 belle
2363 3076 2805 3135 delirli per il u frisso
2374 3123 3103 3163 dame ignare della ghigliottina in
2372 3164 3113 3206 agguato. Qualcosa di simile prepa¬
2372 3191 3109 3244 rano ancora oggi i tavernieri di
2373 3225 3115 3286 Place Pigalle alla stupidità viziosa
2376 3273 2692 3323 internazionale.
2402 3312 3115 3361 Sempre per compiacere i presenti,
2362 3354 3112 3414 uno degli attori recita una gran sce¬
2369 3391 3104 3430 na di gelosia accusandosi di aver
2372 3428 3108 3484 ucciso l'amante della moglie; ma la
2370 3468 3107 3520 finzione é tanto ardente che, aven¬
2376 3503 3104 3555 dola scambiata per verità, T’oste
2374 3550 3104 3595 racconsola l’omicida rivelandogli,
2362 3586 3107 3627 senza volere, la reale tresca della
2368 3625 3105 3679 moglie. E allora l’attore uccide sul
2377 3673 2500 3717 serio.
2398 3699 3101 3751 L’assunto é tanto Chiaro — anti¬
2361 3755 3104 3797 tesi e composizione della veritä e
2362 3780 3104 3839 della finzione, del sognoe della vi¬
2369 3814 3102 3872 ta vera — che é inutile indugiarvisi.
2369 3860 3107 3912 Luigi Pirandello ha poi esasperato
2363 3903 3099 3945 e moltiplicato tutto ciö: ma al tem¬
2360 3937 3094 3989 po in cui apparve, nel novantotto,
2365 3978 3104 4029 il lavoro dovette certo fare grande
2366 4014 3114 4067 impressione. Esso é ancor vivo, ed
2369 4056 2852 4112 interessante oggigiorno.
2392 4093 3101 4144 II Moissi ebbe qui violenza, forza,
2442 4137 2515 4175 oia
