3436 4256
294 141 725 251 9. 3. Der
791 150 1390 227 ruene Kakadu
1504 145 1965 264 box 15/4
550 170 1387 279 De. Hdee ua
2953 1104 3117 1191 Juder
2936 1173 3119 1240 sie bis
666 1158 1978 1255 Dr. Laban wurde nach ganz kurzer Lehrtätigkeit inisti
2932 1226 3111 1293 dt mit
660 1248 1971 1308 Budapest im Jahre 1910 als Lehrer für ungarische Geschichte M
2921 1276 3108 1341 e 1928
656 1288 1980 1357 und Literatur an die Theresianische Akademie berufen, wo er sich de
2925 1322 3118 1388 des —
660 1336 1971 1405 die Liebe und Hochschätzung seiner Schüler sowie deren Eltern de
2939 1365 3116 1439 he des
661 1375 1973 1466 im Sturm erworben hat. Als im Jahre 1923 von dem da= je
2955 1421 3111 1502 feier¬
666 1434 1981 1503 maligen ungarischen Unterrichtsminister Dr. Kuno Grafen B
2939 1460 3117 1533 „Heil¬
671 1477 1973 1546 Klebelsberg das Collegium Hungaricum in dem histovischen li
2934 1516 3115 1607 öpfigen
674 1538 1966 1596 Palais in der Museumstraße gegründet wurde, wurde Doktor D
1890 1555 2268 1662 Denge vom user.
674 1590 1904 1649 Laban mit der Organisierung dieses eine kultureile Verbindung
1976 1622 3122 1694 (Urteil im Deutschen=Kabelwerk=Prozeß.) Aus Frank¬
670 1647 1950 1707 Ungarns und Oesterreichs bildende Instituts betraut und zu
669 1678 3107 1755 dessen Leitung berusen. Mit welcher Begeisterung und wie sehrlfurt an der Oder wird gemeldet: Im Deutschen=Kabelwerk¬
666 1728 3120 1807 ganz im Geiste des Gründers er als Direktor unter in eder Prozeß wurden wegen Betruges Dr. Heinrich Bürger zu
673 1765 3126 1842 Beziehung schwierigen Verhältnissen gewirkt hat, kam so recht neun Monaten Gefängnis und 3000 Mark Geldstrafe, Willi
676 1831 3114 1894 bei der in Gegenwart den ungarischen und des österreichischea[ Pickardt zu 500 Mark Geidstrafe und Willi Oertelt zu
665 1876 3118 1948 Unterrichtsministers im Herbst vorigen Jahres stattgefundenen einem Jahre und drei Monaten Gefängnis newpteilt. Die An¬
672 1925 3119 1994 Feier zum Ausdruck, als zur Erinnerung der vor zehn Jahren geklagten Siegfried und Ernst Hirschmann wurden frei¬
673 1961 3201 2049 vorher erfolgten Gründung des Collegiums die Büste des Grafen gesprochen. Die Angeklagten sind ehemalige Mitgsieder des Vor¬
673 2025 3130 2106 Klebelsberg enthüllt worden ist. Dr. Laban, der ein ebenso standes sowie des Aufsichtsrates der Deutschen Kabelwerke=A. G.
672 2081 2564 2147 gewandter Redner in der deutschen Sprache wie in seiner in Ketschendorf bei Fürstenwalde.
667 2125 1900 2188 ungarischen Muttersprache ist, wirkte auch in verdienstvollster
1997 2123 3118 2186 (Erweiterter Straßenbahnverkehr zum Annenfest auf dem
1897 2171 3124 2230 Kahlenberg.) Anläßlich des Annenfestes auf dem Kahlenberg wird der
664 2178 1887 2238 Weise als Privatdozent für ungarische Literatur an der Wiener
1897 2207 3127 2262 Straßenbahnverkehr verdichtet. Die letzte Straßenbahn der Linie 36
673 2223 1900 2287 Universität, wo er ebenfalls schwer zu ersetzen sein wird. Von
1900 2244 3133 2303 verkehrt ab Nußdorser Platz zur Börse um 23 Uhr 43 Minuten. Der
669 2274 1892 2336 seinen zahlreichen wissenschaftlichen Werken soll insbesondere des
1895 2295 3119 2343 letzte Wagen geht vom Nußdorfer Platz bis Bahnhof Gürtel, wo
666 2324 1890 2383 in deutscher Sprache erschienenen „Ungarn und seine Dichtung“
1890 2330 3123 2392 Anschluß an die Bahnhofrundlinie gegeben ist, um 0 Uhr 33 Minuten
1901 2371 3118 2425 weg. Autobusse dürfen nicht auf den Kahlenberg fahren. Für Privat¬
664 2373 1891 2447 betitelten Werkes gedacht werden. Hochinteressant waren stets
1900 2404 3127 2464 karftwagen und Lohnkraftwagen ist als Reservestandplatz der Park¬
665 2410 1895 2480 auch die Vorträge Dr. Labans in der Urania und in der Ravag;
1903 2451 3055 2504 platz nächst der Meierei am Kahlenberg und eventuell auf der
674 2471 1885 2524 er hat sich durch sie große Verdienste um das kulturelle Leben
1890 2460 3126 2540 genannten Schweizer Wiese. Für Lohnkraftwagen linke Fahrbahnhälfte
675 2520 1893 2580 Ungarns und das Verständnis für dieses in Oesterreich erworben.
1904 2529 3127 2602 der Heiligenstädterstraße zwischen Grinzingerstraße und Nußdorfer¬
1892 2566 2031 2624 straße.
665 2568 1889 2643 Dr. Laban ist Präsident des Vereins der ungarischen Akademiker
1894 2570 3130 2674 K
671 2618 1892 2686 in Wien, war beim ungarischen Schulverein und beim
1978 2645 3021 2723 (Wer Unterricht erteilt um
678 2671 1902 2734 St.=Stephan=Wohltätigkeitsverein tätig und spielte infolge seines
660 2700 3120 2783 zuvorkommenden Wesens im gesellschaftlichen Leben der Schüler sudat,) inseriere im „Kleinen
1888 2752 3134 2819 Anzeiger“ des „Neuen Wiener Journals“. Größte
666 2768 1893 2844 ungarischen Kolonie eine führende Rolle, wobei er von seiner
673 2819 1897 2880 liebenswürdigen und feingebildeten Gattin stets tatkräftig unter¬
1889 2818 2760 2881 Verbreitung, daher größter Erfolg!
1887 2863 3123 2919 Kn
683 2855 1901 2924 stützt wurde. Alle seine Verehrer und die zahlreichen mit Liebe an
1977 2904 3120 2950 (Pariser Zeitung „Lu“ in Oesterreich verboten.) Amtlich wird
676 2915 1894 2972 ihm hängenden ehemaligen Schüler haben jetzt nur den Wunsch,
1899 2946 3120 3010 mitgeteilt: Das Bundeskanzleramt hat auf Grund des § 2 der
681 2966 1895 3027 Labans Gesundheitszustand möge sich bald so weit bessern, daß
1891 2994 3118 3053 Verordnung vom 10. Juni 1933, in der Fassung des Artikels II
673 3006 1885 3068 er seine wissenschaftliche Tätigkeit für das geliebte Vaterland
1886 3042 3123 3110 der Verordnung vom 12. Oktober 1933, die Verbreitung der Zeitung
671 3058 1206 3143 wieder aufnehmen könne.“
1899 3092 3117 3160 „Lu“ Erscheinungsort: Paris, im Inland für die Dauer eines
774 3095 1892 3174 (Besitz und Ankauf von Jagdwaffen und Munition.) Vom
1888 3144 3130 3204 Jahres (Endtag: 20. Juli 1935) verboten. Uebertretungen werden
666 3159 1893 3246 Bundeskanzleramt wird mitgeteilt: Ueber Bitte des Verbandes
1891 3185 3121 3277 mit Verwaltungsstrafe bis 2000 Schilling oder drei Monaten
667 3218 1884 3295 der österreichischen Erzeuger und Händler von Waffen und
1889 3245 2234 3320 Arrest geahndet.
673 3265 1903 3341 Munitionsgegenständen wird bekanntgegeben, daß der Ankauf
1982 3279 3134 3361 (Amerikanischer Bischof ertrunken.) Aus New=York
674 3323 1901 3381 und der Besitz von Jagdwafsen und von Jagdmunition durch das
1894 3348 3118 3411 wird telegraphiert: Der Bischof der Episkopatskirche von
671 3364 1898 3418 Bundesgesetz vom 12. d. M. in keiner Weise eingeschränkt oder
1888 3398 3127 3458 Montreal William Faver wurde in einem Gletscherbach des
680 3417 1898 3474 berührt ist. Private Pulvervorräte sind jedoch am
1901 3441 3112 3506 Nationalparks ertrunken aufgefunden. Der Bischof wurde seit
662 3469 1898 3541 1. und 15. jeden Monats vorschriftsmäßig schriftlich
1886 3496 3034 3558 Freitag vermißt. Auf einem Spaziergang ist er offenbar
675 3513 1047 3585 anzumelden.
1897 3537 3127 3615 Weg abgekommen und in den Bach gestürzt, wo er ums
788 3551 1902 3623 (Hauptallee frei für Kraftfahrzeuge am 4. August.) Anläßlich
1897 3596 2150 3666 Leben kam.
667 3589 1887 3654 des Riesenfeuerwerks am Trabrennplatz wurde die Prater Hauptallee
674 3651 1901 3700 für Personenautos und Motorräder am Samstag den 4. August ab
1991 3631 3112 3709 (Internationales Schachturnier im Strandbad Klosterneuburg
678 3692 1275 3761 4 Uhr nachmittags freigegeben.
1882 3663 3112 3746 In der letzten Runde gewann Müller gegen Köberl, Gilg gegen
780 3718 3115 3795 (Fast 50.000 Arbeiter neu beschäftigt.) Mit dem Stichtag Dr. Weil, Sir Thomas gegen v. Duesburg. Die Partien Palda—
1924 3770 3123 3837 Fr. Harum und Erdelyi—Grünfeld wurden remis. Die Hängevartie
670 3777 1935 3865 vom 31. Mai 1934 waren auf Grund der verschiedenen
