3436 4320
1051 259 1158 323 Ka
235 248 1845 348 9. 4. Der gruene kadn ZykIus
745 1536 1008 1612 ——
375 1583 1506 1697 Ausschnitt aus: Sstiisch Sadosta Nachticmer
600 1701 870 1783 5 5. 1912.
1248 1750 1446 1823 ...
526 1818 1256 1907 Schiller=Theater Charlottenburg.
372 1880 1501 1975 Die Gefährtin. Paracelsus. Der grüne
294 1924 1286 2010 Kakadu. 3 Einakter von Auer
369 1977 1484 2048 Den erfolgreichen Dichter an seinem fünfzigsten Geburts¬
277 2013 1484 2097 tag zu ehren, führte das Schiller=Theater diese drei Einakter
293 2074 1491 2122 auf, die ihre Schlagkraft bereits kurz nach ihrem Entstehen
285 2123 1511 2195 1899 im Deutschen Theater glänzend erwiesen haben. Das
290 2156 1481 2229 Publikum folgte auch gestern mit tiefer Teilnahme den tief
286 2208 1495 2268 gründige. Lebensbildern, die in ihrer äußeren und inneren
296 2254 1494 2306 Gegensatzlichkeit so gut einen fesselnden Theaterabend zu be¬
287 2299 1485 2352 reiten verstehen. Das wirksame Spiel zwischen Schein und
284 2326 1492 2388 Wirklichkeit, zwischen Träumen und Erwachen, das der Dichter
283 2383 1483 2435 zum Leitmotiv dieses Dramen=Zyklus genommen, kam in der
284 2416 1478 2479 sorgsam vorbereiteten und darstellerisch hervorragend gut be¬
283 2466 1105 2518 setzten Aufführung vollauf zur Geltung.
1101 2470 1481 2532 In der Groteske
294 2507 1490 2558 „Der grüne Kakadu“ die in Paris am ereignisreichen 14. Juli
278 2557 1484 2617 1789 spielt, hatte die Regie für ein durchaus stilechtes szenisches
287 2596 1491 2658 Bild gesorgt, von dem sich die unheilvollen Vorgänge in
288 2639 1298 2714 prächtig gesteigertem dramatischen Aufbau abhoben.
368 2678 1485 2755 Von den Darstellern sei mit besonderer Anerkennung
290 2731 1481 2800 Hans F. Gerhard genannt, der in zwei völlig verschiedenen
288 2777 1480 2833 Aufgaben seine hohe Fähigkeit, sicher zu gestalten, erwies. Else
283 2833 1482 2885 Wasa bestrickte in „Paracelsus“ durch ihre natürliche Anmut
280 2870 1487 2935 und Max Reiner gab den vom Schicksal schwer geprüften
350 2910 1493 2987 d enttäuschten Professor im ersten Stück mit schlichtem
282 2949 1482 3002 Ernst. In kleineren Rollen zeichneten sich Conrad Wiene,
282 2999 1489 3071 Heinz Bernecker, Richard Wirth und Georg Pacschke
277 3040 416 3112 aus.
1327 3049 1447 3110 —ch.
1916 247 2433 342 box 16/1
1972 1173 3121 1299 Aussthaltt aus: Seicies Anzeiger, Berhin
1983 1275 2605 1401 =n.17. Mal 1912
2321 1388 2795 1469 Theater und Musik.
2185 1444 2921 1522 Schillertheater Charlottenburg.
1955 1502 3169 1573 Des fünfzigsten Geburtstags Arthur##schnitzlers, des erfolg¬
1948 1565 3173 1618 reichen österreichischen Dramatikers, wurde am Milkwoch durch die
1959 1597 3173 1651 Aufführung dreier Einakter gedacht. Die drei kleinen, bereits be¬
1945 1637 3163 1703 kannten Bühnenstücke zeigten die dichterischen Vorzüge ihres Ver¬
1955 1683 3176 1733 fassers im besten Lichte: die Anmut seiner Sprache, die Milde seines
1944 1717 3156 1761 „Gefühls und die Schärfe seiner Gedanken. Dem Wiener Leben ent¬
1938 1756 3160 1805 (nommen ist das erste Stück „Die Gefährtin“; mit zarter Hand
1952 1793 3178 1843 werden die Schleier vom Eheleben des alternden Professors Pilgram
1950 1836 3182 1880 gehoben; erst nach dem Tode seiner jungen Gattin siebt er klar; aus einer
1947 1879 3159 1932 Scheinwelt schmerzlicher opfermütiger Selbsttäuschung erwacht er zur
1943 1911 3170 1971 Wirklichkeit, die ihn wohl entnüchtert, aber auch von Leid befrett. Dabei ist
1954 1952 3172 1992 mit leichter, geschickter Hand Sein und Schein geheimnisvoll miteinander
1946 1988 3189 2040 verwoben; die Grenzen zwischen Wahn und Wirklichkeit verschieben
1945 2058 3177 2127 und verwischen sich fortwährend und lassen, nach des Dichters An¬
1960 2106 3104 2160 schauung, alles Geschehen des Lebens nur wie ein Spiel erschein
1953 2146 3028 2200 Nie erkennen sich die Menschen ganz; sie spielen sich und anderr
1953 2190 3012 2232 Komödie vor. Noch stärker tritt diese Lebensauffassung in de
1956 2226 3008 2292 folgenden Einaktern hervor; vor langen Jahren wurden beid
1957 2274 2992 2328 einstmals im Deutschen Theater aufgeführt und regten
2864 2307 2986 2357 Das
1953 2314 2855 2374 Eigenart das literarische Interesse lebhaft an.
1951 2331 3002 2396 „Paracelsus“ läßt den Einfluß, den der berühmte
1945 2380 3016 2440 doktor aus dem sechzehnten Jahrhundert auf seine Mitw
1945 2421 3043 2457 übte in halb heiteren, halb empfindsamen Szenen
1953 2452 3187 2504 Erscheinung treten: mit Geist und Anmut schildert der Dichter, wie
1950 2501 3180 2555 des Paracelsus seelenkündende Macht auch die unbewußten Regungen
1948 2549 3188 2600 aus den Tiefen der Menschenseele heraufquellen und wieder zurückebben
1944 2583 3166 2634 läßt; das Eheglück des Baseler Waffenschmieds, des Meisters Cyprian,
2977 2620 3172 2678 d getrübt;
1946 2612 2898 2666 wird durch diese Künste glücklicherweise nur vorüberg
1957 2660 2859 2711 bald steht es wieder in voller Klarheit und Festi
3038 2697 3176 2747 deren
1949 2704 2868 2748 Völkerschicksale rührt die Groteske „Der grüne
1952 2738 2885 2784 Handlung sich am Vorabend der großen französischen R.
1956 2780 2895 2828 alles spielt in der Spelunke Prospères, des früheren
1957 2819 2977 2865 Komödie, die echten Verbrecher ebenso wie die falschen, die zur 2
1944 2856 3009 2904 der Gäste der nach immer neuen Reizmitteln lüsternen Pariser
1944 2894 3001 2951 Komödie vorspielen; Trug und Wahrheit schillern in grelle
1955 2931 3018 2987 durcheinander, und drobend schaut aus diesem Zeitbild mit
1959 2970 3014 3008 Augen das nahende Unheil. — Das Publikum folgte mit
1946 3012 3036 3061 Anteilnahme dem Dichter auf seinen vielfach verschlungenen
1947 3050 3161 3095 und nahm jedes der drei Stücke mit lebhaftem Beifall auf“ Die
1950 3098 3176 3144 Darstellung war vortrefflich; die Herren Max Reimer, Hans F.
1950 3125 3170 3183 Gerhard, Heinz Bernecker, Conrad Wiene und die Damen Hedwig
1946 3168 3172 3224 Pauly, Else Wasa führten ihre verschiedenen Rollen yörnehm und
1944 3242 3182 3306 die künstlerische Gestaltung der Bühne im allgemeinen“ sondern noch
1958 3284 3181 3342 im besonderen für die lebhaft bewegten Massenbilder,in der Spelunke
1952 3326 2378 3388 „Zum grünen Kakadu“.
