3484 4128
976 194 2182 240 zu wirken, juß er, glaube ich, verzichten. Die dramatische
962 234 2186 289 Handlung bruucht einen Raum zur Entfaltung ihres Apparates,
967 286 2184 345 den ihr der Einacter nicht gewähren kann. Der Handlungs¬
965 333 2183 394 einacter hat immer einen geringeren ästhetischen Werth gehabt,
968 383 2185 439 als der Stimmungseinacter. Leider sind sich die wenigsten Dichter
965 436 2186 498 über das Wesen des Einacters klar. Sie suchen möglichst viel
958 479 2184 533 Handlung in seinen Rahmen zu stopfen. Sie versäumen oder
966 531 2181 588 sie verkürzen die Motivirung, sie wirken grell und brutal durch
964 581 2177 639 die Häufung des Thatsächlichen, sie geben dramatisirte Roman¬
958 617 2190 698 endcapitel wie z. B. Heyse, der leider fruchtbarste Einacterdichter
962 678 1671 739 unserer Zeit, dies mit Vorliebe thut.
1085 733 2181 792 Die Einacterabende, die die Theater zuweilen veranstalten,
967 770 2177 825 können aus Gründen, die nach dem eben Gesagten wohl klar
966 825 2176 895 geworden sein dürften, meistens keinen reinen, künstlerischen Ein¬
958 883 2181 944 druck erzielen. Es sei denn, daß die Einacter ein Gemeinsames
957 925 2181 985 bilden, durch einen leitenden Gedanken zusammengehalten werden.
954 985 2182 1048 Die Stimmung des einen Stückes stört die des nächsten oder
949 1030 2185 1084 hebt sie gar auf. Die Exposition eines Stückes — und auch
950 1081 2179 1148 eine Stimmung verlangt eine gewisse exponirende Vorbereitung
1028 1128 2184 1172 stellt psychische Anforderungen an ein Publicum, denen es
949 1175 2186 1239 dreimal in einem Abend nicht gewachsen ist. Einer Exposition
952 1214 2170 1286 zu folgen ist gewiß die größte geistige Anstrengung, die ein
959 1273 2179 1318 Theaterpublicum leisten muß. Es leistet sie widerwillig und nur
956 1321 2185 1376 der Kraft des Dichters gehorchend. Je öfter diese Anstrengung
957 1363 2182 1436 gefordert wird, desto müder wird das Publicum. Und Ermüdung
960 1421 1787 1498 ist der schlimmste Feind des Kunstgenusses.
1064 1541 2168 1617 Die drei Einacter von Arthur Schnitzler, die am
948 1600 2182 1672 1. März im Burgtheater zum ersten Male gegeben wurden, sind
948 1645 1837 1718 eben so viele Beispiele für das eben Gesagte.
1086 1699 2179 1763 „Die Gefährtin“ ist das poctisch werthvollste unter den
957 1739 2173 1816 Dreien — eben durch die wehmüthige Erkenntnisstimmung, die
949 1804 2173 1863 über der Scene liegt. Aber das Stückchen scheint zuerst novellistisch
966 1847 2093 1905 gibacht und entworfen zu sein. Es wirkt auch auf der Bu
965 1900 2165 1961 wie eine jener dialogisirten Rovellen der sentimental moraii¬
958 1949 2163 2009 sirenden seinnernigen Pariser Romaneiers, denen in ihrer Kunst¬
974 1992 2166 2063 gattung unter den Deutschen nur der geistesnnwpandte Schnitzler
961 2043 1175 2107 ehenbürtig
1176 2051 1248 2100 ist.
1076 2087 2170 2158 „Paracelsus“ leidet unter allen Fehlern des Einacters,
957 2135 2157 2191 der durch originelle und interessante Handlung wirken will und
967 2187 2157 2247 nicht wirken kann, weil die psychologischen Voraussetzungen keinen
972 2243 2168 2311 Spietraum haben Nebendei gesagt, kannte das Publikam die
2005 2289 2160 2360 „Sieben
962 2294 1934 2352 Sbengal=Kunststücke des Helden bereits aus Mitlöck
966 2338 1719 2406 chmaben ds Thesn des Wannes
955 2387 1568 2444 des Weibes die Wahrheit erfaht
1721 2383 2054 2460 hat Schnitzler in
972 2429 1874 2500 Seene seines „Anaiol“ weit reizvolter behändert
1082 2486 2150 2556 „Der grüne Kakadu“ ist ein samoses, flottes keckes
969 2533 2150 2591 Stimmungsbild aus der Revolutionszeit. Farbig und bunt—##
962 2584 2157 2644 Leben und Bewegung! Die Gegenüberstellung der Schauspieler,
957 2635 2102 2690 die in der Spelunke Prospäre's (à la Taverne de forcats
965 2677 2181 2746 wuckeren Papa Lisbonne) Verbrecher spielen und der vornehmen
960 2731 2177 2789 Gesellschaft, die sich da unten billiges Geuseln holen will und
956 2777 2154 2836 nicht minder schauspielert, wie die Bande Prospères, nur mit
965 2825 2154 2888 dem Unterschiede daß sie moralisch das ist, was die Komödianten
957 2876 2160 2937 nur miten diese Gegenüberstellung ist von blutiger Satyre
967 2918 1672 2986 durchtrankt. Ich glaube das S#uck
1757 2926 2144 2995 Schnitzter's genialsten
961 2977 1990 3055 Wurf. Schade, daß die Handlung — Schule Verga!
2090 2983 2151 3053 den
965 3024 1320 3086 Eindruck verdirbt
1086 3069 2161 3139 Allen drei Stücken zemeinsam ist die virtnose Techuii¬
956 3125 2147 3187 Allen drei Stücken gemeinsam ist die Schnitzler eigenthümliche
965 3167 2135 3237 von mir an dieser Stelle wiederholt constatirie Verachtung de
965 3226 2053 3287 Weibes, der herzenskalte Zu der durch seine Erwik geht¬
1100 3265 2102 3337 spiel wurd durch hinds ganz ausgezeichnet Sonne
956 3306 2149 3381 thal öht im „Grünen Kakadu“ als Schauspieler Henri eine
959 3366 2136 3422 Meisterleistung. Man glaf dte, Sonnestthal aus jener Zeit, da##
959 3413 2150 3479 den Kean creirte, wiederz ichen. Robert reiht den Paracelsu¬
965 3475 2148 3537 würdig si miessamen=Gasene unkeimiicher Zämnnischer
981 3511 2153 3566 sn  an Harbmann hat aus seit Jählen
958 3555 2172 3630 nicht so gesallen wie in der glänzenden Charge des Dichters
968 3605 1051 3687 91
1120 3615 1990 3671 Zeska wir ein Vagabund allerersten Ränges.
1095 3657 2166 3735 Zum Schlüsse noch eine kleine Regieblüche dem Herrn
964 3704 1474 3790 Director in's Stammbuch
1537 3751 2173 3831 Dveter Copas ein Wört, das er
969 3812 1820 3882 eben mng dem= Munoe des Paraceisus gehört
1202 3864 1534 3928 Main=Bart har¬
1229 3916 1294 3969 16
1742 3891 1941 3983 Beribenten.
1581 3963 2148 4029 eng die Bühne mit glatten
994 3981 1261 4078 he d
1088 4065 1184 4137 Euti
1293 4046 2001 4128 den Vers arstrihen Herr D
