3484 4256
2156 134 2465 201 40. Uulse. —
2151 220 3072 279 Laube spricht auch in seinem Stadttheater einmel
2047 248 3080 335 über das Stück. Und da sagt er einen sehr merkwürdigen
1077 232 2033 357 Theater, Kunst und Titeratur.
2058 322 3083 378 Satz: „Selbst der „Zerbrochene Krug“, in der Schmidtschen
1060 331 1194 428 2
2059 367 3079 431 Verkürzung von Döring meisterhaft dargestellt in der
1215 341 1832 434 (Deutsches Volkstheater.
2060 410 3085 467 Figur des Richter Adam, ist ganz selten geworden im
1063 414 2032 488 („Der zerbrochene Krug“ von Kleist. „Der grüne Kakadu“ von Arthur
2059 447 3090 514 Repertoire. Anderswo hat er nie festen Fuß fassen können,
1294 462 1830 526 Schnitzler. Am 14. Dklober 1905.)
2063 495 3089 559 weil man seine Komik, die Komik der Voraussetzungen, zu
1118 493 2056 582 Der alte Schauspieler Genast erzählt vom „Zer¬
2058 550 3081 601 spitz fand für die Bühne. Diese Komik bringt es mit sich,
1025 564 2050 620 brochenen Krug“ in Weimar, am 2. März 1808: „Bei
2060 586 3086 642 daß man nachträglich lacht, im Theater aber will man auf
1180 610 1269 648 FFE
1024 608 2062 664 der Aufführung dieses Stückes ereignete sich ein Vorfall,
2061 632 3084 685 der Stelle lachen.“ Dies scheint mir das Wesen der
1017 656 2053 715 der in dem kleinen Weimarschen Hoftheater noch nie da¬
2060 663 3090 735 Kleistschen Charakteristik zu enthalten, welcher sich der Zu¬
1018 701 2054 775 gewesen und als etwas Unerhörtes bezeichnet werden konnte:
2060 715 3088 772 schauer, auch im Tragischen, immer erst nachher durch
1026 746 2054 802 ein herzoglicher Beamter hatte die Frechheit, das Stück aus¬
2064 760 3092 823 Reflexion bemächtigen kann, während es dramatisch ist, sie
1036 788 2059 854 zupfeifen. Karl August, der seinen Platz . .. auf dem
2059 808 3097 870 uns unmittelbar aufzudrängen. Er braucht also Schau¬
1041 845 2054 895 sogenannten bürgerlichen Balkon hatie, bog sich über die
2062 849 3097 908 spieler, die dem Zuschauer sogleich bringen, was ihm dieser
1026 874 2051 938 Brüstung heraus und rief: „Wer ist der freche Mensch,
2068 881 3093 959 Dichter immer erst am Ende, erst bei einer inneren Revision
1033 933 2066 984 der sich untersteht, in Gegenwart meiner Gemahlin zu
2059 940 3092 1000 zu Haufe gibt, indem sie vorweg aus Eigenem spielen, was
1023 986 2041 1040 pfeifen? Husaren, nehmt den Kerl fest.“ Dies geschah....
2063 991 3081 1037 er erst zuletzt durch einen langwierigen Prozeß als Resultat
1028 1017 2056 1083 und er wurde drei Tage auf die Hauptwache gesetzt. Den
2070 1026 3096 1090 gewinnt. Wir haben im „Krug“ immer am Ende das Gefühl:
1042 1076 2052 1133 anderen Tag soll Goethe gegen Riemer, der es mir mit¬
2061 1078 3094 1131 würde er uns jetzt gleich noch einmal vorgespielt, so könnten
1039 1108 2051 1159 teilte, bemerkt haben: Der Mensch hat gar nicht so unrecht
2061 1120 3091 1182 wir erst lachen. Er braucht also Schauspieler, die fähig sind,
1027 1159 2058 1217 gehabt; ich wäre auch dabei gewesen, wenn es der Anstand
2063 1159 3092 1225 uns durch irgend eine geheime Macht, was der Dichter ver¬
1032 1203 2057 1253 und meine Stellung erlaubt hätten. Des Anstandes wegen
2060 1212 3088 1272 säumt, gleich schon vorempfinden zu lassen, noch bevort es
1031 1248 2061 1315 hätte er eben warten sollen, bis er außerhalb des Zuschauer¬
2053 1253 3091 1327 sich aus der Handlung ergibt, die so dramatisch ist als die
1036 1290 2061 1356 raumes war.“ Man weiß auch sonst, daß Goethe in kein
2057 1308 3090 1358 Darstellung ihrer Menschen undramatisch. Tieck muß dies
1039 1345 2049 1398 Verhältnis zu Kleist kommen konnte, an dem ihm „die
2058 1328 3096 1404 schon gemerkt haben. Er sagt in den dramaturgischen
1037 1391 2052 1447 nordische Schärfe des Hypochonders und die Gewaltsamkeit
2066 1386 3084 1444 Blättern einmal: „Kleisis Dramen geben dem Schauspieler
1022 1428 2065 1492 der Motive“ unerträglich war, „Ich habe ein Recht,“ hat
2063 1436 3089 1504 große Veranlassung, seine Kunst zu zeigen, aber zugleich
1030 1472 2051 1536 er einmal gesagt, „Kleist zu tadeln, weil ich ihn geliebt und
2066 1481 3093 1548 gehört es zu den allerschwierigsten Aufgaben, sie befriedigend
1029 1515 2047 1584 gehoben habe; aber sei es nun, daß seine Ausbildung, wie
2065 1518 3101 1580 oder auch nur so aufzuführen, daß die Absichten des
1038 1570 2048 1626 es jetzt bei vielen der Fall ist, durch die Zeit gestört
2065 1559 3103 1639 Dichters nicht ganz verloren gehen. Alle diese Charaktere
1027 1609 2057 1675 wurde, oder was sonst für eine Ursache zum Grunde
2068 1604 3104 1686 müssen sehr scharf umrissen werden, das Kolorit ist grell,
1034 1648 2059 1714 liege; genug, er hält nicht, was er zugesagt. Sein
2059 1664 3100 1731 und beides, Umriß und Farbe, verschwindet zu Zeiten
2061 1710 3091 1767 beinah wieder ganz, und dem Schauspieler ist die Er¬
1026 1699 2049 1784 Hypochonder ist gar zu arg; er richtet ihn als Menschen
1034 1758 2052 1811 und Dichter zugrunde. Sie wissen, welche Mühe und Proben
2069 1756 3092 1815 gänzung, gewissermaßen die Schöpfung, unbedingt an¬
2063 1801 3088 1860 vertraut.“ Deutlicher ausgedrückt: man hat bei Kleists Ge¬
1030 1793 2052 1862 ich es mir kosten ließ, seinen „Wasserkrug“ aufs hiesige
2057 1849 3098 1907 stalten immer das Gefühl, daß der Dichter ihren
1034 1839 2052 1909 Theater zu bringen. Daß es dennoch nicht glückte, lag einzig
2063 1890 3099 1944 „Charakter“ eben durch den dramatischen Verlauf nur erst
1038 1893 2064 1944 in dem Umstande, daß es dem übrigens geistreichen und
2058 1926 3086 1993 sucht; und wir müssen mit ihm suchen, und wenn er ihn
1036 1937 2049 1995 humoristischen Stoffe an einer rasch durchgeführten
2063 1982 3088 2040 endlich gefunden hat, ist das Stück schon aus, es endet mit
1033 1987 2060 2045 Handlung fehlt.“ Und ähnlich ein anderes Mal zu Riemer,
2056 2017 3102 2083 seiner Entdeckung. Bei Shalespeare auch, wird man
1028 2040 2063 2096 sich über die eigensinnigen und eigenwilligen Neuen von
2056 2057 3096 2124 vielleicht sagen. Ja, aber anders: Shakespeare deckt im
1034 2082 2051 2131 Kleists Art beklagend: „Sie meinen, außer dem Rechten
2069 2113 3102 2172 letzten Akt auf, als jetzt für den Verstand bewiesen; was
1043 2119 2055 2175 gäbe es noch ein Rechtes, ein anderes Rechtes, das hätten
2059 2157 3100 2226 wir mit dem Gefühl schon in der ersten Szene geheimnis¬
1030 2162 2058 2231 sie. Wie wenn es außer dem Schwarzen in der Scheibe
2059 2205 3095 2262 voll antizipiert haben. (Worin Shalespeare wie das Leben
1028 2202 2058 2276 noch eins gäbe, und da schießen sie denn ins Blaue.“ Womit
2062 2243 3095 2308 ist, unser Leben selbst, das auch nichts anderes mit uns
1035 2255 2058 2317 er übrigens nur das allgemeine Gefühl seines ganzin
1030 2288 3096 2357 Kreises aussprach. So schrieb Fräulein v. Knebel an ihren tut.) Und eben dies, was Shakespeare vor Kleist voraus
2060 2351 3090 2400 hat, diese magische Macht, uns sogleich fühlen zu
1035 2358 2061 2409 Bruder: „Ein fürchterliches Lustspiel, was wir eben
2070 2374 3095 2443 lassen, was uns die dramatische Begebenheit dann erst an
1036 2402 2061 2463 haben aufführen seh'n und was einen unverlösch¬
2055 2428 3094 2492 den Gestalten erkennen läßt, muß diesem, wenn er# #wirken
1043 2437 2058 2499 baren unangenehmen Eindruck auf mich gemacht hat, und
2057 2477 3092 2528 soll, der Schauspieler geben. Ich weiß freilich heute, nur
1031 2490 2051 2542 auf uns alle, ist der „Zerbrochene Krug“ von Herrn von
2059 2515 3102 2592 drei, welchen ich es für den „Krug“ zutrauen kann: Novelli,
1037 2542 2057 2585 Kleist in Dresden, Mitarbeiter des charmanten „Phöbus“.
2063 2568 2438 2640 Kainz und Girardi.
1036 2577 2048 2643 Wirklich hätte ich nicht geglaubt, daß es möglich wäre, so
2149 2589 3093 2673 Was ich am „Grünen Kakadu“ immer wieder be¬
1038 2629 2061 2687 was Langweiliges und Abgeschmacktes hinzuschreiben. Die
2059 2654 3097 2720 wundere, ist, daß er ganz unmittelbar auf uns und doch
1036 2674 2051 2723 Prineeß meint, daß die Herrens von Kleist gerechte An¬
2069 2703 3102 2762 keinen Augenblick als Kostüm wirkt. Sonst sagt man sich
1042 2723 2049 2774 sprüche auf den Lazarus=Orden hätten. Der moralische
2065 2750 3103 2809 bei „historischen“ Stücken entweder: Aha, er meint uns, er
1033 2762 2056 2827 Aussatz ist doch auch ein böses Uebel.“ Kleist gab das Miß¬
2061 2799 3089 2848 hat uns nur verkleidet, aber wir sind's, uns geht es an,
1033 2806 2056 2867 geschick selbst zu, als er in den „Phöbus“ ein Fragment aus
2055 2847 3098 2904 unser Fall wird verhandelt. (Bei Shakespeare, Goethe,
1035 2852 2047 2905 dem Stücke setzen ließ, mit der resoluten Bemerkung: „Da
2059 2888 3082 2942 Schiller immer.) Oder man weiß gleich, daß eine Ver¬
1033 2895 2053 2952 dieses kleine, vor mehreren Jahren zusammengesetzte Lust¬
2065 2939 3083 2995 gangenheit gezeigt werden soll, mit Gedanken, die wir nicht
1040 2946 2060 2997 spiel eben jetzt auf der Bühne von Weimar verunglückt
2069 2973 3089 3031 mehr denken, Gefühlen, die uns fremd geworden sind,
1040 2998 2047 3056 ist...“ Er konnte nur freilich nicht ahnen, daß es dabei
2063 3019 3089 3073 Menschen, die wir nicht mehr haben. Schnitzler trifft es
1036 3032 2053 3108 bleiben sollte: indem sich das Stück allmählich im stillen
2056 3070 3094 3126 wunderbar, beides zu verbinden: das „Echte“ mit unserem
1028 3081 2053 3135 immer dankbarere Leser gewann, fuhr es im Theater bei den
2054 3101 3085 3179 neuen Gefühl. Niemals empfinden wir das als „Kostüm",
1027 3129 2047 3185 Zuschauern zu „verunglücken“ fort. Eigentlich bis heute.
2064 3170 3089 3221 wir sind sogleich in jene große Zeit entrückt. Wir spüren:
1035 3182 2055 3243 Laube erzählt in seinem Burgtheater: „Noch in einer
2052 3204 3093 3266 Diese waren anders, keiner ist heute so, unser Leben hat
1023 3214 2041 3281 anderen komischen Richtung versuchte ich das Repertoire zu
2057 3248 3082 3307 diese Form nicht mehr. Und spüren doch ihre Leidenschaft
1028 3274 2054 3333 erweitern. In der Richtung nach Norden, möchte ich sagen.
2066 3294 3091 3355 als unsere und spüren zugleich fast einen geheimen Wunsch,
1037 3318 2058 3382 Heinrich v. Kleists „Zerbrochener Krug“ gehört ganz zur
2057 3337 3102 3404 ihre Vergangenheit zu unserer Zukunft zu machen. Es ist.
1028 3362 2049 3414 nordischen Komik. — Heinrich p. Kleist stand lange auf der
2060 3373 3078 3457 Geschichte, ja, aber lebendige, aus der noch Funken in
1039 3404 2051 3466 Senatorliste unserer großen Poeten. Man meinte, es müsse
2059 3426 2552 3501 unsere Wünsche springen.
1022 3436 2052 3520 alles dafür getan werden, dem Publikum begreiflich zu
2150 3449 3094 3539 Herr Höfer, dieser so kluge, so geschickte, nur nicht
1031 3492 2049 3556 machen, daß ihm einer der nächsten Sessel nach Schiller
2061 3516 3081 3577 drastische Künstler, gibt den Adam sehr fein, ohne ihm
1031 3542 2043 3604 und Goethe eingeräumt werde. Ich war selbst dieser
2057 3560 3089 3628 freilich jene positive Komik zuzuschießen. Lustig ist die
1025 3579 2043 3651 Meinung und hatte vor, all seine Dramen in Szene zu
2063 3617 3091 3671 Marthe der Frau Thaller, von angenehmer Frische der
1029 3634 2054 3693 setzen. Zuerst brachte ich den „Zerbrochenen Krug“, der hier
2059 3657 3079 3713 Ruprecht des Herrn Birron und in die ganze Vor¬
1032 3679 2057 3753 nie gegeben worden; eigentlich ohne Erfolg. Er erschien zu
2057 3708 3084 3756 stellung bringt Herr Vallentin, der neue Regisseur, ein
1029 3728 2050 3789 nordisch, zu kalt, zu gedacht, zu abstrakt. Mehr Komik
2050 3748 3082 3807 Tempo und einen Zug, die man sonst in diesem Theater
1043 3776 2048 3827 für den Denker, als für den Zuschauer. Der Unterschied
2055 3788 3088 3868 nicht kannte. Man spürt seine starke Hand auch im
1030 3816 2051 3882 unserer deutschen Landsmannschaften zeigt sich da sehr
2061 3832 3084 3887 „Kakadu“, der, von den Damen Lißl und Ritscher,
1023 3857 2046 3932 deutlich. Die märkische Landsmannschaft, zu welcher
2056 3883 3086 3934 den Herren Kramer, Jensen und Birron vor¬
1025 3908 2051 3970 Kleist gehörte, findet das Stückchen ihrem Geschmacke zu¬
2053 3919 3076 3989 trefflich dargestellt, das Publikum in einen Taumel und
1027 3959 2048 4018 sagend, sie folgt ihm mit Behagen. Döring gibt auch den
2057 3979 3080 4038 Tumült rez, wie man hier lange, lange, keinen ver¬
1026 4007 2049 4051 Dorfrichter Adam viel cynischer, schärfer und frecher als
2054 4012 2327 4086 nommen hat.
1022 4055 2053 4108 La Roche, und die Döringsche Charakteristik entspricht dem
2608 4032 3049 4124 Hermann Bahr.
1025 4101 2076 4162 märkischen Grundtone. Die norddeutsche Komik steht eben
1218 4138 1402 4192 viel nal
1736 4138 2027 4202 WAIn
