3484 4480
1969 221 2423 313 box 16/1
217 222 1829 342 9.4. Der gruehe Kakadu—Zyklus
754 1014 1172 1091 Telefon 12801.
2158 1102 2562 1170 Telefon 12801.
464 1118 1483 1210 Unternehmen für Zeitungs-Ausschnitte.
1357 1176 1535 1248 Ausschnitt
1877 1179 2887 1295 Unternehmen für Zeitungs-Ausschnitte.
2754 1244 2945 1313 Ausschnift
631 1202 1260 1331 „OBSERVER
1322 1201 1599 1348 Nr. 4
1612 1228 1940 1378 N6 105
235 1326 1612 1401 I. östern behördl. conc. Bureau für Zeitungsberichte u. Personalnachrie
2040 1306 3070 1420 „OBSERVER Nr. 10
1654 1409 3109 1479 I. österr. behördl. conc. Bureau für Zeitungsberichte u. Personalnachrichte..
417 1408 1511 1496 Wien, IX/1. Türkenstrasse 17.
643 1473 1301 1566 Filiale in Budapest: „Figyelö“
1830 1471 2933 1574 Wien, IX/1. Türkenstrasse 17.
328 1552 1590 1640 Vertretungen in Berlin, Chicago, London, Newyork, Paris, Stockholm.
2049 1549 2715 1636 Filiale in Budapest: „Flgyelö“
1738 1622 3012 1709 Vertretungen in Berlin, Chicago, London, Newyork, Paris, Stockholm.
1016 1628 1317 1751 Enfürie
249 1672 780 1770 Ausschnitt aus:
1667 1758 2180 1850 Ausschnitt aus:
2308 1804 2985 1927 Frankfurter eng
239 1823 633 1929 vom 260
1666 1912 2148 2008 vom 2/ /700
761 2028 1296 2129 Kleine Zeitung.
576 2096 1523 2182 + Aus dem Darmstädter Kunstleben. Am
500 2138 1523 2209 26. Oktober sind 25 Jahre seit dem Tode von Peter
521 2206 1520 2259 Cornelius, einem der bedentendsten bessischen Ton¬
1998 2200 2986 2276 [Kleine Mittheilungen.] Man schreibt uns aus
512 2226 1517 2293 letzer, verflossen. Ein geborener Mainzer, gehörte er
1857 2254 2992 2334 [Wiesbaden vom 21. d. M.: Arthur Schnitzlers drei Einakter
513 2267 1536 2340 später dem anregenden Kreise an, der sich in Weimar
1841 2317 2991 2359 [ Paracelsus", „Die Gefährtin" und „Der grüne Kakadu“ haben“
508 2315 1521 2382 um Liszt schaarte. Dort kamen auch der „Barbier von
1874 2352 2982 2409 gestern bei der hiefigen ersten Aufführung im Residenz¬
507 2351 1528 2407 Bagdad“ und der „Cid“ zur ersten Aufführung; doch erst
1879 2385 2984 2453 theater viel Erfolg gehabt. Herr Kienscherf, der im ersten
511 2404 1522 2448 in den letzten Jahrzehnten findet seine, der damaligen
1877 2416 2970 2490 Stück den Waffenschmied und im zweiten den Professor gab, bot
521 2428 1532 2496 Zeis vorausgeeilte Kompositionsweise in weiteren Kreisen
1883 2451 2966 2523 sehr ernst zu nehmende Leistungen. Herr Sturm traf als
511 2476 1524 2546 Verständniß. Als ein dankenswerter Akt der Pielät war
1874 2489 2973 2565 Paracelsus den richtigen Ton. Dank ihm und einer trefflichen
517 2518 1528 2553 die würdige Gedächtnißfeier zu begrüßen, die der
1875 2531 2975 2607 Regie hat die groteske Revolutionssgene so drastisch gewirkt wie des.
508 2548 1525 2599 hiesige Richard=Wagner=Verein gestern Abend
1871 2578 2446 2652 der Dichter offenbar beabsichtigt. —
515 2595 1526 2651 für Cornelius veranstaltete. Durch die geschmackvolle
513 2626 1530 2690 Zusammenstellung der schönsten Lieder des Dichter¬
511 2666 1534 2722 komponisten wurde dem Hörer das Verständniß für die
522 2703 1525 2764 einfache und doch so innerliche und vornehme Kunst des
511 2742 1532 2790 Meisters erschlossen. Um die Ausführung des Programms
503 2787 1526 2848 machten sich namentlich Frl. Zinkeisen aus Frank¬
508 2816 952 2883 furt a. M., Frau Sei
1080 2831 1528 2888 s Darmstadt und der
520 2837 1165 2914 hiesige Mozartverein verdient I
1193 2868 1526 2923 1Hoftheater
507 2904 874 2965 wurden heute Sch
920 2891 1530 2966 Emakter Paracelsus,
508 2919 1528 3001 Die Gefährrik und Der grüne Kakadu auf¬
513 2994 1530 3036 geführt. Den größten und verdienten Erfolg hatte der
517 3018 1532 3068 grüne Kakadn, ein packendes Momentbild aus der fran¬
517 3064 1522 3118 zösischen Revolution. Die Voraussetzungen für eine
522 3101 1531 3145 gute Aufführung dieser Groteske — ein lüchtiger Lieb¬
515 3144 1532 3182 haber und ein flotter Regisseur — waren hier gegeben.?
243 3146 515 3229 Für 50 Zeitu
2133 3153 2711 3248 Bezugs-Bedingungen.
516 3161 1633 3243 Herr Löhr spielte den Schauspieler Heuri, den Ver=Jusiven
314 3200 422 3263 100
510 3212 1609 3275 brecher aus Leidenschaft, mit dem ganzen Feuer seines irto.
2731 3211 2859 3276 7.50
332 3240 430 3286 200
2880 3229 3081 3300 inclusive
1688 3225 2656 3320 Für 50 Zeitungsauschnitte (Artikel oder Notizen)
516 3256 1609 3311 augendlichen Temperaments und schuf eine Gestalt von hlbar
2729 3262 2860 3324 14.—
330 3283 418 3325 500
2898 3283 3059 3334 Porto.
517 3294 1633 3359 packender Wirkung. Sein Spiel wurde von der Regie soraus,
2728 3307 2871 3371 25.—
264 3310 433 3384 „ 1000
2889 3309 3074 3377 Zahlbar
1780 3328 1891 3374 200
516 3340 1530 3391 des Herrn Valdeck, die den Zuschauer mitten in den
2727 3349 2856 3392 55.—
1786 3367 1892 3414 500
2708 3362 3105 3457 100.— im Voraus.
424 3367 1595 3429 Ges Sturm des 14. Juli 1789 versetzte, trefflich unterstützt. ist
1724 3398 1896 3476 „ 1000
241 3413 1622 3467 Abonnement Die Aufführung des Grünen Kakadu gehört zu dem ht es
1819 3405 3150 3506 Im Gegensatze zu anderen Bureaux für Zeitungsausschnitte ist das
244 3453 1530 3511 Abonnenten in Besten, was das hiesige Schauspiel in den letzten Jahren
1699 3465 3153 3557 Abonnement durch keine bestimmte Zeitdauer begrenzt; — auch stcht es den
503 3494 1524 3565 geboten hat. Auch die Darstellung der (beiden anderen
499 3524 1177 3602 Stücke war größienteils befriedigend
1698 3518 3006 3598 Abonnenten frei die aufgegebenen Themen zu ergänzen oder zu ändern.
