3436 4256
194 156 365 241 9.4
1956 137 2392 225 box 16/1
1071 152 1258 218 akad
358 151 1790 247 Der grucheZ0klus
1441 966 1834 1054 Bühne und Welt.
2245 986 2397 1069 213
916 1092 2380 1157 kunst. Auch die Schlußszene ist wirkungsvoll arrangiert, obgleich das Senken
909 1143 2372 1231 der Fahnen über Hamlets Leiche mich lebhaft an den letzten Auftritt in der
924 1186 1636 1254 „Jungfrau von Orleans“ erinnerte.
990 1224 2375 1288 Katschalow als Hamlet legte das Hauptgewicht auf das Grüblerische des
907 1295 2377 1337 Dänenprinzen. Wohl hatte er Momente, in denen die lang verhaltene Bitter¬
913 1335 2371 1408 keit jäh zum Ausbruch gelangte, wie z. B. an der Stelle mit der Flöte und
917 1378 2390 1442 nach dem Abbruch des Schauspiels, aber im ganzen war er ein melancholischer
913 1437 2376 1505 Hamlet — ähnlich wie Sonnenthal. Im Gespräch mit Ophelia gebrach es
920 1497 2376 1544 dem Künstler an Eindringlichkeit — tonlos, fast mechanisch, wiederholte er
917 1529 2378 1586 die Worte: „Geh' in ein Kloster!" Etwas farblos fand ich auch sein Spiel
917 1575 2373 1635 im Schlußakt. Und trotz dieser Ausstellungen halte ich Katschalow für einen
909 1629 2375 1703 der besten Hamletdarsteller der russischen Bühne. Abgesehen von Robert
924 1680 2374 1746 Adelhein., hat sich kein russischer Interpret mit dieser schwierigen Rolle so zu
919 1741 2385 1801 identifizieren verstanden wie der Moskauer. Es gab wenigstens Augenblicke
920 1780 2370 1850 in seiner Verkörperung dieser begehrenswertesten Bühnengestalt, die sich tief
911 1829 2380 1887 dem Gedächtnis einprägen und in denen er sich zu imponierender Größe erhob.
996 1884 2367 1939 Ein vollkommenes Kind ist die Ophelia des Fräuleins Gsowskaja — und
913 1924 2373 1998 von einem Kinde kann man nicht viel verlangen. Ueberhaupt konnte sich
919 1971 2382 2025 niemand neben Katschalow behaupten. Wenn man nicht wüßte, daß Moskwin
922 2019 2366 2083 (Horatio), Luschski (Polonius), Wischnewski (Schauspieler), Frau Knipper¬
919 2084 2375 2144 Tschechow (Königin) Bühnenkünstler von Ruf sind, aus der Darstellung der
916 2121 2379 2174 bezeichneten Rollen könnte man es sicherlich nicht vermuten, sie standen ihren
907 2173 2376 2227 ungewohnten Aufgaben hilflos gegenüber. Man braucht sich gar nicht dem
921 2210 2368 2270 Antagonismus anzuschließen, der sich in der russischen Presse Petersburgs
915 2272 2373 2326 gegen die Gastspiele der Moskauer immer mehr entwickelt, und man muß
910 2321 2376 2381 zugeben, daß diese Elitetruppe mit der Aufführung Shakespearescher Werke
910 2368 2368 2439 ihren Ruhm nicht vergrößern wird. Haben die Moskowiter im Zeichen
916 2417 2372 2480 Tschechows immer unsere Kaiserlichen Schauspieler übertrumpft, so unterlagen
909 2467 2368 2520 sie diesmal mit der Darstellung des „Lebenden Leichnams“ dank der farblosen
912 2523 2368 2589 Darstellung Moskwins als Fedor Protassow und holten sich außerdem eine
908 2564 2375 2624 Schlappe mit dem Turgenjew=Abend. In der „Hamlet"=Vorstellung rettete
906 2624 2373 2682 Katschalow ganz allein die Ehre Moskaus, sein Dänenprinz steht höher als der
904 2666 2367 2721 Chodotows vom Kaiserlichen Theater, aber die übrigen Herrschaften der
917 2717 2367 2766 beiden ersten Bühnen Rußlands können sich ruhig die Hand reichen, sie
902 2765 1734 2829 haben einander nichts vorzuwerfen.
990 2809 2363 2872 Reisen sollte aber Stanislawsti mit dem größten Werk des unsterblichen
907 2856 2363 2910 Briten nicht — das hieße die russische Schauspielkunst diskreditieren, und das
920 2906 1411 2973 wird er doch nicht wollen.
1357 3083 1921 3218 Kundschau.
925 3004 1305 3235 En
1906 3026 2339 3240 1E 28
969 3290 1625 3336 Der Schnitzler=Tag. Am 15. Mai
1638 3275 2373 3345 sie das 5. Jahrzehnt ihres Lebens
901 3326 1634 3377 ist Arthur Schnitzler 50 Jahre
1639 3335 2372 3385 beschließen, durch Aufführung eines
912 3364 1631 3428 alt geworden. Der Deutsche Bühnen¬
1637 3371 2371 3423 ihrer Werke zu ehren. Aber die Ber¬
904 3412 1629 3454 verein hatte unlängst in seinem Ver¬
1645 3414 2360 3463 liner Theaterdirektoren, mögen sie
900 3453 1631 3499 bandsorgan seinen Mitgliedern aus¬
1645 3457 2374 3500 nun in der Ferne lohnendere Ge¬
899 3489 1628 3529 drücklich empfohlen, die deutschen
1646 3490 2364 3539 schäfte besorgen oder Thaliens Tem¬
900 3520 2371 3608 Dramatiker an dem Tage, an dem pel dem Priester der zehnten und
