3436 4352
725 187 1308 263 ruene Kakadu
475 185 638 262 Der
227 190 1300 307 9. 3
2081 166 2808 226 mnusic such as she has never heard
2081 195 2799 272 shows her a dazzling golden path,
1440 182 1870 274 box 15/3
2071 247 2809 309 between two long lines of singing
2078 289 2806 354 angels, and with her hand in his
2068 333 2801 395 Hannele starts the ascent toward
2068 367 2597 439 Heaven and her mother.
2098 401 2806 493 For a moment darkness and then
2061 451 2797 516 again the dirty room in the alms¬
2074 514 2796 575 house. From above there is the noise
2065 559 2798 624 of brawling beggars and drunken
2073 597 2792 647 women. Sister Martha and Gottwald,
2078 641 2811 704 the schoolmaster, lean over the bedai
2062 683 2793 744 on which Hannele lies. The filthr
2047 722 2799 799 coverlid moves no more over the fit¬
2051 770 2809 841 ful breast, but on the white face
2052 809 2716 885 there is the joy of her dreams.
2104 848 2801 927 It is no easy task to send over the
2060 903 2801 972 footlights in tangible form a poem
2064 944 2809 1007 play as dreamlike and mystical as
2074 983 2797 1054 sthis of Hauptmann’s, No one could
2074 1035 2802 1100 have done it better thar Mr. Fiske,
2072 1085 2812 1146 and we are to be congratalated that,
2079 1133 2801 1198 with“ Hannele“ in his possession, it
2085 1170 2805 1236 was made possible for us to see Mrs.
2080 1216 2810 1277 Fiske in the role of the dreaming
2073 1261 2798 1326 child. In voice and mannerism she
2074 1306 2801 1363 was successful in conveying the child¬
2076 1349 2812 1409 ish misery and poetic exaggerated
2070 1391 2815 1467 imagination of Hauptmann’s child
2074 1436 2291 1501 heroiné.
2122 1462 2808 1541 Hannele“ is fated to be buffetea
2060 1510 2801 1586 about by thé many, but the few-who
2077 1579 2794 1621 like it will wax enthusiastic over #t.
2083 1606 2799 1665 The former are the unthinking—
2075 1651 2808 1713 those who could not quite understand
1457 1713 2810 1795 ·THE GREEN COCKATOO.# are the students and those who have
2082 1786 2799 1851 the welfare and advancement of our
1375 1770 2079 1865 Emile, Duc de Cadigan. Edward Mackay
1377 1828 1951 1892 Francois, Vicomte de Nogeant.
2067 1823 2810 1893 stage at heart; of the latter group
1802 1867 2806 1939 Cyrll Chadwick, Mrs. Fiske is idol—the actress to
1364 1875 2037 1959 Francols, Vicomte de la Tremouille,
2090 1916 2808 1972 whom à famous English eritic, leay¬
1817 1934 2081 1984 Gregonv Kelly
1361 1939 2821 2030 Marquis de Lansac Fuller Mellishing for England after the dedication
1371 1992 2089 2057 Severine Miss Marle Maddern
2087 2002 2798 2067 exereises at the New theatre, re¬
1363 2037 2074 2102 RollinR. W. Tucker
2088 2033 2805 2106 ferred as #that wonderful, wonderful
1376 2078 2086 2128 Prospere Henry Stephenson
2092 2080 2809 2159 woman of yours, Minnte Maddern
1377 2120 2082 2160 Henrl. Holbrook Blinn
2088 2128 2260 2197 Fiske.“
1374 2157 2082 2197 Guillaume R. Owen Meech
2113 2152 2823 2235 To Holbrook Blinn fell some of thef
1366 2169 2097 2243 Scaevola Paul Scardon
1368 2214 2797 2263 Jules Harold Mathewsmost exquisite passages in“ Hannele“
1367 2259 2075 2306 Michetter. Miss Helena Van Brugh
2089 2275 2805 2331 and he read them beautifully. Alice
1377 2290 2077 2352 Flipote Miss Veda. McEvers
2095 2313 2824 2374 John was an admirable Sister Martha,
1376 2331 2083 2388 Leocadie Miss Aliee John
1384 2362 2084 2412 Grasset. „. Sheldon Lewis
2103 2359 2809 2422 Hannele' was preceded by a one¬
1359 2393 2068 2447 LebretRobert Owen
2077 2405 2814 2467 act play by Arthur Schnitzler, Thei
1373 2441 2072 2483 Grain Wilfred Buckland
2088 2439 2814 2497 Green Cockatoo. An amusing enough
1355 2471 2077 2532 The Commissaire T. N. Heffron
2078 2490 2804 2546 story of Paris in 1789 is told in rather
1357 2520 2782 2580 , At the Lyceum theatre last night long-winded fashion, but on the
1365 2580 2781 2639 Mrs. Fiske presented Gerhart Haupt-whole the piece is amusing, It fur¬
2679 2619 2778 2679 brook
1369 2621 2644 2681 mann’s poem-play,“Hannele.“ Near- Inished Edward Mackay, H
1374 2661 2784 2715 ly fifteen years ago this same Haupt- Blinn, Alfred Bückland, Alice John.
1374 2710 2808 2765 mann play had an inadequate produe- Henry Stephenson and Fuller Mellish:
1375 2756 2806 2819 tion here in New York, one year-aften, some excellent äcting opportunities,
1376 2803 2809 2877 its premiere on the continent. Since, of whichtthey availed theinselves well.
1369 2836 2109 2908 that Broadway production, however,
1377 2894 2095 2951 facilities formounting an entertain¬
1370 2922 2106 3002 ment made of suchmdelicate fiber have
1374 2983 2103 3040 improved vastly, and it is needless to
1363 3024 2108 3087 say that Harrison Grey Fiske has
1369 3066 2129 3125 taken ädvantage of every excelieut
1366 3108 1953 3175 facility in admirable fashion.
1384 3140 2117 3206 Into a squalid room in the little
1363 3197 2110 3252 almshouse of a Silesian village, in
1365 3243 2116 3311 the heart of. a terrific storm, aschild
1363 3292 2101 3357 is brought, her body covered with
1364 3335 2098 3386 scars. She is Hannele, the little;
1368 3376 2093 3432 daughter of Mattern, the village bully
1360 3428 2103 3483 and drunkard. Beaten and starved
1358 3457 2098 3523 since her mother’s death a few weeks
1359 3512 2090 3573 before, the girl, after being sent out
1360 3546 2106 3629 into the storm by Mattern, throws
1414 3610 2125 3756 Ih Sermire Mait
1420 3768 1899 3873 S-ange igler
