<?xml version="1.0" encoding="UTF-8" standalone="yes"?>
<PcGts xmlns="http://schema.primaresearch.org/PAGE/gts/pagecontent/2013-07-15" xmlns:xsi="http://www.w3.org/2001/XMLSchema-instance" xsi:schemaLocation="http://schema.primaresearch.org/PAGE/gts/pagecontent/2013-07-15 http://schema.primaresearch.org/PAGE/gts/pagecontent/2013-07-15/pagecontent.xsd">
    <Metadata>
        <Creator>prov=University of Rostock/Institute of Mathematics/CITlab/Gundram Leifert/gundram.leifert@uni-rostock.de:name=ONB_Newseye_GT_M1+(htr_id=10810)::::v=2.4.2
prov=University of Rostock/Institute of Mathematics/CITlab/Tobias Gruening/tobias.gruening@uni-rostock.de:name=de.uros.citlab.module.baseline2polygon.B2PSeamMultiOriented:v=2.4.2
prov=University of Rostock/Institute of Mathematics/CITlab/Tobias Gruening/tobias.gruening@uni-rostock.de:name=/mnt/transkribus/LA/DEA/URO/LA_news_onb_att.pb:de.uros.citlab.segmentation.CITlab_LA_ML:v=2.4.2
Transkribus</Creator>
        <Created>2019-10-07T11:44:04.482+02:00</Created>
        <LastChange>2019-10-09T00:09:37.596+02:00</LastChange>
        <TranskribusMetadata docId="223987" pageId="9504675" pageNr="680" tsid="16617194" status="IN_PROGRESS" userId="40391" imgUrl="https://files.transkribus.eu/Get?id=GNFOBPUIBQABRIXEJHHVGAAU&amp;fileType=view" xmlUrl="https://files.transkribus.eu/Get?id=BTERLFHQSWIFEYSZQTEXGIXY" imageId="6194889"/>
    </Metadata>
    <Page imageFilename="223987_0680.jpeg" imageWidth="3484" imageHeight="4480">
        <ReadingOrder>
            <OrderedGroup id="ro_1711447595803" caption="Regions reading order">
                <RegionRefIndexed index="0" regionRef="r1"/>
                <RegionRefIndexed index="1" regionRef="r2"/>
            </OrderedGroup>
        </ReadingOrder>
        <TextRegion orientation="0.0" id="r1" custom="readingOrder {index:0;}">
            <Coords points="471,91 471,4064 1606,4064 1606,91"/>
            <TextLine id="r1l1" custom="readingOrder {index:0;}">
                <Coords points="505,124 1477,135 1599,126 1600,86 506,94"/>
                <Baseline points="512,111 566,111 620,112 674,113 728,113 782,114 836,115 890,115 944,116 998,117 1052,118 1106,118 1160,119 1214,119 1268,120 1322,120 1376,120 1430,120 1484,120 1538,120 1592,120"/>
                <TextEquiv>
                    <Unicode>geben und das Geheimniß ihrer ganzen Schaffensart entschleiern.</Unicode>
                </TextEquiv>
            </TextLine>
            <TextLine id="r1l2" custom="readingOrder {index:1;}">
                <Coords points="486,153 1589,173 1589,132 1516,123 486,120"/>
                <Baseline points="492,153 546,154 601,154 655,155 710,155 764,156 819,156 873,157 928,157 982,158 1037,158 1091,159 1146,159 1200,160 1255,160 1309,160 1364,161 1418,161 1473,161 1527,162 1582,162"/>
                <TextEquiv>
                    <Unicode>Dabei kommt es ihnen selbstverständlich darauf an, Werke von</Unicode>
                </TextEquiv>
            </TextLine>
            <TextLine id="r1l3" custom="readingOrder {index:2;}">
                <Coords points="491,212 1597,211 1597,180 1532,167 491,167"/>
                <Baseline points="498,199 552,198 607,198 661,198 716,198 771,198 825,198 880,199 934,199 989,200 1044,200 1098,201 1153,202 1207,202 1262,203 1317,204 1371,204 1426,205 1480,206 1535,206 1590,207"/>
                <TextEquiv>
                    <Unicode>ganz verschiedener Grundstimmung zu vereinen. Das war in</Unicode>
                </TextEquiv>
            </TextLine>
            <TextLine id="r1l4" custom="readingOrder {index:3;}">
                <Coords points="497,237 1590,250 1590,212 1494,207 497,214"/>
                <Baseline points="504,239 557,239 611,239 665,239 719,239 773,239 827,240 881,240 935,241 989,242 1043,242 1096,243 1150,244 1204,245 1258,245 1312,246 1366,246 1420,247 1474,247 1528,247 1582,247"/>
                <TextEquiv>
                    <Unicode>Sudermann's „Morituri“ ebenso der Fall, wie in Hartleben's</Unicode>
                </TextEquiv>
            </TextLine>
            <TextLine id="r1l5" custom="readingOrder {index:4;}">
                <Coords points="486,310 809,280 1575,303 1588,251 487,267"/>
                <Baseline points="493,282 547,282 601,282 656,282 710,282 765,282 819,282 873,282 928,282 982,282 1037,282 1091,282 1145,283 1200,283 1254,284 1309,284 1363,285 1417,286 1472,287 1526,288 1581,290"/>
                <TextEquiv>
                    <Unicode>„Befreiten“, das ist fast in noch höherem Grade der Fall bei</Unicode>
                </TextEquiv>
            </TextLine>
            <TextLine id="r1l6" custom="readingOrder {index:5;}">
                <Coords points="492,350 601,326 647,338 667,328 679,340 710,324 729,338 762,325 830,338 896,328 896,307 821,287 772,296 615,283 586,296 527,286 492,307"/>
                <Baseline points="499,327 525,325 551,324 577,323 603,323 629,323 655,322 681,323 707,323 733,323 759,323 785,323 811,324 837,324 863,324 889,323"/>
                <TextEquiv>
                    <Unicode>Schnitzler's Einactern.</Unicode>
                </TextEquiv>
            </TextLine>
            <TextLine id="r1l7" custom="readingOrder {index:6;}">
                <Coords points="545,373 1590,379 1590,340 1532,321 546,348"/>
                <Baseline points="552,364 603,364 655,364 706,364 758,365 809,365 861,366 912,367 964,367 1015,368 1067,369 1118,369 1170,370 1221,370 1273,371 1324,371 1376,372 1427,372 1479,372 1530,372 1582,371"/>
                <TextEquiv>
                    <Unicode>„Paracelsus“ ist ein Vorspiel, oder besser eine gereimte</Unicode>
                </TextEquiv>
            </TextLine>
            <TextLine id="r1l8" custom="readingOrder {index:7;}">
                <Coords points="485,403 1587,422 1587,387 1529,376 526,360 485,391"/>
                <Baseline points="491,405 545,405 599,406 654,406 708,407 763,408 817,408 872,409 926,409 981,410 1035,410 1089,411 1144,411 1198,412 1253,412 1307,413 1362,413 1416,413 1471,414 1525,414 1580,414"/>
                <TextEquiv>
                    <Unicode>Spielerei, bei welcher der Hypnotisirung die Hauptrolle zufällt.</Unicode>
                </TextEquiv>
            </TextLine>
            <TextLine id="r1l9" custom="readingOrder {index:8;}">
                <Coords points="485,456 1593,470 1594,426 486,405"/>
                <Baseline points="493,448 547,448 602,448 656,448 711,449 766,449 820,450 875,451 930,452 984,453 1039,453 1094,454 1148,455 1203,455 1258,456 1312,456 1367,456 1422,456 1476,456 1531,455 1586,454"/>
                <TextEquiv>
                    <Unicode>Der „wunderthätige Magus“ und Arzt Theophrastus Bombastus</Unicode>
                </TextEquiv>
            </TextLine>
            <TextLine id="r1l10" custom="readingOrder {index:9;}">
                <Coords points="480,481 1593,504 1593,470 1507,457 480,464"/>
                <Baseline points="487,491 544,490 602,490 660,490 718,491 776,491 834,492 891,493 949,493 1007,494 1065,495 1123,496 1181,496 1238,497 1296,497 1354,498 1412,498 1470,498 1528,498 1586,497"/>
                <TextEquiv>
                    <Unicode>Hohenheim, genannt Paracelsus, der nichts weniger als den „Stein</Unicode>
                </TextEquiv>
            </TextLine>
            <TextLine id="r1l11" custom="readingOrder {index:10;}">
                <Coords points="482,528 1593,549 1560,501 482,504"/>
                <Baseline points="489,532 543,532 598,532 653,532 708,532 763,533 817,533 872,534 927,534 982,535 1037,535 1091,536 1146,537 1201,538 1256,538 1311,539 1365,539 1420,539 1475,540 1530,540 1585,540"/>
                <TextEquiv>
                    <Unicode>der Weisen“ zu entdecken suchte und nach einem wüsten Leben in</Unicode>
                </TextEquiv>
            </TextLine>
            <TextLine id="r1l12" custom="readingOrder {index:11;}">
                <Coords points="479,573 1589,586 1589,551 1439,541 567,531 479,560"/>
                <Baseline points="487,575 541,575 596,574 651,574 705,574 760,574 815,574 869,575 924,575 979,575 1034,575 1088,575 1143,576 1198,576 1252,577 1307,577 1362,578 1416,578 1471,579 1526,580 1581,581"/>
                <TextEquiv>
                    <Unicode>Salzburg starb, wird uns in dem Stücke mehr als Charlatan</Unicode>
                </TextEquiv>
            </TextLine>
            <TextLine id="r1l13" custom="readingOrder {index:12;}">
                <Coords points="482,616 1589,633 1589,588 1548,584 483,584"/>
                <Baseline points="489,618 543,617 598,616 652,616 707,616 762,615 816,616 871,616 926,616 980,617 1035,617 1090,618 1144,618 1199,619 1254,620 1308,621 1363,621 1418,622 1472,623 1527,623 1582,623"/>
                <TextEquiv>
                    <Unicode>und Wunderdoctor vor Augen geführt, denn als Gelehrter. Bei</Unicode>
                </TextEquiv>
            </TextLine>
            <TextLine id="r1l14" custom="readingOrder {index:13;}">
                <Coords points="486,659 1589,666 1589,632 1534,625 487,615"/>
                <Baseline points="493,657 547,657 601,657 656,657 710,657 765,657 819,658 874,658 928,659 983,659 1037,660 1091,660 1146,661 1200,661 1255,662 1309,662 1364,662 1418,663 1473,663 1527,663 1582,663"/>
                <TextEquiv>
                    <Unicode>einem Aufenthalt in Basel dringt die Kunde von seinen Wunder¬</Unicode>
                </TextEquiv>
            </TextLine>
            <TextLine id="r1l15" custom="readingOrder {index:14;}">
                <Coords points="487,701 1590,711 1579,665 487,674"/>
                <Baseline points="493,697 547,698 602,699 656,700 711,701 765,701 820,701 874,702 929,702 983,702 1038,702 1092,702 1147,702 1201,702 1256,703 1310,703 1365,704 1419,704 1474,705 1528,706 1583,707"/>
                <TextEquiv>
                    <Unicode>thaten auch in das Haus des Waffenschmieds Cyprian, dessen</Unicode>
                </TextEquiv>
            </TextLine>
            <TextLine id="r1l16" custom="readingOrder {index:15;}">
                <Coords points="482,744 1542,766 1590,758 1591,712 483,706"/>
                <Baseline points="489,738 543,740 598,741 653,742 707,743 762,744 817,744 871,744 926,744 981,744 1036,744 1090,744 1145,745 1200,745 1254,745 1309,746 1364,746 1418,747 1473,748 1528,750 1583,752"/>
                <TextEquiv>
                    <Unicode>Weik Justina ihn einst, da er noch zu Basel studirte, geliebt hat.</Unicode>
                </TextEquiv>
            </TextLine>
            <TextLine id="r1l17" custom="readingOrder {index:16;}">
                <Coords points="483,786 1491,808 1584,796 1585,755 484,745"/>
                <Baseline points="491,780 545,781 599,782 653,783 708,783 762,784 816,784 871,784 925,785 979,785 1034,785 1088,785 1142,786 1196,786 1251,786 1305,787 1359,788 1414,788 1468,789 1522,790 1577,791"/>
                <TextEquiv>
                    <Unicode>Die Erinnerung an diese gkückliche Jugendzeit regt Justina's</Unicode>
                </TextEquiv>
            </TextLine>
            <TextLine id="r1l18" custom="readingOrder {index:17;}">
                <Coords points="482,826 1584,847 1567,794 482,788"/>
                <Baseline points="489,826 543,826 597,826 652,826 706,826 761,827 815,827 869,827 924,827 978,827 1033,828 1087,828 1141,828 1196,829 1250,829 1305,830 1359,831 1413,832 1468,833 1522,834 1577,835"/>
                <TextEquiv>
                    <Unicode>ganze Sinnenlust auf, und sie ist fast geneigt, da sie das zwar</Unicode>
                </TextEquiv>
            </TextLine>
            <TextLine id="r1l19" custom="readingOrder {index:18;}">
                <Coords points="479,859 1593,884 1593,837 1549,834 480,828"/>
                <Baseline points="486,862 541,864 596,865 651,866 706,867 761,868 816,868 871,869 926,869 981,870 1036,870 1091,870 1146,871 1201,871 1256,871 1311,871 1366,872 1421,872 1476,873 1531,873 1586,874"/>
                <TextEquiv>
                    <Unicode>biedermännische aber philiströse, geschwätzige und nüchterne Wesen</Unicode>
                </TextEquiv>
            </TextLine>
            <TextLine id="r1l20" custom="readingOrder {index:19;}">
                <Coords points="484,914 1594,925 1594,883 1532,878 485,864"/>
                <Baseline points="491,903 545,904 600,906 655,907 710,907 765,908 819,909 874,909 929,910 984,910 1039,911 1093,911 1148,911 1203,912 1258,912 1313,913 1367,913 1422,914 1477,915 1532,916 1587,917"/>
                <TextEquiv>
                    <Unicode>ihres Gatten nicht befriedigt, dem Liebeswerben des Junkers</Unicode>
                </TextEquiv>
            </TextLine>
            <TextLine id="r1l21" custom="readingOrder {index:20;}">
                <Coords points="475,954 1582,966 1552,920 476,925"/>
                <Baseline points="482,947 536,948 591,949 645,950 700,950 755,951 809,951 864,951 919,951 973,952 1028,952 1083,952 1137,952 1192,952 1247,953 1301,953 1356,954 1411,955 1465,956 1520,957 1575,958"/>
                <TextEquiv>
                    <Unicode>Anselm Gehör zu schenken. Da sieht sie Paracelsus wieder, der</Unicode>
                </TextEquiv>
            </TextLine>
            <TextLine id="r1l22" custom="readingOrder {index:21;}">
                <Coords points="482,986 1483,1014 1589,1008 1590,970 482,965"/>
                <Baseline points="488,989 542,990 597,991 652,992 707,993 761,993 816,994 871,994 926,995 980,995 1035,995 1090,996 1145,996 1199,996 1254,997 1309,997 1364,997 1418,998 1473,998 1528,999 1583,1000"/>
                <TextEquiv>
                    <Unicode>von ihrem Manne als Gast ins Haus gebracht, aber brutal be¬</Unicode>
                </TextEquiv>
            </TextLine>
            <TextLine id="r1l23" custom="readingOrder {index:22;}">
                <Coords points="477,1038 1586,1041 1551,1005 477,1007"/>
                <Baseline points="484,1036 538,1036 593,1036 648,1036 703,1036 757,1037 812,1037 867,1037 922,1038 976,1038 1031,1039 1086,1039 1141,1040 1195,1040 1250,1041 1305,1042 1360,1042 1414,1043 1469,1043 1524,1044 1579,1044"/>
                <TextEquiv>
                    <Unicode>handelt wird und deshalb sich mit seiner Kunst zu rächen be¬</Unicode>
                </TextEquiv>
            </TextLine>
            <TextLine id="r1l24" custom="readingOrder {index:23;}">
                <Coords points="488,1087 1306,1076 1306,1051 1213,1042 489,1046"/>
                <Baseline points="496,1078 536,1077 576,1077 616,1077 656,1077 696,1077 736,1077 777,1077 817,1077 857,1077 897,1077 937,1078 977,1078 1017,1078 1058,1078 1098,1079 1138,1079 1178,1079 1218,1079 1258,1080 1299,1080"/>
                <TextEquiv>
                    <Unicode>schließt. Er soll eine Probe derselben geben:</Unicode>
                </TextEquiv>
            </TextLine>
            <TextLine id="r1l25" custom="readingOrder {index:24;}">
                <Coords points="604,1120 1088,1125 1126,1152 1490,1127 1490,1104 1354,1077 669,1077 604,1105"/>
                <Baseline points="611,1122 654,1121 698,1120 741,1120 785,1120 829,1120 872,1120 916,1120 959,1121 1003,1121 1047,1122 1090,1122 1134,1123 1177,1123 1221,1124 1265,1124 1308,1124 1352,1124 1395,1124 1439,1123 1483,1122"/>
                <TextEquiv>
                    <Unicode>„Denn hat man solchen Gast ins Haus geladen.</Unicode>
                </TextEquiv>
            </TextLine>
            <TextLine id="r1l26" custom="readingOrder {index:25;}">
                <Coords points="604,1170 831,1178 1052,1163 1087,1176 1087,1133 1059,1125 1007,1137 978,1124 831,1137 605,1126"/>
                <Baseline points="611,1156 637,1157 663,1159 689,1160 715,1161 741,1161 767,1162 793,1162 819,1162 845,1162 871,1162 897,1162 923,1162 949,1162 975,1162 1001,1162 1027,1162 1053,1163 1080,1163"/>
                <TextEquiv>
                    <Unicode>So zeig' er, was er kann“,</Unicode>
                </TextEquiv>
            </TextLine>
            <TextLine id="r1l27" custom="readingOrder {index:26;}">
                <Coords points="478,1202 1590,1214 1590,1176 1520,1153 478,1174"/>
                <Baseline points="485,1200 539,1200 594,1201 649,1201 704,1202 759,1202 814,1203 869,1204 924,1205 979,1206 1034,1206 1088,1207 1143,1208 1198,1208 1253,1209 1308,1209 1363,1209 1418,1209 1473,1209 1528,1209 1583,1208"/>
                <TextEquiv>
                    <Unicode>meint Cyprian, der den Arzt auf eine Stufe mit dem fahrenden</Unicode>
                </TextEquiv>
            </TextLine>
            <TextLine id="r1l28" custom="readingOrder {index:27;}">
                <Coords points="474,1240 1593,1255 1585,1214 474,1215"/>
                <Baseline points="481,1240 536,1241 591,1243 646,1244 702,1245 757,1246 812,1247 867,1248 923,1249 978,1249 1033,1250 1088,1250 1144,1251 1199,1251 1254,1252 1309,1252 1365,1252 1420,1252 1475,1252 1530,1252 1586,1252"/>
                <TextEquiv>
                    <Unicode>Volk stellt. Und Paracelsus versetzt Justina in einen hypnotischen</Unicode>
                </TextEquiv>
            </TextLine>
            <TextLine id="r1l29" custom="readingOrder {index:28;}">
                <Coords points="488,1285 1573,1308 1592,1264 488,1244"/>
                <Baseline points="495,1286 549,1287 603,1288 658,1289 712,1290 767,1290 821,1291 876,1292 930,1293 985,1293 1039,1294 1093,1294 1148,1294 1202,1295 1257,1295 1311,1295 1366,1295 1420,1295 1475,1295 1529,1295 1584,1295"/>
                <TextEquiv>
                    <Unicode>Schlaf, wobei er ihr einen Ghebruch mit Junker Anselm</Unicode>
                </TextEquiv>
            </TextLine>
            <TextLine id="r1l30" custom="readingOrder {index:29;}">
                <Coords points="479,1338 1583,1343 1556,1298 679,1310 480,1280"/>
                <Baseline points="486,1331 540,1331 595,1330 649,1330 704,1331 758,1331 813,1331 867,1332 922,1333 976,1333 1031,1334 1085,1334 1140,1335 1194,1335 1249,1336 1303,1336 1358,1336 1412,1335 1467,1335 1521,1334 1576,1333"/>
                <TextEquiv>
                    <Unicode>suggerirt. Erwachend, flieht sie ihren Mann, da sie den unter¬</Unicode>
                </TextEquiv>
            </TextLine>
            <TextLine id="r1l31" custom="readingOrder {index:30;}">
                <Coords points="485,1380 1586,1382 1561,1339 486,1343"/>
                <Baseline points="493,1374 547,1374 601,1373 656,1373 710,1373 764,1373 819,1373 873,1374 927,1374 982,1374 1036,1375 1090,1375 1145,1376 1199,1376 1253,1377 1308,1377 1362,1377 1416,1377 1471,1376 1525,1376 1580,1375"/>
                <TextEquiv>
                    <Unicode>geschobenen Ehebruch für wahr hält. Nun ist Cyprian in Ver¬</Unicode>
                </TextEquiv>
            </TextLine>
            <TextLine id="r1l32" custom="readingOrder {index:31;}">
                <Coords points="483,1427 1593,1425 1593,1384 1501,1375 483,1380"/>
                <Baseline points="491,1416 545,1415 600,1415 655,1415 710,1415 764,1416 819,1416 874,1416 929,1416 983,1417 1038,1417 1093,1417 1148,1417 1202,1418 1257,1418 1312,1418 1367,1418 1421,1418 1476,1418 1531,1418 1586,1418"/>
                <TextEquiv>
                    <Unicode>zweiflung und beschwört Paracelsus, den Bann von seinem Weibe</Unicode>
                </TextEquiv>
            </TextLine>
            <TextLine id="r1l33" custom="readingOrder {index:32;}">
                <Coords points="482,1460 1597,1463 1587,1423 482,1427"/>
                <Baseline points="489,1458 544,1458 599,1458 654,1459 709,1459 764,1459 819,1459 874,1460 929,1460 984,1460 1039,1461 1094,1461 1149,1461 1204,1462 1259,1462 1314,1462 1369,1462 1424,1462 1479,1462 1534,1462 1589,1462"/>
                <TextEquiv>
                    <Unicode>zu nehmen. Justina kommt schließlich reumüthig zurück und</Unicode>
                </TextEquiv>
            </TextLine>
            <TextLine id="r1l34" custom="readingOrder {index:33;}">
                <Coords points="480,1510 1501,1519 1585,1512 1586,1471 481,1464"/>
                <Baseline points="487,1498 541,1499 596,1499 650,1500 705,1500 760,1500 814,1501 869,1501 923,1501 978,1502 1033,1502 1087,1502 1142,1502 1196,1502 1251,1502 1306,1502 1360,1503 1415,1503 1469,1503 1524,1503 1579,1504"/>
                <TextEquiv>
                    <Unicode>beichtet dem Gatten den nie begangenen Ehebruch, ja, sie hält ihn</Unicode>
                </TextEquiv>
            </TextLine>
            <TextLine id="r1l35" custom="readingOrder {index:34;}">
                <Coords points="472,1538 1551,1557 1585,1514 472,1524"/>
                <Baseline points="480,1542 534,1542 589,1542 644,1543 699,1543 754,1544 809,1544 864,1545 919,1545 974,1545 1029,1546 1083,1546 1138,1546 1193,1546 1248,1546 1303,1546 1358,1545 1413,1545 1468,1544 1523,1543 1578,1542"/>
                <TextEquiv>
                    <Unicode>dem Junker Anselm gegenüber selbst aufrecht, was die Ver¬</Unicode>
                </TextEquiv>
            </TextLine>
            <TextLine id="r1l36" custom="readingOrder {index:35;}">
                <Coords points="471,1565 628,1600 1593,1582 1582,1552 1429,1545 471,1550"/>
                <Baseline points="479,1581 534,1582 589,1583 645,1584 700,1585 755,1586 811,1586 866,1587 921,1587 977,1587 1032,1588 1087,1588 1143,1588 1198,1588 1253,1588 1309,1587 1364,1587 1419,1587 1475,1586 1530,1586 1586,1585"/>
                <TextEquiv>
                    <Unicode>wirrung und Bestürzung mehrt. Endlich läßt Paracelsus sich er¬</Unicode>
                </TextEquiv>
            </TextLine>
            <TextLine id="r1l37" custom="readingOrder {index:36;}">
                <Coords points="1320,1622 1325,1622 1332,1617 1337,1619 1349,1615 1354,1616 1359,1608 1375,1605 1371,1587 1357,1589 1348,1594 1336,1593 1330,1596 1322,1593 1315,1595"/>
                <Baseline points="1326,1614 1368,1606"/>
                <TextEquiv>
                    <Unicode>!</Unicode>
                </TextEquiv>
            </TextLine>
            <TextLine id="r1l38" custom="readingOrder {index:37;}">
                <Coords points="473,1631 1593,1636 1593,1599 1531,1592 473,1595"/>
                <Baseline points="480,1625 535,1626 590,1626 645,1627 701,1628 756,1628 811,1629 866,1629 922,1630 977,1630 1032,1630 1087,1631 1143,1631 1198,1631 1253,1631 1308,1631 1364,1630 1419,1630 1474,1630 1529,1629 1585,1629"/>
                <TextEquiv>
                    <Unicode>weichen, dem Spuk ein Ende zu machen. Er schlafert Justina</Unicode>
                </TextEquiv>
            </TextLine>
            <TextLine id="r1l39" custom="readingOrder {index:38;}">
                <Coords points="480,1665 1578,1681 1578,1637 1538,1634 480,1644"/>
                <Baseline points="487,1665 541,1667 595,1668 649,1670 703,1671 758,1672 812,1673 866,1673 920,1673 974,1673 1029,1673 1083,1673 1137,1672 1191,1672 1245,1672 1300,1671 1354,1671 1408,1671 1462,1671 1516,1671 1571,1672"/>
                <TextEquiv>
                    <Unicode>abermals ein, zwingt sie, die früheren Eindrücke zu vergessen und</Unicode>
                </TextEquiv>
            </TextLine>
            <TextLine id="r1l40" custom="readingOrder {index:39;}">
                <Coords points="478,1717 1593,1722 1593,1689 1484,1675 478,1673"/>
                <Baseline points="485,1709 540,1710 595,1712 650,1712 705,1713 760,1713 815,1714 870,1714 925,1714 980,1714 1035,1714 1090,1714 1145,1714 1200,1714 1255,1714 1310,1714 1365,1715 1420,1715 1475,1715 1530,1716 1586,1717"/>
                <TextEquiv>
                    <Unicode>wahr zu sein. Cyprian, der von Paracelsus in Zweifel gehalten</Unicode>
                </TextEquiv>
            </TextLine>
            <TextLine id="r1l41" custom="readingOrder {index:40;}">
                <Coords points="476,1744 1588,1765 1548,1718 476,1719"/>
                <Baseline points="482,1751 536,1752 591,1753 646,1753 701,1754 756,1754 811,1755 866,1755 921,1755 976,1756 1031,1756 1085,1756 1140,1756 1195,1756 1250,1756 1305,1757 1360,1757 1415,1757 1470,1757 1525,1757 1580,1757"/>
                <TextEquiv>
                    <Unicode>wird, ob wirklich ein Ehebruch vorliegt oder nicht,</Unicode>
                </TextEquiv>
            </TextLine>
            <TextLine id="r1l42" custom="readingOrder {index:41;}">
                <Coords points="473,1804 560,1796 608,1816 749,1793 801,1813 833,1794 964,1800 964,1769 871,1756 771,1764 742,1782 681,1763 616,1781 568,1755 473,1764"/>
                <Baseline points="479,1791 504,1792 529,1793 554,1794 579,1795 604,1795 629,1796 654,1796 679,1797 704,1797 730,1797 755,1797 780,1797 805,1797 830,1797 855,1797 880,1796 905,1796 930,1796 956,1795"/>
                <TextEquiv>
                    <Unicode>wird nun von der</Unicode>
                </TextEquiv>
            </TextLine>
            <TextLine id="r1l43" custom="readingOrder {index:42;}">
                <Coords points="1328,1798 1380,1809 1470,1803 1484,1816 1531,1801 1594,1802 1594,1764 1554,1772 1539,1759 1499,1766 1490,1758 1477,1768 1417,1773 1354,1756 1342,1767 1328,1763"/>
                <Baseline points="1335,1793 1360,1794 1385,1795 1410,1796 1435,1798 1460,1799 1485,1799 1510,1799 1535,1799 1560,1797 1586,1794"/>
                <TextEquiv>
                    <Unicode>Er erfährt</Unicode>
                </TextEquiv>
            </TextLine>
            <TextLine id="r1l44" custom="readingOrder {index:43;}">
                <Coords points="963,1787 1045,1809 1136,1786 1201,1812 1297,1801 1297,1780 1262,1760 1238,1772 1208,1759 1096,1772 1056,1757 1034,1771 963,1754"/>
                <Baseline points="970,1798 996,1798 1023,1798 1050,1798 1076,1798 1103,1798 1130,1798 1156,1798 1183,1798 1210,1798 1236,1798 1263,1797 1290,1797"/>
                <TextEquiv>
                    <Unicode>Folter befreit.</Unicode>
                </TextEquiv>
            </TextLine>
            <TextLine id="r1l45" custom="readingOrder {index:44;}">
                <Coords points="480,1835 1347,1865 1586,1844 1587,1804 480,1806"/>
                <Baseline points="487,1836 541,1837 596,1837 650,1838 705,1838 760,1838 814,1838 869,1838 923,1839 978,1839 1033,1839 1087,1839 1142,1839 1196,1840 1251,1840 1306,1840 1360,1840 1415,1841 1469,1841 1524,1842 1579,1842"/>
                <TextEquiv>
                    <Unicode>vom Munde seines Weibes die Wahrheit, ihre</Unicode>
                </TextEquiv>
            </TextLine>
            <TextLine id="r1l46" custom="readingOrder {index:45;}">
                <Coords points="474,1876 1588,1899 1579,1844 1292,1870 474,1831"/>
                <Baseline points="481,1879 538,1879 596,1880 654,1880 712,1881 770,1881 828,1881 885,1881 943,1881 1001,1881 1059,1882 1117,1882 1175,1882 1232,1882 1290,1882 1348,1882 1406,1882 1464,1882 1522,1883 1580,1883"/>
                <TextEquiv>
                    <Unicode>eheliche Treue. Freilich erfuhr er noch mehr . . ., daß nämlich</Unicode>
                </TextEquiv>
            </TextLine>
            <TextLine id="r1l47" custom="readingOrder {index:46;}">
                <Coords points="474,1939 1595,1936 1595,1892 1555,1886 474,1879"/>
                <Baseline points="481,1922 536,1922 591,1923 647,1923 702,1924 757,1924 813,1924 868,1924 923,1925 979,1925 1034,1925 1089,1925 1145,1925 1200,1925 1255,1925 1311,1926 1366,1926 1421,1926 1477,1926 1532,1926 1588,1927"/>
                <TextEquiv>
                    <Unicode>sein Weib sehr heißes Blut hat und von ihm behütet sein will,</Unicode>
                </TextEquiv>
            </TextLine>
            <TextLine id="r1l48" custom="readingOrder {index:47;}">
                <Coords points="476,1962 1592,1972 1592,1937 1522,1928 476,1930"/>
                <Baseline points="483,1964 538,1964 593,1964 648,1965 703,1965 758,1965 813,1966 869,1966 924,1966 979,1967 1034,1967 1089,1967 1144,1967 1199,1967 1255,1967 1310,1967 1365,1967 1420,1967 1475,1967 1530,1966 1586,1966"/>
                <TextEquiv>
                    <Unicode>wenn diese Treue nicht doch einmal Schiffbruch erleiden soll. Von</Unicode>
                </TextEquiv>
            </TextLine>
            <TextLine id="r1l49" custom="readingOrder {index:48;}">
                <Coords points="474,2000 1602,2010 1559,1972 474,1962"/>
                <Baseline points="481,2005 536,2005 592,2006 648,2007 703,2008 759,2008 815,2008 870,2009 926,2009 982,2009 1038,2009 1093,2009 1149,2009 1205,2009 1260,2009 1316,2009 1372,2009 1427,2008 1483,2008 1539,2008 1595,2008"/>
                <TextEquiv>
                    <Unicode>dem Munde des Paracelsus quellen natürlich einzelne geistreiche</Unicode>
                </TextEquiv>
            </TextLine>
            <TextLine id="r1l50" custom="readingOrder {index:49;}">
                <Coords points="464,2033 584,2067 1605,2070 1567,2021 1488,2014 464,2017"/>
                <Baseline points="471,2047 527,2048 583,2048 640,2049 696,2049 752,2050 809,2050 865,2050 921,2050 978,2050 1034,2050 1090,2050 1147,2050 1203,2050 1259,2050 1316,2050 1372,2050 1428,2050 1485,2051 1541,2051 1598,2052"/>
                <TextEquiv>
                    <Unicode>und geistreich sein wollende Betrachtungen über Traum und Leben,</Unicode>
                </TextEquiv>
            </TextLine>
            <TextLine id="r1l51" custom="readingOrder {index:50;}">
                <Coords points="473,2090 1609,2121 1610,2061 473,2060"/>
                <Baseline points="481,2089 537,2091 593,2092 649,2092 705,2093 761,2093 817,2094 873,2094 929,2094 985,2094 1042,2093 1098,2093 1154,2093 1210,2093 1266,2093 1322,2093 1378,2093 1434,2094 1490,2094 1546,2095 1603,2096"/>
                <TextEquiv>
                    <Unicode>Schein und Wirklichkeit, Wahrheit und Lüge, aber im Ganzen</Unicode>
                </TextEquiv>
            </TextLine>
            <TextLine id="r1l52" custom="readingOrder {index:51;}">
                <Coords points="469,2148 1592,2139 1592,2105 1445,2091 469,2102"/>
                <Baseline points="476,2133 531,2134 586,2134 642,2135 697,2135 753,2135 808,2136 864,2136 919,2136 975,2136 1030,2137 1085,2137 1141,2137 1196,2137 1252,2137 1307,2137 1363,2137 1418,2137 1474,2136 1529,2136 1585,2136"/>
                <TextEquiv>
                    <Unicode>fehlt es dem Versspiel doch an der Verkörperung einer Idee, die</Unicode>
                </TextEquiv>
            </TextLine>
            <TextLine id="r1l53" custom="readingOrder {index:52;}">
                <Coords points="479,2174 1502,2193 1594,2182 1594,2141 479,2153"/>
                <Baseline points="485,2176 540,2176 595,2176 650,2176 705,2176 760,2177 815,2177 870,2178 925,2178 980,2179 1035,2179 1090,2180 1145,2180 1200,2181 1255,2181 1310,2181 1365,2180 1420,2180 1475,2179 1530,2179 1586,2178"/>
                <TextEquiv>
                    <Unicode>allein im Stande wäre, uns für die Handlung zu interessiren.</Unicode>
                </TextEquiv>
            </TextLine>
            <TextLine id="r1l54" custom="readingOrder {index:53;}">
                <Coords points="466,2233 1595,2230 1577,2183 466,2184"/>
                <Baseline points="473,2213 528,2216 584,2217 640,2219 696,2220 751,2221 807,2222 863,2223 919,2223 974,2223 1030,2224 1086,2224 1142,2223 1197,2223 1253,2223 1309,2223 1365,2222 1420,2222 1476,2221 1532,2221 1588,2220"/>
                <TextEquiv>
                    <Unicode>Die Hypnose der Justina, die an die Hypnose in Schnitzler's</Unicode>
                </TextEquiv>
            </TextLine>
            <TextLine id="r1l55" custom="readingOrder {index:54;}">
                <Coords points="481,2266 1594,2270 1594,2232 1548,2225 481,2221"/>
                <Baseline points="487,2260 542,2261 597,2262 652,2263 707,2263 762,2264 817,2264 872,2264 927,2264 982,2265 1037,2265 1092,2265 1147,2265 1202,2264 1257,2264 1312,2264 1367,2264 1422,2264 1477,2264 1532,2264 1587,2264"/>
                <TextEquiv>
                    <Unicode>Plauderei „Eine Frage an das Schicksal“ erinnert, soll das Eine</Unicode>
                </TextEquiv>
            </TextLine>
            <TextLine id="r1l56" custom="readingOrder {index:55;}">
                <Coords points="479,2293 1527,2322 1603,2305 1604,2254 479,2269"/>
                <Baseline points="485,2302 540,2303 596,2304 651,2304 707,2305 762,2305 818,2305 873,2305 929,2306 984,2306 1040,2306 1096,2306 1151,2306 1207,2306 1262,2306 1318,2306 1373,2305 1429,2305 1484,2305 1540,2305 1596,2306"/>
                <TextEquiv>
                    <Unicode>lehren, daß wir Menschen im Leben nur allzuoft mit einander</Unicode>
                </TextEquiv>
            </TextLine>
            <TextLine id="r1l57" custom="readingOrder {index:56;}">
                <Coords points="473,2364 1603,2362 1603,2305 473,2299"/>
                <Baseline points="480,2345 535,2345 591,2344 647,2344 703,2344 759,2344 814,2345 870,2345 926,2346 982,2346 1038,2347 1093,2347 1149,2348 1205,2348 1261,2349 1317,2349 1372,2349 1428,2349 1484,2349 1540,2348 1596,2348"/>
                <TextEquiv>
                    <Unicode>spielen, und Keiner vom Anderen die Wahrheit weiß, wie eng er</Unicode>
                </TextEquiv>
            </TextLine>
            <TextLine id="r1l58" custom="readingOrder {index:57;}">
                <Coords points="483,2380 1603,2417 1575,2353 483,2351"/>
                <Baseline points="489,2388 544,2388 599,2388 655,2388 710,2388 765,2388 821,2388 876,2388 931,2389 987,2389 1042,2389 1097,2390 1153,2390 1208,2391 1263,2391 1319,2391 1374,2391 1429,2391 1485,2391 1540,2390 1596,2390"/>
                <TextEquiv>
                    <Unicode>auch mit ihm verbunden sei. So klingt das Stück mit seinen</Unicode>
                </TextEquiv>
            </TextLine>
            <TextLine id="r1l59" custom="readingOrder {index:58;}">
                <Coords points="473,2430 1370,2456 1370,2401 1339,2395 473,2395"/>
                <Baseline points="480,2429 524,2430 568,2430 612,2430 656,2431 700,2431 744,2432 789,2432 833,2433 877,2433 921,2434 965,2434 1009,2434 1053,2435 1098,2435 1142,2435 1186,2435 1230,2435 1274,2435 1318,2434 1363,2434"/>
                <TextEquiv>
                    <Unicode>oft sehr grüblerischen Versen mit den Worten aus:</Unicode>
                </TextEquiv>
            </TextLine>
            <TextLine id="r1l60" custom="readingOrder {index:59;}">
                <Coords points="600,2484 999,2487 999,2460 951,2468 914,2436 875,2448 851,2435 812,2451 766,2435 675,2449 633,2433 600,2447"/>
                <Baseline points="607,2477 632,2478 658,2478 684,2478 709,2478 735,2478 761,2477 786,2477 812,2477 838,2478 863,2478 889,2478 915,2478 940,2479 966,2479 992,2480"/>
                <TextEquiv>
                    <Unicode>Es war ein Spiel..</Unicode>
                </TextEquiv>
            </TextLine>
            <TextLine id="r1l61" custom="readingOrder {index:60;}">
                <Coords points="597,2524 1357,2538 1404,2514 1296,2483 597,2487"/>
                <Baseline points="604,2518 643,2521 683,2522 722,2524 762,2525 802,2526 841,2526 881,2527 920,2527 960,2527 1000,2527 1039,2527 1079,2527 1118,2526 1158,2526 1198,2526 1237,2526 1277,2525 1316,2525 1356,2525 1396,2525"/>
                <TextEquiv>
                    <Unicode>Mit wilden Söldnerschaaren spielt der Eine,</Unicode>
                </TextEquiv>
            </TextLine>
            <TextLine id="r1l62" custom="readingOrder {index:61;}">
                <Coords points="588,2570 1422,2581 1422,2540 1381,2529 589,2536"/>
                <Baseline points="595,2560 636,2562 677,2563 718,2564 759,2565 800,2565 841,2566 882,2567 923,2567 964,2568 1005,2568 1046,2568 1087,2569 1128,2569 1169,2569 1210,2569 1251,2570 1292,2570 1333,2570 1374,2570 1415,2570"/>
                <TextEquiv>
                    <Unicode>Ein And'rer spielt mit tollen Abergläub'schen,</Unicode>
                </TextEquiv>
            </TextLine>
            <TextLine id="r1l63" custom="readingOrder {index:62;}">
                <Coords points="593,2609 1002,2627 1406,2607 1406,2579 1308,2569 594,2575"/>
                <Baseline points="601,2600 640,2601 680,2604 720,2605 760,2606 800,2608 840,2609 879,2610 919,2611 959,2611 999,2611 1039,2612 1079,2612 1119,2611 1158,2611 1198,2610 1238,2610 1278,2609 1318,2607 1358,2606 1398,2605"/>
                <TextEquiv>
                    <Unicode>Mit Menschenseelen spiele ich. Ein Sinn</Unicode>
                </TextEquiv>
            </TextLine>
            <TextLine id="r1l64" custom="readingOrder {index:63;}">
                <Coords points="596,2659 1258,2643 1410,2673 1464,2653 1465,2596 596,2615"/>
                <Baseline points="603,2642 645,2645 688,2647 731,2648 774,2649 816,2651 859,2652 902,2652 945,2653 987,2653 1030,2653 1073,2654 1116,2654 1158,2654 1201,2654 1244,2654 1287,2654 1329,2654 1372,2655 1415,2655 1458,2655"/>
                <TextEquiv>
                    <Unicode>Wird nur von Dem gefunden, der ihn sucht.</Unicode>
                </TextEquiv>
            </TextLine>
            <TextLine id="r1l65" custom="readingOrder {index:64;}">
                <Coords points="593,2689 1396,2700 1396,2679 1261,2645 594,2660"/>
                <Baseline points="601,2685 640,2686 679,2688 719,2689 758,2691 797,2692 837,2692 876,2693 915,2693 955,2694 994,2694 1033,2694 1073,2694 1112,2694 1151,2693 1191,2693 1230,2693 1269,2692 1309,2692 1348,2692 1388,2691"/>
                <TextEquiv>
                    <Unicode>Es fließen ineinander Traum und Wachen,</Unicode>
                </TextEquiv>
            </TextLine>
            <TextLine id="r1l66" custom="readingOrder {index:65;}">
                <Coords points="590,2746 1342,2750 1453,2735 1453,2701 590,2709"/>
                <Baseline points="596,2733 638,2733 681,2734 723,2734 766,2734 808,2734 851,2734 893,2734 936,2734 978,2734 1021,2734 1063,2734 1106,2734 1148,2734 1191,2734 1233,2734 1276,2735 1318,2735 1361,2735 1403,2735 1446,2735"/>
                <TextEquiv>
                    <Unicode>Wahrheit und Lüge. Sicherheit ist nirgends.</Unicode>
                </TextEquiv>
            </TextLine>
            <TextLine id="r1l67" custom="readingOrder {index:66;}">
                <Coords points="595,2764 879,2793 1281,2774 1360,2810 1468,2784 1459,2738 595,2742"/>
                <Baseline points="601,2774 646,2774 691,2774 736,2774 781,2774 827,2775 872,2775 917,2776 962,2776 1007,2777 1053,2777 1098,2777 1143,2778 1188,2778 1233,2778 1279,2778 1324,2778 1369,2778 1414,2778 1460,2777"/>
                <TextEquiv>
                    <Unicode>Wir wissen nichts von Andern, nichts von uns.</Unicode>
                </TextEquiv>
            </TextLine>
            <TextLine id="r1l68" custom="readingOrder {index:67;}">
                <Coords points="594,2812 710,2836 1178,2835 1211,2814 1386,2832 1386,2805 1280,2774 956,2799 594,2771"/>
                <Baseline points="601,2815 639,2816 678,2816 717,2817 756,2818 795,2818 834,2819 873,2819 912,2819 951,2819 990,2819 1028,2819 1067,2819 1106,2819 1145,2819 1184,2819 1223,2820 1262,2820 1301,2820 1340,2821 1379,2822"/>
                <TextEquiv>
                    <Unicode>Wir spielen immer, wer es weiß, ist klug.</Unicode>
                </TextEquiv>
            </TextLine>
            <TextLine id="r1l69" custom="readingOrder {index:68;}">
                <Coords points="521,2856 1010,2887 1476,2864 1592,2896 1605,2807 1468,2839 521,2822"/>
                <Baseline points="528,2863 581,2864 635,2864 688,2864 742,2865 795,2865 849,2866 902,2867 956,2867 1009,2868 1063,2868 1116,2869 1170,2869 1223,2869 1277,2870 1330,2870 1384,2870 1437,2870 1491,2870 1544,2869 1598,2869"/>
                <TextEquiv>
                    <Unicode>Den Paracelsus hob Herr Körner nicht auf die Höhe künst¬</Unicode>
                </TextEquiv>
            </TextLine>
            <TextLine id="r1l70" custom="readingOrder {index:69;}">
                <Coords points="468,2917 1604,2919 1475,2865 468,2878"/>
                <Baseline points="475,2907 531,2908 587,2908 643,2909 699,2910 755,2910 811,2910 867,2910 923,2910 979,2910 1036,2910 1092,2910 1148,2910 1204,2910 1260,2910 1316,2911 1372,2911 1428,2911 1484,2912 1540,2913 1597,2914"/>
                <TextEquiv>
                    <Unicode>lerischer Wirkung, wie Kainz am Deutschen Theater in Berlin,</Unicode>
                </TextEquiv>
            </TextLine>
            <TextLine id="r1l71" custom="readingOrder {index:70;}">
                <Coords points="468,2957 1614,2964 1614,2919 1564,2915 468,2917"/>
                <Baseline points="475,2950 531,2950 588,2951 644,2951 701,2952 757,2952 814,2953 870,2953 927,2954 983,2954 1040,2955 1097,2955 1153,2955 1210,2955 1266,2955 1323,2954 1379,2954 1436,2953 1492,2952 1549,2951 1606,2949"/>
                <TextEquiv>
                    <Unicode>woo wir die Stücke im Mai dieses Jahres sahen. Paracelsus ist</Unicode>
                </TextEquiv>
            </TextLine>
            <TextLine id="r1l72" custom="readingOrder {index:71;}">
                <Coords points="468,3003 1603,3010 1603,2964 629,2945 468,2979"/>
                <Baseline points="475,2994 531,2994 587,2994 643,2994 699,2994 755,2995 811,2995 867,2995 923,2996 979,2996 1035,2997 1091,2997 1147,2997 1203,2997 1259,2997 1315,2997 1371,2997 1427,2997 1483,2997 1539,2996 1596,2995"/>
                <TextEquiv>
                    <Unicode>grüblerisch, aber über seine Grübeleien siegt immer die starke</Unicode>
                </TextEquiv>
            </TextLine>
            <TextLine id="r1l73" custom="readingOrder {index:72;}">
                <Coords points="482,3030 1606,3035 1483,2994 482,3003"/>
                <Baseline points="488,3038 543,3038 599,3038 654,3038 710,3038 766,3038 821,3038 877,3038 932,3038 988,3038 1044,3038 1099,3038 1155,3038 1210,3038 1266,3038 1322,3038 1377,3038 1433,3039 1488,3039 1544,3039 1600,3039"/>
                <TextEquiv>
                    <Unicode>Sinnenlust in ihm. Es liegt etwas vom Faust in seiner Natur,</Unicode>
                </TextEquiv>
            </TextLine>
            <TextLine id="r1l74" custom="readingOrder {index:73;}">
                <Coords points="467,3078 1504,3092 1605,3055 826,3029 467,3062"/>
                <Baseline points="474,3078 530,3079 586,3079 642,3079 698,3080 755,3080 811,3080 867,3080 923,3080 979,3080 1036,3080 1092,3080 1148,3080 1204,3080 1260,3080 1317,3080 1373,3079 1429,3079 1485,3079 1541,3079 1598,3079"/>
                <TextEquiv>
                    <Unicode>aber auch vom Mephisto, dem die Waffen des Spottes zu Gebote</Unicode>
                </TextEquiv>
            </TextLine>
            <TextLine id="r1l75" custom="readingOrder {index:74;}">
                <Coords points="477,3133 1552,3137 1602,3120 1602,3078 477,3082"/>
                <Baseline points="483,3122 538,3121 594,3121 649,3121 705,3121 760,3122 816,3122 871,3122 927,3123 982,3123 1038,3123 1094,3124 1149,3124 1205,3124 1260,3124 1316,3124 1371,3123 1427,3123 1482,3122 1538,3120 1594,3119"/>
                <TextEquiv>
                    <Unicode>stehen. Werden diese Charakterzüge nicht zu einem einheitlichen</Unicode>
                </TextEquiv>
            </TextLine>
            <TextLine id="r1l76" custom="readingOrder {index:75;}">
                <Coords points="478,3171 1559,3175 1607,3127 478,3135"/>
                <Baseline points="485,3160 540,3161 596,3162 652,3163 708,3164 763,3164 819,3165 875,3165 931,3165 986,3166 1042,3166 1098,3166 1154,3166 1209,3166 1265,3165 1321,3165 1377,3165 1432,3164 1488,3164 1544,3163 1600,3163"/>
                <TextEquiv>
                    <Unicode>Ganzen vereinigt, so bleibt nichts übrig, als der — Charlatan!</Unicode>
                </TextEquiv>
            </TextLine>
            <TextLine id="r1l77" custom="readingOrder {index:76;}">
                <Coords points="466,3206 1598,3205 1572,3171 1386,3164 466,3180"/>
                <Baseline points="473,3204 528,3205 584,3206 640,3206 696,3206 752,3207 808,3207 864,3207 920,3207 976,3207 1032,3206 1087,3206 1143,3206 1199,3206 1255,3206 1311,3205 1367,3205 1423,3205 1479,3205 1535,3205 1591,3205"/>
                <TextEquiv>
                    <Unicode>Auch Frl. Rocco konnte den Uebergang aus dem Traumleben</Unicode>
                </TextEquiv>
            </TextLine>
            <TextLine id="r1l78" custom="readingOrder {index:77;}">
                <Coords points="480,3255 1601,3249 1568,3209 480,3209"/>
                <Baseline points="487,3248 542,3247 597,3247 653,3247 708,3247 763,3247 819,3247 874,3248 929,3248 985,3248 1040,3248 1095,3248 1151,3249 1206,3249 1261,3249 1317,3249 1372,3249 1427,3249 1483,3248 1538,3248 1594,3247"/>
                <TextEquiv>
                    <Unicode>in die Wirklichkeit noch packender ausmalen, wurde im Uebrigen</Unicode>
                </TextEquiv>
            </TextLine>
            <TextLine id="r1l79" custom="readingOrder {index:78;}">
                <Coords points="471,3293 1611,3287 1570,3252 471,3246"/>
                <Baseline points="478,3289 534,3289 590,3290 646,3290 703,3290 759,3290 815,3291 872,3291 928,3291 984,3291 1041,3291 1097,3291 1153,3291 1209,3291 1266,3291 1322,3291 1378,3291 1435,3290 1491,3290 1547,3289 1604,3288"/>
                <TextEquiv>
                    <Unicode>aber der Rolle der Justina gerecht. Die übrigen Personen sind</Unicode>
                </TextEquiv>
            </TextLine>
            <TextLine id="r1l80" custom="readingOrder {index:79;}">
                <Coords points="470,3320 1599,3331 1590,3291 470,3295"/>
                <Baseline points="476,3332 531,3332 587,3331 643,3331 699,3332 755,3332 810,3332 866,3332 922,3333 978,3333 1034,3334 1089,3334 1145,3334 1201,3334 1257,3334 1313,3334 1368,3334 1424,3334 1480,3333 1536,3332 1592,3330"/>
                <TextEquiv>
                    <Unicode>von geringer Bedeutung. Herr Otto spielte den Junker An¬</Unicode>
                </TextEquiv>
            </TextLine>
            <TextLine id="r1l81" custom="readingOrder {index:80;}">
                <Coords points="472,3378 1607,3375 1574,3332 472,3337"/>
                <Baseline points="479,3374 535,3374 591,3373 647,3373 703,3373 759,3373 815,3373 871,3373 927,3374 983,3374 1039,3374 1095,3374 1151,3374 1207,3374 1263,3375 1319,3375 1375,3374 1431,3374 1487,3374 1543,3374 1600,3373"/>
                <TextEquiv>
                    <Unicode>selm, Frl. Ebba Laue die Cäcilie und Herr Borcherdt</Unicode>
                </TextEquiv>
            </TextLine>
            <TextLine id="r1l82" custom="readingOrder {index:81;}">
                <Coords points="470,3413 1244,3435 1606,3402 470,3378"/>
                <Baseline points="477,3415 533,3415 589,3415 645,3415 701,3415 757,3416 813,3416 869,3416 925,3417 981,3417 1037,3417 1093,3417 1149,3417 1205,3417 1261,3417 1317,3417 1373,3417 1429,3416 1485,3416 1541,3415 1598,3414"/>
                <TextEquiv>
                    <Unicode>den poliernden, von sich eingenommenen Cyprian anerkennens¬</Unicode>
                </TextEquiv>
            </TextLine>
            <TextLine id="r1l83" custom="readingOrder {index:82;}">
                <Coords points="477,3462 1524,3488 1599,3473 1600,3431 478,3413"/>
                <Baseline points="485,3458 540,3458 595,3458 651,3458 706,3458 762,3458 817,3458 872,3458 928,3458 983,3458 1039,3459 1094,3459 1149,3459 1205,3460 1260,3460 1316,3460 1371,3461 1426,3461 1482,3461 1537,3462 1593,3462"/>
                <TextEquiv>
                    <Unicode>werth. Die komische Verzweiflung Cyprian's blieb freilich im</Unicode>
                </TextEquiv>
            </TextLine>
            <TextLine id="r1l84" custom="readingOrder {index:83;}">
                <Coords points="468,3499 1288,3507 1288,3469 1240,3463 468,3467"/>
                <Baseline points="475,3499 515,3500 555,3500 595,3500 636,3500 676,3500 716,3500 757,3499 797,3499 837,3499 878,3499 918,3499 958,3499 998,3499 1039,3499 1079,3499 1119,3499 1160,3499 1200,3500 1240,3500 1281,3501"/>
                <TextEquiv>
                    <Unicode>Spiek des Herrn Borcherdt ohne — Komik.</Unicode>
                </TextEquiv>
            </TextLine>
            <TextLine id="r1l85" custom="readingOrder {index:84;}">
                <Coords points="549,3553 1539,3553 1597,3545 1597,3512 1088,3492 549,3527"/>
                <Baseline points="556,3545 607,3542 659,3541 711,3540 763,3539 814,3539 866,3539 918,3539 970,3540 1021,3541 1073,3542 1125,3542 1177,3543 1228,3543 1280,3544 1332,3544 1384,3544 1435,3543 1487,3542 1539,3540 1591,3538"/>
                <TextEquiv>
                    <Unicode>„Die Gefährtin“ ist im Gegensatz zu dem ersten Ein¬</Unicode>
                </TextEquiv>
            </TextLine>
            <TextLine id="r1l86" custom="readingOrder {index:85;}">
                <Coords points="477,3585 1599,3586 1567,3545 477,3542"/>
                <Baseline points="484,3585 539,3584 594,3583 650,3583 705,3582 761,3582 816,3583 871,3583 927,3583 982,3584 1038,3585 1093,3585 1148,3586 1204,3586 1259,3586 1315,3586 1370,3586 1425,3586 1481,3585 1536,3584 1592,3583"/>
                <TextEquiv>
                    <Unicode>acter ein durchaus modernes Stück, das den bisherigen Dramen</Unicode>
                </TextEquiv>
            </TextLine>
            <TextLine id="r1l87" custom="readingOrder {index:86;}">
                <Coords points="470,3628 1582,3637 1605,3582 470,3591"/>
                <Baseline points="477,3628 533,3627 589,3627 645,3627 701,3626 757,3626 813,3626 869,3627 925,3627 981,3627 1037,3628 1093,3628 1149,3628 1205,3629 1261,3629 1317,3629 1373,3629 1429,3629 1485,3629 1541,3629 1597,3628"/>
                <TextEquiv>
                    <Unicode>Schnitzler's am nächsten kommt. Es ist ein Sittenstück, das mit</Unicode>
                </TextEquiv>
            </TextLine>
            <TextLine id="r1l88" custom="readingOrder {index:87;}">
                <Coords points="480,3677 1355,3686 1423,3658 1470,3685 1595,3639 480,3640"/>
                <Baseline points="487,3670 542,3670 597,3670 652,3670 707,3670 762,3670 817,3670 872,3670 927,3670 982,3670 1038,3670 1093,3670 1148,3670 1203,3670 1258,3670 1313,3670 1368,3671 1423,3671 1478,3671 1533,3671 1589,3671"/>
                <TextEquiv>
                    <Unicode>seelischen Problemen spielt, die eine tiefere psycho¬</Unicode>
                </TextEquiv>
            </TextLine>
            <TextLine id="r1l89" custom="readingOrder {index:88;}">
                <Coords points="467,3719 1500,3731 1605,3708 1605,3674 467,3686"/>
                <Baseline points="474,3714 530,3713 586,3713 642,3712 698,3712 755,3711 811,3711 867,3711 923,3711 979,3711 1036,3710 1092,3710 1148,3710 1204,3710 1260,3711 1317,3711 1373,3711 1429,3711 1485,3712 1541,3712 1598,3712"/>
                <TextEquiv>
                    <Unicode>logische Behandlung verdienten. Wir wollen jedoch</Unicode>
                </TextEquiv>
            </TextLine>
            <TextLine id="r1l90" custom="readingOrder {index:89;}">
                <Coords points="948,3756 1132,3775 1223,3743 1259,3766 1593,3765 1593,3722 1448,3710 948,3729"/>
                <Baseline points="955,3757 986,3757 1018,3756 1049,3755 1081,3755 1112,3754 1144,3754 1175,3754 1207,3754 1238,3754 1270,3754 1302,3754 1333,3754 1365,3754 1396,3754 1428,3754 1459,3754 1491,3754 1522,3754 1554,3753 1586,3753"/>
                <TextEquiv>
                    <Unicode>psychologische Entwickelung der</Unicode>
                </TextEquiv>
            </TextLine>
            <TextLine id="r1l91" custom="readingOrder {index:90;}">
                <Coords points="474,3765 588,3748 656,3770 735,3751 818,3768 856,3744 901,3764 941,3757 940,3720 915,3710 863,3727 768,3715 740,3738 656,3715 473,3722"/>
                <Baseline points="481,3755 506,3756 531,3756 556,3757 581,3757 606,3758 631,3758 656,3758 681,3758 707,3757 732,3757 757,3757 782,3756 807,3755 832,3754 857,3753 882,3752 907,3751 933,3750"/>
                <TextEquiv>
                    <Unicode>nicht sagen, daß die</Unicode>
                </TextEquiv>
            </TextLine>
            <TextLine id="r1l92" custom="readingOrder {index:91;}">
                <Coords points="1412,3801 1430,3804 1440,3813 1447,3807 1477,3812 1506,3793 1532,3814 1562,3800 1586,3801 1585,3761 1517,3774 1456,3767 1446,3757 1411,3762"/>
                <Baseline points="1418,3796 1444,3796 1471,3796 1498,3796 1525,3795 1552,3794 1579,3792"/>
                <TextEquiv>
                    <Unicode>so ge¬</Unicode>
                </TextEquiv>
            </TextLine>
            <TextLine id="r1l93" custom="readingOrder {index:92;}">
                <Coords points="472,3802 1404,3793 1403,3764 1225,3745 1143,3784 871,3752 472,3761"/>
                <Baseline points="480,3799 525,3799 571,3799 617,3799 663,3799 709,3799 754,3799 800,3798 846,3798 892,3798 938,3798 983,3798 1029,3798 1075,3797 1121,3797 1167,3797 1212,3797 1258,3797 1304,3796 1350,3796 1396,3796"/>
                <TextEquiv>
                    <Unicode>logischen Folgerungen entbehrte. Aber ein</Unicode>
                </TextEquiv>
            </TextLine>
            <TextLine id="r1l94" custom="readingOrder {index:93;}">
                <Coords points="482,3842 1306,3864 1556,3848 1591,3803 482,3809"/>
                <Baseline points="489,3840 543,3840 598,3840 653,3840 708,3840 762,3840 817,3840 872,3840 927,3840 981,3840 1036,3841 1091,3841 1146,3841 1200,3841 1255,3841 1310,3841 1365,3841 1419,3841 1474,3840 1529,3840 1584,3839"/>
                <TextEquiv>
                    <Unicode>wagtes Problem will eingehender motivirt sein, wenn man an</Unicode>
                </TextEquiv>
            </TextLine>
            <TextLine id="r1l95" custom="readingOrder {index:94;}">
                <Coords points="481,3894 957,3890 957,3863 917,3843 698,3850 626,3833 592,3852 481,3853"/>
                <Baseline points="489,3883 514,3882 540,3882 565,3881 591,3881 616,3881 642,3881 667,3881 693,3881 719,3882 744,3882 770,3882 795,3882 821,3882 846,3882 872,3882 897,3882 923,3881 949,3881"/>
                <TextEquiv>
                    <Unicode>seine Lösung glauben soll.</Unicode>
                </TextEquiv>
            </TextLine>
            <TextLine id="r1l96" custom="readingOrder {index:95;}">
                <Coords points="535,3915 690,3941 1599,3920 1469,3869 535,3891"/>
                <Baseline points="542,3922 594,3922 647,3923 699,3923 752,3923 804,3923 857,3923 909,3923 962,3924 1014,3924 1067,3924 1119,3924 1172,3924 1224,3924 1277,3924 1329,3924 1382,3924 1434,3925 1487,3925 1539,3926 1592,3926"/>
                <TextEquiv>
                    <Unicode>Professor Pilgram hat eine Frau geheirathet, welche zwanzig</Unicode>
                </TextEquiv>
            </TextLine>
            <TextLine id="r1l97" custom="readingOrder {index:96;}">
                <Coords points="472,3974 1594,3962 1509,3928 472,3930"/>
                <Baseline points="479,3965 534,3964 589,3964 645,3964 700,3964 756,3964 811,3964 866,3965 922,3965 977,3966 1033,3966 1088,3967 1143,3967 1199,3968 1254,3968 1310,3968 1365,3968 1420,3968 1476,3968 1531,3967 1587,3966"/>
                <TextEquiv>
                    <Unicode>Jahre jünger ist, als er. Ein Jahr ist er glücklich mit ihr ge¬</Unicode>
                </TextEquiv>
            </TextLine>
            <TextLine id="r1l98" custom="readingOrder {index:97;}">
                <Coords points="475,4020 1462,4024 1587,4007 1587,3965 475,3973"/>
                <Baseline points="482,4004 536,4004 591,4005 646,4006 701,4007 756,4007 811,4008 866,4009 921,4009 976,4010 1031,4010 1085,4011 1140,4011 1195,4011 1250,4011 1305,4011 1360,4011 1415,4010 1470,4010 1525,4009 1580,4008"/>
                <TextEquiv>
                    <Unicode>wesen, dann macht sich die Natur geltend. Sie wendet sich vor</Unicode>
                </TextEquiv>
            </TextLine>
            <TextLine id="r1l99" custom="readingOrder {index:98;}">
                <Coords points="481,4067 1591,4055 1517,4010 481,4026"/>
                <Baseline points="489,4049 543,4049 598,4049 653,4050 707,4050 762,4051 817,4051 871,4052 926,4053 981,4053 1036,4054 1090,4054 1145,4054 1200,4054 1254,4054 1309,4053 1364,4052 1418,4051 1473,4049 1528,4046 1583,4044"/>
                <TextEquiv>
                    <Unicode>dem ernsten, älieren Manne ab und lebt im Ehebruch mit seinen</Unicode>
                </TextEquiv>
            </TextLine>
            <TextEquiv>
                <Unicode>geben und das Geheimniß ihrer ganzen Schaffensart entschleiern.
Dabei kommt es ihnen selbstverständlich darauf an, Werke von
ganz verschiedener Grundstimmung zu vereinen. Das war in
Sudermann's „Morituri“ ebenso der Fall, wie in Hartleben's
„Befreiten“, das ist fast in noch höherem Grade der Fall bei
Schnitzler's Einactern.
„Paracelsus“ ist ein Vorspiel, oder besser eine gereimte
Spielerei, bei welcher der Hypnotisirung die Hauptrolle zufällt.
Der „wunderthätige Magus“ und Arzt Theophrastus Bombastus
Hohenheim, genannt Paracelsus, der nichts weniger als den „Stein
der Weisen“ zu entdecken suchte und nach einem wüsten Leben in
Salzburg starb, wird uns in dem Stücke mehr als Charlatan
und Wunderdoctor vor Augen geführt, denn als Gelehrter. Bei
einem Aufenthalt in Basel dringt die Kunde von seinen Wunder¬
thaten auch in das Haus des Waffenschmieds Cyprian, dessen
Weik Justina ihn einst, da er noch zu Basel studirte, geliebt hat.
Die Erinnerung an diese gkückliche Jugendzeit regt Justina's
ganze Sinnenlust auf, und sie ist fast geneigt, da sie das zwar
biedermännische aber philiströse, geschwätzige und nüchterne Wesen
ihres Gatten nicht befriedigt, dem Liebeswerben des Junkers
Anselm Gehör zu schenken. Da sieht sie Paracelsus wieder, der
von ihrem Manne als Gast ins Haus gebracht, aber brutal be¬
handelt wird und deshalb sich mit seiner Kunst zu rächen be¬
schließt. Er soll eine Probe derselben geben:
„Denn hat man solchen Gast ins Haus geladen.
So zeig' er, was er kann“,
meint Cyprian, der den Arzt auf eine Stufe mit dem fahrenden
Volk stellt. Und Paracelsus versetzt Justina in einen hypnotischen
Schlaf, wobei er ihr einen Ghebruch mit Junker Anselm
suggerirt. Erwachend, flieht sie ihren Mann, da sie den unter¬
geschobenen Ehebruch für wahr hält. Nun ist Cyprian in Ver¬
zweiflung und beschwört Paracelsus, den Bann von seinem Weibe
zu nehmen. Justina kommt schließlich reumüthig zurück und
beichtet dem Gatten den nie begangenen Ehebruch, ja, sie hält ihn
dem Junker Anselm gegenüber selbst aufrecht, was die Ver¬
wirrung und Bestürzung mehrt. Endlich läßt Paracelsus sich er¬
!
weichen, dem Spuk ein Ende zu machen. Er schlafert Justina
abermals ein, zwingt sie, die früheren Eindrücke zu vergessen und
wahr zu sein. Cyprian, der von Paracelsus in Zweifel gehalten
wird, ob wirklich ein Ehebruch vorliegt oder nicht,
wird nun von der
Er erfährt
Folter befreit.
vom Munde seines Weibes die Wahrheit, ihre
eheliche Treue. Freilich erfuhr er noch mehr . . ., daß nämlich
sein Weib sehr heißes Blut hat und von ihm behütet sein will,
wenn diese Treue nicht doch einmal Schiffbruch erleiden soll. Von
dem Munde des Paracelsus quellen natürlich einzelne geistreiche
und geistreich sein wollende Betrachtungen über Traum und Leben,
Schein und Wirklichkeit, Wahrheit und Lüge, aber im Ganzen
fehlt es dem Versspiel doch an der Verkörperung einer Idee, die
allein im Stande wäre, uns für die Handlung zu interessiren.
Die Hypnose der Justina, die an die Hypnose in Schnitzler's
Plauderei „Eine Frage an das Schicksal“ erinnert, soll das Eine
lehren, daß wir Menschen im Leben nur allzuoft mit einander
spielen, und Keiner vom Anderen die Wahrheit weiß, wie eng er
auch mit ihm verbunden sei. So klingt das Stück mit seinen
oft sehr grüblerischen Versen mit den Worten aus:
Es war ein Spiel..
Mit wilden Söldnerschaaren spielt der Eine,
Ein And'rer spielt mit tollen Abergläub'schen,
Mit Menschenseelen spiele ich. Ein Sinn
Wird nur von Dem gefunden, der ihn sucht.
Es fließen ineinander Traum und Wachen,
Wahrheit und Lüge. Sicherheit ist nirgends.
Wir wissen nichts von Andern, nichts von uns.
Wir spielen immer, wer es weiß, ist klug.
Den Paracelsus hob Herr Körner nicht auf die Höhe künst¬
lerischer Wirkung, wie Kainz am Deutschen Theater in Berlin,
woo wir die Stücke im Mai dieses Jahres sahen. Paracelsus ist
grüblerisch, aber über seine Grübeleien siegt immer die starke
Sinnenlust in ihm. Es liegt etwas vom Faust in seiner Natur,
aber auch vom Mephisto, dem die Waffen des Spottes zu Gebote
stehen. Werden diese Charakterzüge nicht zu einem einheitlichen
Ganzen vereinigt, so bleibt nichts übrig, als der — Charlatan!
Auch Frl. Rocco konnte den Uebergang aus dem Traumleben
in die Wirklichkeit noch packender ausmalen, wurde im Uebrigen
aber der Rolle der Justina gerecht. Die übrigen Personen sind
von geringer Bedeutung. Herr Otto spielte den Junker An¬
selm, Frl. Ebba Laue die Cäcilie und Herr Borcherdt
den poliernden, von sich eingenommenen Cyprian anerkennens¬
werth. Die komische Verzweiflung Cyprian's blieb freilich im
Spiek des Herrn Borcherdt ohne — Komik.
„Die Gefährtin“ ist im Gegensatz zu dem ersten Ein¬
acter ein durchaus modernes Stück, das den bisherigen Dramen
Schnitzler's am nächsten kommt. Es ist ein Sittenstück, das mit
seelischen Problemen spielt, die eine tiefere psycho¬
logische Behandlung verdienten. Wir wollen jedoch
psychologische Entwickelung der
nicht sagen, daß die
so ge¬
logischen Folgerungen entbehrte. Aber ein
wagtes Problem will eingehender motivirt sein, wenn man an
seine Lösung glauben soll.
Professor Pilgram hat eine Frau geheirathet, welche zwanzig
Jahre jünger ist, als er. Ein Jahr ist er glücklich mit ihr ge¬
wesen, dann macht sich die Natur geltend. Sie wendet sich vor
dem ernsten, älieren Manne ab und lebt im Ehebruch mit seinen</Unicode>
            </TextEquiv>
        </TextRegion>
        <TextRegion orientation="0.0" id="r2" custom="readingOrder {index:1;}">
            <Coords points="1610,102 1610,1893 2722,1893 2722,102"/>
            <TextLine id="r2l1" custom="readingOrder {index:0;}">
                <Coords points="1613,121 2622,134 2712,163 2689,105 1614,91"/>
                <Baseline points="1620,122 1674,124 1728,126 1782,127 1837,128 1891,128 1945,129 2000,130 2054,130 2108,131 2163,131 2217,132 2271,132 2325,132 2380,133 2434,133 2488,134 2543,135 2597,136 2651,137 2706,139"/>
                <TextEquiv>
                    <Unicode>than's. In dem „grünen Kakadu“, wie die Kellerkneipe des</Unicode>
                </TextEquiv>
            </TextLine>
            <TextLine id="r2l2" custom="readingOrder {index:1;}">
                <Coords points="1608,167 2704,193 2705,140 1609,126"/>
                <Baseline points="1615,166 1669,166 1723,166 1777,167 1831,168 1885,168 1939,169 1994,171 2048,171 2102,173 2156,174 2210,175 2264,176 2318,176 2373,177 2427,178 2481,179 2535,179 2589,179 2643,179 2698,179"/>
                <TextEquiv>
                    <Unicode>Prospäre genannt wird, befinden wir uns gerade am Tage des</Unicode>
                </TextEquiv>
            </TextLine>
            <TextLine id="r2l3" custom="readingOrder {index:2;}">
                <Coords points="1613,214 2635,221 2713,253 2714,203 2566,181 1614,168"/>
                <Baseline points="1620,205 1674,207 1728,208 1783,209 1837,211 1891,212 1946,213 2000,214 2054,215 2109,215 2163,216 2217,217 2272,218 2326,218 2380,219 2435,219 2489,220 2543,220 2598,221 2652,221 2707,222"/>
                <TextEquiv>
                    <Unicode>Bastillensturmes. Wir spüren hier nur die letzten Ausläufer der</Unicode>
                </TextEquiv>
            </TextLine>
            <TextLine id="r2l4" custom="readingOrder {index:3;}">
                <Coords points="1618,258 2697,278 2708,239 1618,216"/>
                <Baseline points="1625,249 1678,250 1732,251 1786,252 1840,253 1893,254 1947,255 2001,256 2055,257 2108,258 2162,259 2216,260 2270,261 2323,262 2377,262 2431,263 2485,263 2538,264 2592,264 2646,264 2700,264"/>
                <TextEquiv>
                    <Unicode>Bewegung, und es herrscht in dem Ganzen eine kecke über¬</Unicode>
                </TextEquiv>
            </TextLine>
            <TextLine id="r2l5" custom="readingOrder {index:4;}">
                <Coords points="1609,302 2700,323 2722,273 1610,257"/>
                <Baseline points="1617,292 1671,292 1726,293 1781,294 1836,294 1891,295 1946,296 2000,296 2055,297 2110,298 2165,299 2220,300 2275,301 2330,302 2384,304 2439,305 2494,306 2549,307 2604,309 2659,310 2714,312"/>
                <TextEquiv>
                    <Unicode>legene Satire, die nicht immer voll vom Publicum erfaßt wurde.</Unicode>
                </TextEquiv>
            </TextLine>
            <TextLine id="r2l6" custom="readingOrder {index:5;}">
                <Coords points="1615,345 2709,351 2667,310 2569,337 2324,302 1615,300"/>
                <Baseline points="1622,333 1676,334 1730,334 1784,335 1838,336 1892,337 1946,337 2000,338 2054,339 2108,340 2162,341 2216,342 2270,343 2324,344 2378,345 2432,346 2486,347 2540,348 2594,349 2648,349 2702,350"/>
                <TextEquiv>
                    <Unicode>Der Werth des Stückes liegt in seiner Detailmalerei. „Welch'</Unicode>
                </TextEquiv>
            </TextLine>
            <TextLine id="r2l7" custom="readingOrder {index:6;}">
                <Coords points="1619,382 2700,391 2699,362 2596,352 1619,340"/>
                <Baseline points="1626,373 1679,374 1732,375 1786,375 1839,376 1892,377 1946,378 1999,379 2052,380 2106,380 2159,381 2212,382 2266,383 2319,384 2372,385 2426,386 2479,386 2532,387 2586,388 2639,389 2693,390"/>
                <TextEquiv>
                    <Unicode>eine charakteristische Figur ist die von Frau Franck trefflich ge¬</Unicode>
                </TextEquiv>
            </TextLine>
            <TextLine id="r2l8" custom="readingOrder {index:7;}">
                <Coords points="1613,428 2667,447 2712,436 2713,392 1614,383"/>
                <Baseline points="1620,418 1674,419 1728,420 1782,421 1837,422 1891,423 1945,423 2000,424 2054,424 2108,425 2163,425 2217,426 2271,426 2325,427 2380,428 2434,429 2488,430 2543,431 2597,432 2651,434 2706,435"/>
                <TextEquiv>
                    <Unicode>spielte Marquise von Lansac, das verkörperte Zeitalter Lud¬</Unicode>
                </TextEquiv>
            </TextLine>
            <TextLine id="r2l9" custom="readingOrder {index:8;}">
                <Coords points="1608,468 2545,491 2697,482 2698,442 1608,432"/>
                <Baseline points="1614,460 1667,461 1721,461 1775,462 1829,463 1883,463 1936,464 1990,465 2044,466 2098,467 2152,468 2205,469 2259,470 2313,471 2367,472 2421,472 2474,473 2528,474 2582,474 2636,475 2690,475"/>
                <TextEquiv>
                    <Unicode>wigs XVI.! Im Mittelpunct steht die Liebesaffäre des Schau¬</Unicode>
                </TextEquiv>
            </TextLine>
            <TextLine id="r2l10" custom="readingOrder {index:9;}">
                <Coords points="1618,515 2711,516 2701,478 1619,466"/>
                <Baseline points="1626,504 1679,505 1733,506 1787,507 1841,508 1895,508 1949,509 2003,509 2057,510 2111,510 2165,511 2218,511 2272,512 2326,512 2380,513 2434,514 2488,515 2542,516 2596,517 2650,518 2704,520"/>
                <TextEquiv>
                    <Unicode>spielers Henri. Er hat sich mit Léocadie, einer Schauspielerin</Unicode>
                </TextEquiv>
            </TextLine>
            <TextLine id="r2l11" custom="readingOrder {index:10;}">
                <Coords points="1610,551 2707,572 2707,524 2656,520 1611,514"/>
                <Baseline points="1617,546 1671,547 1725,548 1779,549 1833,550 1887,551 1941,551 1996,552 2050,553 2104,554 2158,555 2212,555 2266,556 2320,557 2375,557 2429,558 2483,558 2537,559 2591,559 2645,560 2700,561"/>
                <TextEquiv>
                    <Unicode>von der Porte St. Martin verheirathet. Nun spielt er frivoler</Unicode>
                </TextEquiv>
            </TextLine>
            <TextLine id="r2l12" custom="readingOrder {index:11;}">
                <Coords points="1614,593 2712,615 2713,575 1615,551"/>
                <Baseline points="1621,591 1675,591 1729,591 1783,591 1838,591 1892,591 1946,592 2000,592 2055,593 2109,594 2163,595 2217,596 2272,597 2326,597 2380,598 2434,599 2489,600 2543,601 2597,601 2651,602 2706,602"/>
                <TextEquiv>
                    <Unicode>Weise eine Scene im Verbrecherkeller, welche die Untreue seiner</Unicode>
                </TextEquiv>
            </TextLine>
            <TextLine id="r2l13" custom="readingOrder {index:12;}">
                <Coords points="1613,642 2704,655 2705,604 1614,595"/>
                <Baseline points="1621,635 1674,635 1728,634 1782,634 1836,634 1890,634 1943,635 1997,635 2051,635 2105,636 2159,637 2212,638 2266,638 2320,639 2374,640 2428,641 2481,642 2535,643 2589,644 2643,644 2697,645"/>
                <TextEquiv>
                    <Unicode>Frau zum Gegenstand hat, und ahnt nicht, daß diese ihm that¬</Unicode>
                </TextEquiv>
            </TextLine>
            <TextLine id="r2l14" custom="readingOrder {index:13;}">
                <Coords points="1605,682 2664,698 2702,655 1605,641"/>
                <Baseline points="1612,674 1666,675 1720,676 1774,677 1828,677 1882,678 1936,678 1990,678 2044,679 2098,679 2153,680 2207,680 2261,680 2315,681 2369,682 2423,682 2477,683 2531,684 2585,685 2639,686 2694,688"/>
                <TextEquiv>
                    <Unicode>sächlich mit dem Herzog von Cadignan hintergeht. Seine Um¬</Unicode>
                </TextEquiv>
            </TextLine>
            <TextLine id="r2l15" custom="readingOrder {index:14;}">
                <Coords points="1611,725 2715,741 2730,676 1612,689"/>
                <Baseline points="1618,719 1673,719 1728,720 1783,720 1838,721 1894,721 1949,722 2004,722 2059,722 2114,723 2170,723 2225,724 2280,724 2335,725 2390,726 2446,726 2501,727 2556,728 2611,729 2666,730 2722,731"/>
                <TextEquiv>
                    <Unicode>gebung glaubt aber, Henri sage die Wahrheit und kenne die</Unicode>
                </TextEquiv>
            </TextLine>
            <TextLine id="r2l16" custom="readingOrder {index:15;}">
                <Coords points="1618,762 2709,771 2709,732 2621,728 1618,726"/>
                <Baseline points="1625,758 1678,759 1732,760 1786,761 1840,762 1894,763 1948,763 2001,764 2055,765 2109,765 2163,766 2217,767 2271,767 2325,768 2378,769 2432,769 2486,770 2540,770 2594,771 2648,772 2702,773"/>
                <TextEquiv>
                    <Unicode>Untreue seines Weibes. So wird sie ihm enthüllt, und in einem</Unicode>
                </TextEquiv>
            </TextLine>
            <TextLine id="r2l17" custom="readingOrder {index:16;}">
                <Coords points="1606,803 2703,825 2704,775 1607,765"/>
                <Baseline points="1613,799 1667,800 1721,801 1775,802 1829,803 1883,805 1937,806 1992,807 2046,808 2100,809 2154,810 2208,810 2262,811 2316,812 2371,813 2425,813 2479,814 2533,814 2587,815 2641,815 2696,815"/>
                <TextEquiv>
                    <Unicode>elementaren Wuthausbruch stößt er den Herzog, der gerade nach</Unicode>
                </TextEquiv>
            </TextLine>
            <TextLine id="r2l18" custom="readingOrder {index:17;}">
                <Coords points="1611,842 2701,881 2718,816 1611,805"/>
                <Baseline points="1617,842 1671,843 1726,844 1780,845 1835,846 1890,846 1944,847 1999,848 2054,849 2108,850 2163,850 2218,851 2272,852 2327,853 2382,854 2436,855 2491,855 2546,856 2600,857 2655,858 2710,859"/>
                <TextEquiv>
                    <Unicode>dem Komödiantenkeller kommt, nieder. Herr Grelle beging als</Unicode>
                </TextEquiv>
            </TextLine>
            <TextLine id="r2l19" custom="readingOrder {index:18;}">
                <Coords points="1617,895 2711,902 2711,858 1617,845"/>
                <Baseline points="1624,886 1680,888 1737,889 1794,890 1851,890 1907,891 1964,892 2021,893 2078,893 2135,894 2191,894 2248,895 2305,895 2362,896 2419,896 2475,897 2532,898 2589,899 2646,900 2703,901"/>
                <TextEquiv>
                    <Unicode>Henri den Fehler, daß er das Publicum nicht ahnen ließ, daß er</Unicode>
                </TextEquiv>
            </TextLine>
            <TextLine id="r2l20" custom="readingOrder {index:19;}">
                <Coords points="1607,938 2710,960 2673,907 1608,895"/>
                <Baseline points="1614,930 1668,931 1722,932 1777,932 1831,933 1886,934 1940,934 1995,935 2049,935 2104,936 2158,936 2212,937 2267,937 2321,938 2376,938 2430,939 2485,940 2539,940 2594,941 2648,942 2703,943"/>
                <TextEquiv>
                    <Unicode>zunächst nur Komödie spiele. Er ließ nicht nur die Besucher des</Unicode>
                </TextEquiv>
            </TextLine>
            <TextLine id="r2l21" custom="readingOrder {index:20;}">
                <Coords points="1609,974 2605,1000 2707,993 2708,959 1610,939"/>
                <Baseline points="1617,968 1671,970 1725,972 1779,974 1833,975 1887,976 1941,977 1996,978 2050,979 2104,979 2158,980 2212,980 2266,981 2320,981 2375,981 2429,982 2483,982 2537,983 2591,983 2645,984 2700,985"/>
                <TextEquiv>
                    <Unicode>Verbrecherkellers, sondern auch das Publicum an die Wahrheit</Unicode>
                </TextEquiv>
            </TextLine>
            <TextLine id="r2l22" custom="readingOrder {index:21;}">
                <Coords points="1602,1017 2704,1039 2675,992 1603,979"/>
                <Baseline points="1610,1012 1664,1014 1718,1014 1773,1015 1827,1016 1881,1017 1936,1019 1990,1020 2044,1021 2099,1022 2153,1023 2207,1024 2262,1024 2316,1025 2370,1025 2425,1026 2479,1026 2533,1026 2588,1026 2642,1026 2697,1025"/>
                <TextEquiv>
                    <Unicode>seiner Erzählung glauben. Das führte beim Auftreten des Her¬</Unicode>
                </TextEquiv>
            </TextLine>
            <TextLine id="r2l23" custom="readingOrder {index:22;}">
                <Coords points="1611,1067 2677,1086 2707,1040 1612,1025"/>
                <Baseline points="1618,1058 1672,1058 1726,1058 1780,1059 1834,1060 1888,1061 1942,1061 1996,1062 2050,1063 2104,1064 2159,1065 2213,1066 2267,1067 2321,1067 2375,1068 2429,1068 2483,1069 2537,1069 2591,1069 2645,1069 2700,1069"/>
                <TextEquiv>
                    <Unicode>zogs und dessen Tödtung zu einer Verblüffung. Im Uebrigen</Unicode>
                </TextEquiv>
            </TextLine>
            <TextLine id="r2l24" custom="readingOrder {index:23;}">
                <Coords points="1607,1096 2706,1130 2715,1080 1607,1062"/>
                <Baseline points="1614,1100 1668,1101 1723,1101 1778,1102 1832,1103 1887,1103 1942,1104 1996,1105 2051,1105 2106,1106 2161,1107 2215,1107 2270,1108 2325,1109 2379,1109 2434,1110 2489,1110 2543,1111 2598,1111 2653,1111 2708,1112"/>
                <TextEquiv>
                    <Unicode>hatte der Darsteller hinreißendes Feuer. Vielleicht hätte Herr</Unicode>
                </TextEquiv>
            </TextLine>
            <TextLine id="r2l25" custom="readingOrder {index:24;}">
                <Coords points="1611,1151 2644,1166 2702,1163 2703,1125 1612,1102"/>
                <Baseline points="1619,1142 1672,1141 1726,1141 1780,1141 1834,1142 1888,1142 1942,1143 1995,1144 2049,1145 2103,1146 2157,1147 2211,1148 2265,1149 2319,1150 2372,1150 2426,1151 2480,1152 2534,1152 2588,1152 2642,1151 2696,1150"/>
                <TextEquiv>
                    <Unicode>Taeger die Rolle noch glaubwürdiger gestaltet. Die treulose Léo¬</Unicode>
                </TextEquiv>
            </TextLine>
            <TextLine id="r2l26" custom="readingOrder {index:25;}">
                <Coords points="1603,1194 2707,1207 2696,1156 1604,1154"/>
                <Baseline points="1610,1181 1664,1181 1719,1182 1773,1182 1828,1183 1882,1184 1937,1185 1991,1186 2046,1187 2100,1188 2155,1189 2209,1190 2264,1191 2318,1192 2373,1192 2427,1192 2482,1192 2536,1192 2591,1192 2645,1191 2700,1190"/>
                <TextEquiv>
                    <Unicode>cadie wurde von Frau Huth mit der nöthigen Frivolität dar¬</Unicode>
                </TextEquiv>
            </TextLine>
            <TextLine id="r2l27" custom="readingOrder {index:26;}">
                <Coords points="1611,1238 2124,1221 2711,1258 2677,1198 1612,1198"/>
                <Baseline points="1618,1226 1672,1226 1726,1226 1780,1227 1835,1228 1889,1228 1943,1229 1998,1230 2052,1230 2106,1231 2161,1232 2215,1233 2269,1233 2323,1234 2378,1235 2432,1235 2486,1236 2541,1236 2595,1237 2649,1237 2704,1237"/>
                <TextEquiv>
                    <Unicode>gestellt. Diese phrynenhafte Gestalt bewerthet sich selbst mit</Unicode>
                </TextEquiv>
            </TextLine>
            <TextLine id="r2l28" custom="readingOrder {index:27;}">
                <Coords points="1610,1274 2715,1300 2716,1249 2514,1232 1611,1238"/>
                <Baseline points="1618,1264 1672,1265 1727,1266 1781,1267 1836,1269 1890,1270 1945,1271 1999,1272 2054,1273 2108,1274 2163,1274 2217,1275 2272,1276 2326,1276 2381,1277 2435,1278 2490,1278 2544,1279 2599,1279 2653,1279 2708,1280"/>
                <TextEquiv>
                    <Unicode>Selbstironie am besten, wenn sie am Schluß beim Anblick der</Unicode>
                </TextEquiv>
            </TextLine>
            <TextLine id="r2l29" custom="readingOrder {index:28;}">
                <Coords points="1605,1304 2711,1347 2675,1285 1605,1267"/>
                <Baseline points="1612,1309 1666,1310 1721,1310 1775,1311 1830,1312 1885,1312 1939,1313 1994,1314 2048,1315 2103,1315 2158,1316 2212,1316 2267,1317 2321,1318 2376,1318 2431,1319 2485,1319 2540,1319 2594,1320 2649,1320 2704,1320"/>
                <TextEquiv>
                    <Unicode>Leiche zu Henri sagt: „Das hast Du um meinetwillen gethan?</Unicode>
                </TextEquiv>
            </TextLine>
            <TextLine id="r2l30" custom="readingOrder {index:29;}">
                <Coords points="1603,1371 2709,1365 2709,1331 2603,1324 1604,1320"/>
                <Baseline points="1611,1355 1665,1355 1720,1355 1774,1355 1829,1355 1883,1355 1938,1356 1992,1356 2047,1357 2101,1357 2156,1358 2210,1359 2265,1359 2319,1360 2374,1361 2428,1362 2483,1362 2537,1363 2592,1364 2646,1364 2701,1365"/>
                <TextEquiv>
                    <Unicode>Nein, nicht um mich — denn so viel bin ich nie werth gewesen.</Unicode>
                </TextEquiv>
            </TextLine>
            <TextLine id="r2l31" custom="readingOrder {index:30;}">
                <Coords points="1610,1399 2710,1407 2666,1368 1611,1357"/>
                <Baseline points="1617,1397 1671,1396 1725,1395 1779,1395 1834,1395 1888,1396 1942,1396 1996,1397 2051,1398 2105,1398 2159,1399 2213,1400 2268,1401 2322,1402 2376,1403 2430,1404 2485,1405 2539,1405 2593,1406 2647,1406 2702,1406"/>
                <TextEquiv>
                    <Unicode>Das Belustigende an der Episode, welche durch die hereinströmende</Unicode>
                </TextEquiv>
            </TextLine>
            <TextLine id="r2l32" custom="readingOrder {index:31;}">
                <Coords points="1605,1437 2706,1456 2683,1416 2606,1409 1605,1397"/>
                <Baseline points="1612,1439 1666,1439 1720,1439 1774,1439 1829,1439 1883,1439 1937,1440 1992,1440 2046,1441 2100,1442 2155,1442 2209,1443 2263,1444 2317,1445 2372,1445 2426,1446 2480,1447 2535,1448 2589,1448 2643,1448 2698,1449"/>
                <TextEquiv>
                    <Unicode>Volksmenge, die vom Sturm der Bastille zurückkehrt, noch be¬</Unicode>
                </TextEquiv>
            </TextLine>
            <TextLine id="r2l33" custom="readingOrder {index:32;}">
                <Coords points="1614,1491 2651,1506 2706,1494 2707,1459 1614,1443"/>
                <Baseline points="1621,1483 1674,1483 1728,1483 1782,1483 1836,1483 1890,1484 1944,1484 1998,1484 2052,1485 2106,1485 2160,1486 2213,1486 2267,1487 2321,1488 2375,1488 2429,1489 2483,1490 2537,1491 2591,1493 2645,1494 2699,1495"/>
                <TextEquiv>
                    <Unicode>sondere theatralische Wirkung erhält, liegt darin, daß die Aristo¬</Unicode>
                </TextEquiv>
            </TextLine>
            <TextLine id="r2l34" custom="readingOrder {index:33;}">
                <Coords points="1611,1525 2715,1535 2680,1497 1612,1491"/>
                <Baseline points="1619,1525 1673,1526 1727,1526 1782,1526 1836,1527 1891,1527 1945,1528 2000,1528 2054,1529 2109,1529 2163,1530 2217,1530 2272,1531 2326,1532 2381,1532 2435,1533 2490,1533 2544,1534 2599,1534 2653,1535 2708,1535"/>
                <TextEquiv>
                    <Unicode>kraten nie recht wissen, ob das, was sich da vor ihnen abspielt,</Unicode>
                </TextEquiv>
            </TextLine>
            <TextLine id="r2l35" custom="readingOrder {index:34;}">
                <Coords points="1610,1568 2711,1584 2678,1541 1611,1530"/>
                <Baseline points="1618,1565 1672,1566 1726,1567 1780,1568 1835,1569 1889,1569 1943,1569 1998,1570 2052,1570 2106,1570 2161,1571 2215,1571 2269,1571 2323,1572 2378,1572 2432,1573 2486,1574 2541,1575 2595,1576 2649,1577 2704,1579"/>
                <TextEquiv>
                    <Unicode>Wahrheit oder Komödie ist. Unter die Pseudoverbrecher hat sich</Unicode>
                </TextEquiv>
            </TextLine>
            <TextLine id="r2l36" custom="readingOrder {index:35;}">
                <Coords points="1604,1621 2719,1631 2705,1586 2613,1579 1604,1581"/>
                <Baseline points="1611,1610 1666,1610 1721,1611 1776,1611 1831,1612 1886,1612 1941,1612 1996,1613 2051,1613 2106,1613 2161,1614 2216,1614 2271,1615 2326,1615 2381,1616 2436,1617 2491,1617 2546,1618 2601,1619 2656,1620 2712,1621"/>
                <TextEquiv>
                    <Unicode>übrigers auch ein echter Gauner gemischt, den sich der Dichter</Unicode>
                </TextEquiv>
            </TextLine>
            <TextLine id="r2l37" custom="readingOrder {index:36;}">
                <Coords points="1613,1656 2715,1670 2715,1629 2650,1624 1613,1615"/>
                <Baseline points="1619,1654 1673,1653 1727,1653 1782,1653 1836,1653 1891,1653 1945,1654 2000,1654 2054,1655 2109,1655 2163,1656 2217,1657 2272,1658 2326,1658 2381,1660 2435,1660 2490,1661 2544,1662 2599,1663 2653,1664 2708,1664"/>
                <TextEquiv>
                    <Unicode>wohl anders gedacht hat, als ihn Herr Müller spielte. Der</Unicode>
                </TextEquiv>
            </TextLine>
            <TextLine id="r2l38" custom="readingOrder {index:37;}">
                <Coords points="1608,1706 2711,1713 2662,1668 1609,1659"/>
                <Baseline points="1615,1694 1669,1694 1723,1693 1778,1694 1832,1694 1887,1694 1941,1695 1996,1695 2050,1696 2105,1697 2159,1698 2213,1699 2268,1700 2322,1700 2377,1701 2431,1702 2486,1703 2540,1703 2595,1704 2649,1704 2704,1704"/>
                <TextEquiv>
                    <Unicode>larmoyante Ton dieses Mörders war wenig angebracht. Von den</Unicode>
                </TextEquiv>
            </TextLine>
            <TextLine id="r2l39" custom="readingOrder {index:38;}">
                <Coords points="1615,1739 2715,1766 2716,1722 1615,1703"/>
                <Baseline points="1621,1735 1675,1735 1729,1736 1784,1737 1838,1737 1893,1738 1947,1738 2001,1739 2056,1739 2110,1740 2165,1740 2219,1741 2273,1741 2328,1742 2382,1742 2437,1743 2491,1743 2545,1744 2600,1745 2654,1745 2709,1746"/>
                <TextEquiv>
                    <Unicode>übrigen Mitwirkenden ist noch der Prospère des Herrn Hänse¬</Unicode>
                </TextEquiv>
            </TextLine>
            <TextLine id="r2l40" custom="readingOrder {index:39;}">
                <Coords points="1604,1787 2728,1793 2728,1753 1605,1755"/>
                <Baseline points="1611,1778 1666,1779 1721,1779 1777,1780 1832,1781 1888,1781 1943,1782 1999,1783 2054,1784 2110,1785 2165,1785 2220,1786 2276,1787 2331,1788 2387,1788 2442,1789 2498,1789 2553,1789 2609,1789 2664,1789 2720,1789"/>
                <TextEquiv>
                    <Unicode>ler und der Chevalier des Fräulein Marie Laue lobend her¬</Unicode>
                </TextEquiv>
            </TextLine>
            <TextLine id="r2l41" custom="readingOrder {index:40;}">
                <Coords points="1608,1822 2679,1853 2715,1850 2716,1783 1608,1796"/>
                <Baseline points="1615,1822 1669,1822 1724,1823 1779,1824 1833,1824 1888,1825 1943,1825 1997,1826 2052,1826 2107,1827 2162,1827 2216,1828 2271,1829 2326,1829 2380,1830 2435,1831 2490,1832 2544,1833 2599,1835 2654,1836 2709,1838"/>
                <TextEquiv>
                    <Unicode>vorzuheben. Herr Oberregisseur Adler hatte die Stücke treff¬</Unicode>
                </TextEquiv>
            </TextLine>
            <TextLine id="r2l42" custom="readingOrder {index:41;}">
                <Coords points="1612,1881 1639,1874 1673,1882 1711,1871 1729,1882 1774,1870 1808,1878 1820,1871 1850,1885 1849,1830 1783,1830 1769,1839 1730,1826 1716,1837 1693,1830 1678,1841 1658,1827 1611,1833"/>
                <Baseline points="1619,1864 1647,1866 1675,1866 1703,1866 1731,1866 1759,1865 1787,1865 1815,1864 1843,1864"/>
                <TextEquiv>
                    <Unicode>lich inscenirt.</Unicode>
                </TextEquiv>
            </TextLine>
            <TextLine id="r2l43" custom="readingOrder {index:42;}">
                <Coords points="2262,1864 2309,1890 2373,1873 2408,1889 2506,1877 2526,1894 2577,1878 2611,1893 2666,1878 2666,1859 2591,1833 2262,1843"/>
                <Baseline points="2268,1873 2294,1874 2320,1874 2346,1874 2372,1875 2398,1875 2424,1876 2450,1876 2476,1876 2502,1877 2528,1878 2554,1878 2580,1880 2606,1880 2632,1881 2659,1883"/>
                <TextEquiv>
                    <Unicode>Hermann Pilz.</Unicode>
                </TextEquiv>
            </TextLine>
            <TextEquiv>
                <Unicode>than's. In dem „grünen Kakadu“, wie die Kellerkneipe des
Prospäre genannt wird, befinden wir uns gerade am Tage des
Bastillensturmes. Wir spüren hier nur die letzten Ausläufer der
Bewegung, und es herrscht in dem Ganzen eine kecke über¬
legene Satire, die nicht immer voll vom Publicum erfaßt wurde.
Der Werth des Stückes liegt in seiner Detailmalerei. „Welch'
eine charakteristische Figur ist die von Frau Franck trefflich ge¬
spielte Marquise von Lansac, das verkörperte Zeitalter Lud¬
wigs XVI.! Im Mittelpunct steht die Liebesaffäre des Schau¬
spielers Henri. Er hat sich mit Léocadie, einer Schauspielerin
von der Porte St. Martin verheirathet. Nun spielt er frivoler
Weise eine Scene im Verbrecherkeller, welche die Untreue seiner
Frau zum Gegenstand hat, und ahnt nicht, daß diese ihm that¬
sächlich mit dem Herzog von Cadignan hintergeht. Seine Um¬
gebung glaubt aber, Henri sage die Wahrheit und kenne die
Untreue seines Weibes. So wird sie ihm enthüllt, und in einem
elementaren Wuthausbruch stößt er den Herzog, der gerade nach
dem Komödiantenkeller kommt, nieder. Herr Grelle beging als
Henri den Fehler, daß er das Publicum nicht ahnen ließ, daß er
zunächst nur Komödie spiele. Er ließ nicht nur die Besucher des
Verbrecherkellers, sondern auch das Publicum an die Wahrheit
seiner Erzählung glauben. Das führte beim Auftreten des Her¬
zogs und dessen Tödtung zu einer Verblüffung. Im Uebrigen
hatte der Darsteller hinreißendes Feuer. Vielleicht hätte Herr
Taeger die Rolle noch glaubwürdiger gestaltet. Die treulose Léo¬
cadie wurde von Frau Huth mit der nöthigen Frivolität dar¬
gestellt. Diese phrynenhafte Gestalt bewerthet sich selbst mit
Selbstironie am besten, wenn sie am Schluß beim Anblick der
Leiche zu Henri sagt: „Das hast Du um meinetwillen gethan?
Nein, nicht um mich — denn so viel bin ich nie werth gewesen.
Das Belustigende an der Episode, welche durch die hereinströmende
Volksmenge, die vom Sturm der Bastille zurückkehrt, noch be¬
sondere theatralische Wirkung erhält, liegt darin, daß die Aristo¬
kraten nie recht wissen, ob das, was sich da vor ihnen abspielt,
Wahrheit oder Komödie ist. Unter die Pseudoverbrecher hat sich
übrigers auch ein echter Gauner gemischt, den sich der Dichter
wohl anders gedacht hat, als ihn Herr Müller spielte. Der
larmoyante Ton dieses Mörders war wenig angebracht. Von den
übrigen Mitwirkenden ist noch der Prospère des Herrn Hänse¬
ler und der Chevalier des Fräulein Marie Laue lobend her¬
vorzuheben. Herr Oberregisseur Adler hatte die Stücke treff¬
lich inscenirt.
Hermann Pilz.</Unicode>
            </TextEquiv>
        </TextRegion>
    </Page>
</PcGts>
