3484 4224
604 148 1226 217 Kruene Kakadu
470 168 551 223 er
166 162 1215 241 9. 3 De e ennich ue e e e e
1375 141 1794 224 box 15/2
2066 69 2889 106 li si stringono dattorno, e chiedono af¬
2024 86 2894 150 fannosi, Enrico impara il tradimento di
2036 144 2883 186 Leocadia. Giunge in quel punto il duca di
2034 169 2892 225 Cadignan: Enrico gli si scaraventa addes
2037 201 2890 260 so, e Tuceide. L’uceide mentre la folla, clie
2038 247 2895 303 ritorna dalla Bastiglia smantellata, grida
2025 260 2594 327 furibonda Tive la überta!
2062 318 2911 372 A questo dramma in un atto di Arturo
2034 343 2875 400 Schnitzler, rappresentato iersera all’e Ar¬
2032 391 2892 438 gentina v. gli spettatori hanno fatto questa
2026 431 2898 474 accoglienza: tutti hanno seguito intenti 11
2042 472 2846 511 sekuirsi delle sccne. ma calata la tela,
2028 486 2894 551 ppiü hanno applaudito e chiamato gli attori
2029 521 2899 576 Tal proscenio, i meno hanno disapprovato:
2035 570 2901 622 cosi da determinare il cosiddetto d suceesso
2025 611 2911 659 contrastato v. Ora, certo, date le propor¬
2032 632 2898 688 zioni del dramma, ###che gun e la la fat¬
2016 665 2902 725 tura, non poteva aspettarsi Lapplauso pie¬
2031 711 2905 758 noe caldo, ma la vivacità della disappro¬
2039 737 2901 791 vazione, no. Perché se vi è da osservare
2039 782 2897 828 dalla critica in quelle scene, che possan
2037 814 2892 861 poi suscitare diciamo pure il fischio, an¬
2028 861 2850 911 che parziale, veramente non si intende.
2058 873 2897 945 Ma il pubblico, dicono, à sovrano, vale a
2029 929 2896 974 dire che ogni spettatore é un reuccio: non
2030 961 2892 1007 restano cosi che levosservazioni della criti¬
2034 998 2899 1051 ca, per l’accenno alle qualità ed agli er¬
2026 1037 2164 1090 rori.
2069 1074 2901 1114 Le qualità, II contenuto del quadretto 6
2029 1102 2913 1162 originale. pur avendo la situazione comu¬
2028 1156 2903 1208 ne con altri quadretti. E' originale special¬
2041 1186 2904 1223 mente nello svolgimento e nell’intonazio¬
2038 1223 2908 1271 ne; per i quali il risultato dell’insieme con¬
2033 1261 2905 1305 quista l’interessel Ed é felice la trovata
2038 1298 2903 1341 per la quale a poco a poco, nella opportu¬
2042 1328 2832 1375 na preparazione, si passa alla realtà.
2031 1366 2915 1411 anche sobrietà lodevole nei rapidi toccht
2040 1406 2893 1453 per i quali la situazione prorompe e si ri¬
2042 1437 2903 1486 solve: e le scenette d’improvviso, e qualche
2032 1468 2906 1521 macchietta, tra i comici e tra gli aristocra¬
2032 1502 2892 1546 tici, sono colorite con sicurezza e con sot¬
2040 1547 2902 1592 tile senso di umorismo. — Gli errori. Piü
2033 1580 2903 1628 precisamente uno che compromette alquan¬
2036 1616 2897 1669 to, e si rileva appunto nella situazione ul¬
2040 1650 2907 1694 tima e sola. L’oste e gli astanti troppo sol¬
2031 1681 2906 1739 lecitamente sono atterriti dal racconto che
2030 1727 2905 1764 fa Enrico. Si pud dire che alle prime bat¬
2027 1752 2904 1804 tute entrano in ispavento: Qualche cosa di
2031 1790 2910 1847 non giustamente veduto si nota in quel
2033 1824 2895 1877 momento, qualche cosa che intiepidisce, sia
2056 1861 2910 1910 pur per un istante, l’interesse. Inoltre nella
2066 1898 2898 1945 reparazione si rileva T’artifizio or qua or
2105 1927 2900 1980 par quasi che occorran riempitivi per
2110 1969 2904 2014 giungere la situazione estrema: il che
2541 1999 2587 2030 11
2108 1999 2888 2055 #tre dà uguaglianza alrandamento, ca¬
2120 2040 2901 2082 ncora nella monotonia. Errore che pu¬
2125 2064 2904 2125 tiepidisce in piü d'un istante l’interes¬
2115 2106 2877 2163 pecialmente se si consideri che le gr#
2115 2139 2899 2190 oni per riuscire dal racconto imagina¬
2120 2181 2902 2227 prova di attore, alla rivelazione della
2112 2218 2899 2261 ta. strazio di cuore innamorato, sono
2103 2254 2899 2303 ece osservate, come ho detto gia, sono
2098 2288 2900 2330 rvate e tradotte nel quadretto con acu¬
2125 2326 2896 2374 o precisione. Infine — e questo errore
2130 2359 2897 2405 e da attribuirsi alle scrittore, la va¬
2039 2382 2904 2440 stità del palcoscenico dell’a Argentina s dä
2039 2434 2904 2472 al quadro una linea oltre la richiesta e ne¬
2054 2463 2904 2503 cessaria, per quanto non manchi folla sul¬
2042 2499 2902 2558 la scena: la sproporzione si avverte, e
2048 2538 2522 2595 danneggia gravemente.
2093 2557 2894 2628 I. qui, nella conclusione, é da notare. It
2043 2613 2911 2661 Pappogallo verde non & precisamente nella
2038 2651 2900 2704 produzione a teatro dello Schnitzler i1 do¬
2032 2691 2906 2739 cumento che lo rivela a chi mon la conosce
2036 2730 2897 2768 nella originalità schietta e felice del suo
2042 2761 2523 2813 ingegne. Lo„ Schitzler s
2450 2756 2893 2812 palesa per quello
2038 2792 2350 2832 che 6, nus
2398 2792 2908 2832 Snario, sia, ma certo
2029 2827 2899 2881 Idi notevole, specialmente'nell’Anatolio, in
2039 2864 2895 2912 quei dialoghi, uno dei quali é giunto mi
2046 2892 2893 2945 pare anche sulle scene italiane, che decise¬
2046 2940 2897 2986 ro 1o Schnitzler a lasclar lo studio della
2039 2963 2892 3015 medicina, e dedicarsi al teatro. In genere,
2036 2994 2897 3054 Itra la rivista e il teatro, la produzione del¬
2041 3031 2894 3082 10 Schnitzler é apbhrsa frammentariamen¬
2044 3068 2911 3120 te in Italia. Per darne Tidea di contenuto e
2032 3111 2923 3168 di forma, e spiegare perché meriti interes-.
2043 3152 2898 3187 se, proporzionale interesse, beninteso, oc¬
2036 3173 2909 3232 correrebbe innanzi tutto accennare per lo
2044 3216 2901 3250 meno a quel movimento di liberazione del¬
2041 3249 2904 3304 la scena tedesca, dal quale assurse Haupt¬
2038 3275 2895 3339 mann; ma lo spazio non consente; e ne oc¬
2039 3317 2893 3367 correrebbe anche a dimostrare come per
2046 3349 2907 3400 riuscire a dare al pubblico nostro la dove¬
2033 3392 2896 3430 rosa eurgente nozione della scena dell’u¬
2040 3433 2902 3490 niversale. contemporanea o no, beneflcio
2044 3459 2897 3501 che si rifletterebbe a teatro e fuori dal tea¬
2046 3504 2898 3548 tro per i migliori ed i maggiori fini, si ri¬
2048 3531 2901 3572 chiedono quelle cautele che pur troppo non
2052 3568 2898 3626 si vogliono vedere, o balenate dissennata¬
2051 3606 2518 3654 mente son dimenticate.
2078 3630 2906 3702 Al Pappagallo verde segui la commedia
2044 3686 2898 3730 in due atto di Lucio d’Ambra, Effetti di
2048 3716 2903 3761 ###ge, che ritrovó il suecesso, già ottennto
2059 3752 2899 3802 all'e Argentina . in parecchi teatri italia¬
2051 3793 2514 3846 ni, ed anche all’estero.
2592 3817 2882 3890 E. Boutst.
