3436 4224
2131 166 2597 257 box 15/5
365 166 1979 291 9.4. DerBrnche Kakadu#klus
1434 365 1788 477 Teleion 12801.
2130 456 2338 548 Ausschnitt
1123 467 2070 575 Unternehmen für Zeitungs-Ausschnitte.
2060 542 2345 652 Nr. 26
1297 540 1908 675 „OBSERVER“
875 629 2370 729 I. österr. behördl. concess Bureau für Zeitungsberichte und Personalnachrichten
1179 715 2061 822 Wien, IX/1 Türkenstrasse 17.
1136 787 2112 885 Filiale in Budapest: „Figyelö“, VIII. Josefsring 31a. —
1472 933 2132 1047 Die Wage, Wien.
883 963 1376 1046 Ausschnitt aus:
891 1089 1406 1195 vom K MRZ.1899
1201 1297 1748 1395 Rudolph Lothar.
1213 1392 1655 1482 Der Einacter.
1215 1455 2108 1540 Der Einacter ist ein dramatisches Aphorisma.
1220 1529 2316 1587 Er ist die seenische Verkörperung eines Gedankens. Zur
1087 1555 2316 1634 Verkörperung eines Gedankens bedarf aber der Dichter handelnder
1095 1625 2318 1685 Menschen. In der Handlung, die zwischen den Menschen auf der
1092 1669 2308 1730 Bühne sich abspielt, offenbart sich ihr Charakter. Aus dem Zu¬
1105 1715 2321 1780 sammenstoß der Charaktere springt die Idee des Stückes. Nicht
1104 1767 2302 1822 das Geschehen, das Handeln allein ist dramatisch. Necht der Vor¬
1095 1819 2315 1879 gang erweckt unser Interesse, sondern sein Warum und Weil.
1105 1861 2313 1929 Dieses Warum und Weil ist die psychologische Motivirung.
1092 1912 2319 1981 Jeder dramatische Gedanke ist im Grunde genommen eine
1095 1970 2317 2036 psychologische These. Zu ihrer Entwicklung ist aber eine gewisse
1099 2018 2321 2075 Zeit erforderlich. Im Einacter ist diese Zeit auf ein Minimum
1103 2073 2314 2125 beschränkt. Der Dichter muß mit Verkürzungen, mit sich über¬
1098 2113 2310 2177 schneidenden Linien arbeiten; das beeinträchtigt nicht selten die
1106 2161 2320 2225 Glaubwürdigkeit des Vorganges. Häuft er aber die Vorgänge,
1095 2204 2320 2283 ohne der Motivirung den genügenden Raum zu gewähren, so
1094 2261 2318 2343 #geräth er in die Gesolaschaft jener erassen Gewaltspoeten, die
1108 2326 2332 2406 in Verga, dem Dichter der „Cavalleria rusticana“, ihren jüngsten
1111 2379 2335 2455 Führer gefunden haben. Denn man darf den Einfluß des
1108 2443 2334 2509 Cavalleria=Rummels auf unsere Literatur nicht unterschätzen.
1096 2488 2334 2556 Auch in Schnitzler's „Grünem Kakadu“ ist er zu spüren. Der
926 2477 1075 2569 Par
1105 2527 2319 2602 Gegenpol der italienischen Messercomödic ist das Maeterlinck'sche
1107 2588 2331 2636 Stimmungsbild. Hier ist der Vorgang fast aus dem Bildkreise
996 2563 1050 2631 900
1107 2634 2327 2700 der Bühne herausgerückt. Die psychologische Motivirung liegt
957 2630 1096 2726 103
1105 2675 2388 2754 weniger im Innern der Menschen als in den sie umgebenden !##
2343 2727 2393 2777 1.
1105 2736 2319 2798 Dingen. Auch die Menschen in ihrer Function als Umwelt
948 2753 1093 2811 Abonin
1104 2774 2330 2843 wirken gegenständlich. Aus der Psychologie der Umgebung wächst
949 2798 1100 2863 Abonm
1109 2827 2331 2894 der Gedanke des Dichters heraus Und dieser Gedanke ergreift
1096 2873 2335 2925 uns, indem er uns in den Bann des Milieus zieht kraft der
1107 2930 2321 2983 Stimmung, die der Dichter uns mittheilt. Ich möchte diese
1100 2973 2322 3039 Stimmungskunst mit einem Durchleuchten der Menschen von
1092 3013 2315 3074 außen vergleichen. Es ist, als ob die Dinge auf der Bühne
1105 3067 2139 3129 ein Licht ausstrahlten, das durch die Menschen dringt.
1211 3119 2325 3180 Und Stimmung zu geben scheint mir der eigentliche Zweck
1094 3173 2317 3229 des Einacters zu sein. Macterlinck hat künstlerisch Verga gegen¬
1087 3214 2305 3296 über Recht. Aus seinen kleinen Dramen ließe sich eine Dra¬
1093 3280 2319 3338 maturgie des Einacters am besten entwickeln. Wenn man alle
1277 3318 1759 3377 der Literatur durchgeht
1092 3325 1279 3395 Einmnr
1818 3318 2311 3388 und —das ist nicht allzu¬
1126 3375 1286 3440 wer, d
1442 3373 2313 3442 Einacter ist kaum etwas über hundert Jahre
1098 3422 1272 3484 alt, die
1405 3413 2322 3495 #inactig gegebenen griechischen Tragödien und
1095 3470 1234 3536 Spiel
1341 3477 2321 3535 dramatische Werke ohne Acteintheilung überhaupt
1089 3521 1213 3580 und
1208 3527 2322 3573 aus keine Einaeter in unserem Sinne —, wenn man
1100 3568 2315 3621 also alle Einacter der Literatur durchgeht, wird man finden, daß
1100 3615 2309 3696 ihr poetischer Werth immer im Stimmungsgehalte lag. Sogar
1086 3666 2309 3734 die Schicksalsdramatiker, die Werner und Müllner erreichten
1099 3716 2312 3781 ihre Wirkung durch die Stimmung, die über ihren gewaltsamen
1099 3762 2300 3821 Einaetern lag („Der 24. Februar“ von Werner, „Der 29. Fe¬
1097 3802 2316 3868 bruar“ von Müllner). Und dient nicht auch der leichte, heitere
1104 3865 2315 3920 französische Schwankeinacter, der lever du rideau dazu, die
1097 3914 2324 3965 fröhliche Stimmung im Hause zu erwecken? Im Ausnützen der
1091 3958 2320 4012 komischen Stimmung der Situationsstimmung, wie ich sie nennen
1097 4005 1803 4077 möchte, sind die Franzosen Meister.
1216 4034 2323 4131 Durch den starken Gehalt an Stimmungsreizen bekommt
1098 4110 2315 4155 der Einacter, der höhere Ansprüche erhebt, als den Gaumen zu
