3484 4192
1395 144 1806 242 box 15/2
675 162 1240 238 ruene Kakadu
182 168 1249 277 9.3. Der e
1081 383 2270 475 so wir, so auf den Kopf gestelt, wie Hier im krägerischen
1080 458 1226 524 Spiel.
1169 500 2258 553 Ein Grundgedanke? Es gibt keinen anderen, als etwa
1078 555 2273 600 den; das Leben ist unberechenbar in seiner wilden Narrheit,
1073 588 2271 634 Schein und Wirklichkeit — wer wagt es, sie abzugrenzen? In
1080 653 2273 698 einem anderen dieser Trugspiele sagt es der Dichter selbst:
1077 669 2267 735 „Was ist nicht Spiel, was wir auf Erden treiben, und schien
1079 726 2267 792 es noch so groß und tief zu sein... Wir spielen immer, wer
1077 770 1444 847 es weiß, ist klug.“
1176 777 2262 854 Die Darstellung und auch die Regie brachte das Wesent¬
1079 851 2256 908 liche zu anschaulicher Wirkung. Aber nur das Wesentliche.
1077 889 2269 950 Man könnte auch sagen, nur das leicht Erreichbar.. Und auch
1075 935 2260 991 dies mit allzu dick aufgetragenen Farben. Mit dieser
1073 974 2261 1041 Einschränkung ist das Spiel der Herren Csortos, Vägö,
1085 1026 2277 1100 Vandory, Rätkai, Papp und der Damen Bäthory
1078 1079 1628 1147 und Méßäros zu loben.
1072 1099 2275 1189 2. „When knights were bold“ („Régi jó idék“).
1182 1185 2164 1244 Komödie in drei Akten von Charles Marlowe.
1160 1225 2279 1289 Das zweite Stück, das der Abend brachte, erschöpft sich in
1087 1279 2262 1335 einem matten Kostümscherz und einem nicht mehr neuen Ein¬
1081 1315 2277 1377 sall. Ein junger Lord träumt sich in die versunkene Welt
1090 1359 2260 1420 seiner Ahnen zurück, da die „Ritter kühn waren“, wie der Titel
1079 1416 2268 1464 erläutert. Nun steht er im Smoking auf einem alten Burghofe,
1090 1457 2267 1507 von gepanzerten Vasallen umgeben und ist höchst bestürzt
1090 1495 2262 1544 darüber, daß es hier weder Whisky, noch ägyptische Zigaretten
1090 1554 2268 1611 gibt. Man denkt an „Niobe“, die aus gleichen Zeitverschiebun¬
1095 1570 2259 1640 gen weis geistvollere Effekte zieht und auch an Herczegs
1091 1626 2264 1680 „Sirius“, der denselben Einfall gefälliger und phantastischer zu
1088 1674 2278 1730 nützen weiß. Mit der Komik der Situation selbst ist man in
1092 1708 2286 1777 fünf Minuten gesättigt und empfindet das unaufhörliche
1087 1759 2270 1815 Drehen und Wenden eines und desselben Witzes umso peinlicher,
1096 1793 2268 1867 je mehr Herr Z. =Molnär in der Hauptrolle durch Purzel¬
1090 1832 2261 1917 bäume und ähnliche künstlerische Feinheiten die Galerie erg##
1094 1889 2280 1943 heitert. Auch der naive Regiespaß, die Gestalten der Vorzeit
1093 1941 2266 1992 im deklamatorischen. Singsang der Klassikeraufführungen an
1089 1976 2275 2050 Schmieren sprechen zu lassen, konnte nur in den dankbaren
1083 2020 2255 2067 oberen Regionen gewürdigt werden. Die Damen Väthory,
1083 2082 2265 2121 Méßäros, und die Herren Vägö. Papp, Kör¬
1079 2114 2261 2175 mendy, die noch mittun müßten, dürften dieser überflüssigen
1091 2158 1659 2226 Mühe bald enthoben werden.
1784 2203 2238 2280 Budapest, 2. April.
1172 2261 2269 2348 (Königliches Opernhaus.) Herr Fritz Feinhals,
1100 2323 2268 2377 der vielbewunderte Gast unserer Oper, trat heute zum letzten
1089 2354 2273 2429 Male in diesem Spieljahre auf. Der Abschied von diesem
1093 2409 2264 2468 Künstler, dem man eine ganze Reihe unvergeßlicher Abende
1082 2453 2270 2501 dankt, wird nur durch die erfreuliche Tatsache gemildert, daß
1096 2486 2265 2551 ein längeres Gastspiel im März des nächsten Jahres bereits
1091 2539 2282 2611 vereinbart ist. Das Publikum aber, das hievon nichts wußte,
1091 2592 2271 2656 gab ihm heute seine Vereblung und Dankbarkeit in so enthusia¬
1093 2623 2275 2691 stischer Weise zu #kennen, als sei es ein Abschied für immer.
1097 2666 2277 2725 Herr Feinhals sang den Sachs und es muß so wenig gesagt
1082 2694 2272 2768 werden, daß er wieder nur eitel Entzücken meckte, so wenig ein
1087 2762 2266 2826 weiteres Wort zum Preise dieser Gestaltung nottut, die in ihrem
1092 2815 2274 2861 Gefühlsreichtum und ihrer musikalischen Vollendung zum
1092 2837 2268 2927 Schönsten gehört, was die heutige Opernbühne zu bieten ver¬
1095 2888 2269 2960 mag. Beifallsstürme ohne Ende durchbrausten das Haus nicht
1089 2938 2275 2985 nur nach allen Aktschlüssen. So oft auf der Bühne die Zünfte
1097 2965 2275 3049 oder das Polk Nürnbergs ihrem Sachs zujubelten, ergriff das
1091 3016 2279 3076 Publikum die Gelegenheit, um spontan in die Huldigung einzu¬
1097 3061 2266 3123 fallen. Man vergaß heute sogar die eilige Flucht in die Gar¬
1104 3096 2281 3184 deroben und rief Herrn Feinhals noch ganz am Schlusse wohl
1089 3158 1673 3232 zwanzigmal vor den Vorhang.
1264 3176 2271 3251 Im kön. Opernhause gehen Senntag die
1089 3241 2278 3304 Opern „Cavalleria Rusticana“ und „Bajazzi“ (die letztere mit
1097 3270 2280 3354 Herrn Környey) und das Ballett „Magyar tänczegyve
1091 3327 2288 3396 jeg“ in Szene. Die Aufführung der ursprünglich aufs Reper¬
1089 3375 2295 3427 toire gesetzten Oper „Die Afrikanerin“ mußte wegen Unwohl¬
1093 3413 2270 3468 seins der Gräfin Vasquez verschoben erden Montag
1097 3451 2277 3520 wird als Kindervorstellung das Ballett „Von Märchen zu
1087 3516 1508 3598 Märchen“ aufgeführt.
1240 3531 2273 3606 Das Lustspieltheater hat die Erstaufführung des
1093 3596 2276 3660 neuen Schauspiels „Az ideäl“ von Frau. Koloman Rözsa¬
1104 3633 2271 3705 hegyi auf Mittwoch, 7. April, angesetzt. Die Novität bietet
1101 3676 2275 3748 namentlich der Frau Varsänyi eine ebenso schwierige als
1098 3721 2270 3784 dankbare schauspielerische Aufgabe. Bedeutende Rollen sind den
1092 3768 2275 3841 Herren Fenyvesi, Hegedüs und Balassa, den Damen M.=Harmat
1091 3822 1631 3895 und Gazsi zugeteilt worden.
1255 3841 2283 3918 Das Drama „A rab“ von Alexander Hegedüs jun.,
1224 3872 1257 3918 —
1102 3897 2279 3964 im verflossenen Jahre am Ungarischen Theater unter starkem
1108 3941 2270 4010 Interesse aufgeführt, wurde von der Stutigarter Hof¬
1095 3983 2296 4063 bühne zur Aufführung angenommen. Die Intendanz hat den
