3436 4256
1079 222 1137 287 K
1999 211 2454 310 box 15/5
238 220 1879 336 9.4. DerErhene—gkaduZykins
2209 1337 2349 1419 FDNRT
1439 1347 2198 1424 1ro sie aber in
2192 1382 3299 1462 mayr selbst das Wort ergriff, um nochmals seinen Stano¬
2210 1444 3295 1496 punkt zu kennzeichnen. Er schien es darauf abgesehen zu
1120 1462 2199 1513 beurtheilen. Wäre ich Direktor des Burgtheaters gewes n
155 1470 1126 1532 klauf dem Spielplan. Im Stadttheater versucht man ein
2215 1492 3277 1555 haben, den Bruch zu fördern; selbst die „N. Fr. Pr.“
1114 1502 2197 1574 und hätte ich die beiden eingereichten Stücke zu beurtheilen
160 1514 1111 1571 von einer großen sozialen Idee getragenes Römer¬
2203 1522 3288 1589 sagt von dieser Rede Grabmayr's: „Die Rede, mit
1118 1566 2195 1617 gehabt, ich würde ihm offen und ehrlich gesagt haben:
155 1554 1117 1619 und hat die Kühnheit, ein Publikum für „Turandot“
2207 1573 3281 1616 welcher Grabmayr sein Verhalten nochmals zu recht¬
1124 1613 2196 1670 „Junger Mann, sehen Sie sich um einen Verleger um,
155 1606 1104 1660 teressiren, im Burgtheater spielt man den kindischen
2207 1616 3281 1672 sertigen versuchte und in der er seinen Standpunkt
1125 1649 2192 1710 der mit Goldschnitt und Ausstattung nicht spart; Ihre
158 1649 1120 1718 bstrat“ von Ludwig Fulda. Seit Jahr und Tag
2203 1666 3290 1728 aufrecht erhielt, aber auch neuerlich eine Aussöhnung mit
1126 1705 2204 1757 Stücke mögen gelesen ganz hübsch sein und werden wahr¬
2209 1698 3275 1754 der Katholischen Volkspartei empfihl, war nicht ge¬
155 1698 1103 1771 uns im Burgtheater „Der Kaufmann von Venedig“
1120 1730 3282 1802 scheinlich auch ihr Lesepublikum finden. Für die Bühne eignet, diesem fertigen Urtheilsspruche die Spitze zu
152 1741 1117 1803 ochen, seit Jahr und Tag ist die Rede von einer
2201 1786 3284 1842 nehmen.“ Die vom Landeswahlausschusse beschlossene
1123 1793 2200 1849 taugen sie nicht. Es steckt in ihnen viel Fleiß, viel
157 1789 1114 1857 zung der Königsdramen, von einem Versuche mit
2212 1830 3284 1890 Resolution lautet im Wesentlichen dahin, daß der Landes¬
1120 1831 2198 1907 ernstes Streben und viel Belesenheit, leider aber keine
158 1830 1117 1900 's „Kain“ und Kleist's „Penthesilea“, nichts geht
2206 1870 3278 1934 wahlausschuß in Dr. v. Grabmayr nicht den geeigneten
1126 1877 2188 1941 dramatische Gestaltungskraft. Alle Achtung vor dem
154 1894 1111 1944 hrts, kein einziges Versprechen wird erfüllt, denn
2210 1918 3285 1967 Interpreten der nationalen Forderungen der Deptschen
1111 1932 2194 2008 Reichthum Ihrer allegorischen Wortbilder, allein sie
154 1929 1124 1993 kor Schlenther hat nur Auge und Ohr für die
2206 1942 3281 2004 in Tirol erblicken könne, wobei insbesondere betont wird
1124 1976 2196 2044 wachsen nicht aus der dramatischen Situation
146 1987 1111 2058 arisch“ thuenden Dutzendstücke, die mit jedem Jahr
2194 2002 3282 2058 daß Grabmayr nicht berechtigt sei, sein Referat etwe als
1110 2012 2196 2101 heraus, sie sind den Gestalten aufgeklebt und entbehren
148 2035 1119 2094 ichen, um dann wieder im Orkus der Makulatur zu
2200 2044 3282 2095 den Anschauungen und Forderungen der deutschen Porteien
1121 2083 2198 2134 deshalb der Anschaulichkeit, auf die es allein bei einem
159 2083 1106 2134 winden. So und nur so konnte es kommen, daß er
2197 2084 3280 2139 Tirols entsprechend zu erklären. Nachdem Dr. v. Grabmayr
1110 2119 2190 2191 Bühnenwerke ankommt.“ Dieses und Aehnliches mehr
2193 2131 3276 2190 trotz des wiederholten dringenden Ersuchens, im Interesse
159 2122 1107 2181 sem Jahre sich mit einem einzigen Erfolg be¬
2200 2159 3274 2229 der Einigkeit der Parteien freiwillig aus dem Landes¬
1125 2173 2192 2234 hätte ich „unserem kleinen Hofmannsthal“ gesagt, würde
155 2170 1106 2234 en mußte, mit Hauptmann's „Fuhrmann Heuschel“;
2203 2207 3283 2268 wahlausschusse auszuscheiden, dies auf das Entschiedenste
1121 2220 2198 2279 ich an Stelle Dr. Schleuther's über die Aufführung der
165 2226 1114 2276 d nur so konnte es kommen, daß er sich gezwungen
2207 2258 3258 2309 abgelehnt hat, sieht sich der Lendeswahlausschuß ge¬
1118 2259 2190 2320 beiden Stücke zu entscheiden gehabt haben. Direklor
157 2272 1112 2329 diesen einen Erfolg in einer für das Burgtheater
2212 2297 3281 2355 zwungen, behufs Aufrechthaltung der Einigkeit die Ko¬
1123 2314 2185 2373 Schleuther that es nicht; er blamirte lieber den Günst¬
156 2318 1121 2379 ezu beschämenden Weise auszunützen. Weil Fräulein
2208 2325 2863 2402 optation Grabmayr's:
2908 2335 3291 2399 widerrufen
1111 2359 2197 2426 ling Hermann Bahr's, er quälte lieber sein Publikum
156 2363 1124 2426 auf Urlaub ist und Herr Sonnenthal auf Urlaub
2204 2382 3284 2437 und zu erklären, daß er Dr. v. Grabmayr nicht
1115 2414 2198 2473 mit einer rückgratlosen, schönrednerischen Wortschaum¬
164 2409 1111 2463 mußte er sich aus Berlin eine Hanne Schäl ver¬
2205 2433 3272 2484 mehr als Mitglied des Landeswahl¬
1118 2457 2188 2515 schlägerei und ließ seine Schauspieler sich lieber mit den
153 2456 1120 2518 ben, nur um noch rasch zwei volle Häuser zu retten.
2201 2466 3281 2528 ausschusses betrachte. Für diesen vom
1129 2495 2193 2550 halben, heimlichen Empfindungen, mit den Seelen¬
2210 2514 3279 2564 Innsbrucker Vizebürgermeister Dr. Wenin einge¬
147 2512 1117 2563 diese Beschämung wieder nur deshalb, weil er nicht
1125 2550 2188 2600 komödien „unseres kleinen Hofmannsthal“ erfolglos ab¬
2208 2549 3285 2605 brachten Antrag stimmten unter Anderen Bürgermeister
153 2555 1121 2613 Muth zu einer zweiten Besetzung hatte, obgleich ihm
2203 2596 3288 2646 Greil und die Vicebürgermeister Dr. Erler und
1123 2596 2190 2652 mühen, als daß er offen und ehrlich seiner inneren
157 2599 1114 2657 rrn Gimnig ein zweifellos ebenso guter, wenn
2202 2642 3276 2696 Wenin, Handelskammersekretär Dr. Kofler, der
1130 2636 2199 2697 Ueberzeugung Ausdruck gegeben hätte: Nein, mein lieber
153 2658 1110 2701 gar besserer Fuhrmann Henschel und in Frau
2202 2678 3207 2728 Herausgeber des „Tiroler Tagblattes“ Edlinge
1126 2694 2195 2756 kleiner Hofmannsthal, diese Agonien, diese Episoden
157 2676 1124 2762 ittlein eine in jeder Hinsicht berufene Haune Schäl
2203 2700 3285 2783 dann Fabrikant Buchauer (Kufstein). Der Abschluß
1128 2732 2191 2799 taugen für das Burgtheater nicht. Wenn Direktor
151 2740 528 2813 Verfügung standen.
2204 2765 3281 2819 der Angelegenheit Grabmayr bedeutet einen vollen Grfoig
1121 2776 2190 2836 Schleuther es noch ein Jahr so forttreibt, werden die an
155 2773 1109 2851 „Unser kleiner Hofmannsthal“ mag immerhin Förde¬
2190 2796 3286 2866 der radikalen Strömung, und Jene, welche noch immer
1124 2831 2193 2892 der Spitze dieser Zeilen stehenden Verse des damals noch
156 2838 1110 2899 und Beachtung verdienen. Ich kenne seine Gedichte
2202 2851 3271 2901 über Radikalismus lächeln, werden jetzt wohl an den
1126 2872 2193 2934 kleineren Loris auch für das Burgtheater bald Geltung
152 2885 1114 2941 benig, als daß ich es wagen dürfte, ihm poetische
2198 2873 3292 2969 Ernst der Dinge glauben und einsehen daß Jene isolirt
1115 2927 2192 2986 haben. In Agonie liegt es schon heute, wie lange kann
157 2934 1109 2993 bung abzusprechen. Alle sagen und behaupten,
2206 2920 3109 3003 sind, die sich nicht zum Radikalismus bekennen.
1124 2981 2193 3034 es noch dauern, so wird auch der Ruhm des Burg¬
147 2973 1123 3044 rkleiner Hofmannsthal“ sei ein Dichter von großer
2347 2978 3286 3039 Daß Deutsch in Schlesien nicht Landes¬
1125 3016 2196 3102 theaters eine Episode in der Theatergeschichte Wienslge¬
147 3022 1120 3094 uft. Gut, lassen wir ihn einen Dichter sein. Ich
2211 3022 3058 3078 sprache ist, wenigstens soweit Exzellenz Ka
2040 3061 2159 3141 tr—
2191 3074 3298 3154 zu sagen hat, kann man dem „Notizenblatt für den
166 3064 1374 3139 nur seine beiden Stücke gesehen und kann nur diese wesen sein.
