3436 4256
720 208 1347 287 ruene Kakadu
1459 205 1878 300 box 15/1
485 218 657 285 Der
247 209 986 325 9. 3. K  Sn
1012 262 1333 319 nuna. u — —
1983 587 2055 661 7120
941 760 1079 831 262
1617 743 1983 840 Bühne und Welt.
944 870 2647 946 Jumeau“ (Der Zwillingsbruder), verwandt Inhalt zur Gattung der sogenannten „Heimat¬
937 896 1795 971 dem „Doppelgänger“ und einem Dutzend ähn¬
1791 916 2636 981 künst“, der sich der Dichter neuerdings gänzlich
941 950 1788 1010 licher Gedankengänge, er treibt sein Wesen in
1799 955 2640 1023 zügewendet zu haben scheint. Die Hauptvorzüsge
941 991 1788 1039 den „Folies Dramatiques“ Verfasser
1802 1007 2659 1057 der Dichtung, welcher der osterlindische Dialet
951 1030 1782 1089 sind Monnier und Larcher. Noch viel geistloser
1795 1053 2655 1100 eine proon zielle Färbung verleibt, liegen zu¬
946 1073 1793 1138 ist „I.Héritier“ (Der Erbe) von Soulaine
1805 1083 2654 1144 meist in der liebevollen Kleinmalerei und in
944 1107 1209 1163 im Odéon.
1804 1106 2642 1178 Der Schilderung eines Seelenlebens, das zu¬
1073 1132 1792 1208 Eine späte Liebe zeitigt selten Gutes, die
1794 1148 2649 1210 weilen durch vorüberhuschende Wolkenschatten
946 1191 1787 1242 junge Reigung von Frau Sarah für Deutsch¬
1800 1197 2647 1246 verdüstert erscheint. Doch ein aus der Tiefe des
951 1235 1783 1288 land beweist dies neu. Nicht genug, in der
1808 1238 2649 1291 Gemütes emporströmender Humor vergoldet am
935 1270 1785 1321 vorigen Saison den Werther zum Kinderspott
1801 1280 2640 1328 Ende das Ganze, dem als Art gesellschafts¬
950 1310 1791 1360 machen zu lassen, führte sie wiederum einen
1802 1313 2639 1371 politische Cendenz, als „pragmatische Marime“
951 1336 1799 1398 Deutschen auf, aber wen? Felir Philippi!
1801 1353 2642 1406 die weise Mahnung angehängt ist, es möge der
954 1388 1789 1438 Hat die große Rünstlerin keinen Geschmack,
1792 1380 2660 1445 Beamte aus seiner Stellung scheiden, wenn die
942 1420 1785 1471 oder tragisches Dech, oder ist sie von einem
1793 1420 2642 1486 Kräfte zu schwinden beginnen, einmal, um eine
954 1459 1782 1505 Chauvinisten beraten, der die „deutsche Muse“.
1798 1462 2647 1516 jüngeren Generation den Platz zu räumen, vus
942 1508 1727 1558 auf den „Dornenweg“ nach Jena lockte?
1798 1510 2641 1560 dann, um nicht dem Schicksale der ausge¬
1072 1539 1774 1598 Einen glänzenden Sieg erfocht bei
1809 1552 2647 1595 quetschten Zitrone anheimzufallen. Der Dichter,
951 1556 1793 1629 Antoine hingegen Schnitzlers „Grüner
1796 1570 2649 1634 von dem vor einigen Jahren hier ein mit
945 1620 1792 1672 Kakadu“, was eine definitive Probe für das
1799 1623 2646 1686 großem Erfolg aufgeführtes, später aber durch
955 1658 1798 1708 prächtig getroffenen Lokalkolorit bedeutet. Wie
1790 1669 2650 1711 ministerielle Entscheidung leider verbotenes
953 1701 1792 1747 gern hätte ein Kritikaster dem Eindringling
1801 1695 2659 1754 Stück „Um die Scholle“ noch in frischer Er¬
953 1738 1788 1782 Fehler in dem Pariser Milien der Bastillenacht
1802 1739 2639 1798 innerung lebt. hat wohl das Zeug, ein Chürin¬
944 1773 1791 1829 vorgeworfen! Der Hausherr hatte die Gabe
1795 1775 2642 1844 Tgischer Anzengruber zu werden. Die Aufnahme
954 1810 1784 1868 des Wiener Gastes mit wundervoller Kunst
1790 1822 2650 1876 des von Carl Grube trefflich inscenierten
941 1842 1687 1916 und wahrer Liebe zum Werke insceniert.
1800 1858 2647 1913 Stückes, um das sich besonders Heltzig als
1569 1890 1748 1950 Wagh.
1798 1898 2641 1960 Stadtmusikus Lindner und Frau v. Szpinger
1808 1930 2647 2008 als dessen Ehefrau verdient gemacht haben,
1002 1931 1778 2005 Dotsdam. Im Königl. Schauspiel¬
1804 1975 2488 2043 fand eine sehr freundliche Aufnahme.
952 1973 1797 2044 hause fand am 4. Dezember die Uraufführung
2282 2013 2602 2072 Otto Francke.
953 2029 1779 2086 des in „Bühne und Welt“. Jahrg. V, Heft 11
1849 2027 2631 2107 Wiesbaden. Mit Philippis Sensations¬
945 2071 1792 2124 abgedruckten Einakters: „Schatten des Zwei¬
1794 2092 2641 2144 drama „Das dunkle Tor“ begann die Saison
950 2099 1786 2158 fels“ statt, des ersten Teiles einer Crilogie,
1793 2135 2648 2187 des Hoftheaters. Allerdings konnte auch die
950 2149 1793 2193 die Hans von Wentzel um Friedrich den
1801 2177 2646 2221 im ganzen recht tüchtige Aufführung über die
951 2181 1781 2237 Großen gewoben hat. Historisch wie menschlich
1794 2212 2641 2269 zweifelhaften künstlerischen Qualitäten des
948 2227 1782 2267 ist der Vorwurf wahr und ergreifend. Der
1804 2255 2651 2301 Stückes nicht hinwegtäuschen. Bedeutsamer war,
946 2264 1791 2319 Krieg 1745 ist beendet, den König umbraust
1803 2295 2646 2344 daß dann „Rosmersholm“ dem Spielplan ge¬
954 2306 1793 2357 der Jubel Berlins, aber seinen sterbenden Er¬
1805 2328 2654 2380 wonnen wurde, ein Zeichen, daß der neue Dize¬
947 2345 1788 2402 zieher Duhan de Jandun quält banger Zweifel,
1799 2362 2657 2423 intendant, Herr von Metzenbecher, soweit eben
941 2369 1782 2436 ob nicht Friedrich den Krieg um des Krieges
1801 2413 2650 2468 die Traditionen der Hofbühne es gestatten, auch
950 2417 1788 2473 willen liebt und seine Lehren vom reinen
1796 2438 2629 2507 der Gegenwartskunst ihr Recht vergönnt. Capus
952 2446 1784 2512 Menschentum vergessen hat. Da tritt der König
1801 2489 2646 2541 „Schloßherrin“ konnte weniger interessieren,
945 2486 1786 2554 Han das Krankenlager. Während draußen die
1802 2525 2641 2583 während Hofmannsthals Scenen „Der Aben¬
943 2527 1785 2598 Siegesfeuer flammen, hat er Zeit zum Besuche
1803 2558 2646 2603 teurer und die Sängerin“ von literarisch Ge¬
955 2576 1794 2632 seines Lehrers gefunden und dadurch den
1806 2602 2661 2655 geildeten aufs dankbarste begrüßt wurden. Die
954 2608 1798 2671 Zweifelnden von seiner tiefen Aenschlichkeit über¬
1797 2629 2646 2696 Stünstlerische Iutelligenz unseres neuen Bühnen¬
955 2661 1785 2709 zeugt. Duhan stirbt beseligt in diesem Bewußt¬
1801 2684 2657 2739 leiters hat sich schon jetzt gezeigt, dagegen hatte
955 2690 1787 2749 sein, in der Ahnung von Friedrichs Größe.
1811 2715 2646 2766 man mit den Neuengagements im Schauspiele
950 2725 1785 2786 Das feine Stimmungsbild wirkte ersichtlich auf
1805 2763 2642 2818 wenig Glück. Nur Frau Reuier darf als er¬
945 2773 1784 2810 die Zuhörerschaft, zumal Regie und Darsteller
1806 2793 2485 2850 freulicher Gewinn angesehen werden.
946 2808 1795 2869 sich redlich bemühten. Alfred Granzer lieh
1934 2834 2638 2895 Das Residenztheater gab als Er¬
947 2852 1790 2896 dem kranken Gelehrten charakteristische und er¬
1804 2850 2639 2918 Pöffnungsvorstellung Gorkis „Nachtaspl“; es
951 2884 1786 2949 greifende Züge und Cöne, und Albert Schröder
1803 2903 2654 2970 folgten „Die Liebesschankel“ und das gemütvolle
949 2930 1789 2982 gab, obgleich der Anblick des jugendlichen
1798 2957 2653 3014 Volksstück „Pater Jakob“ von Karl Morre.
947 2972 1782 3024 Friedrich dem Dublikum immer etwas fremd
1792 2996 2647 3038 Eilli Petri gastierte als Lutti und Dora, mit
945 3006 1790 3070 wirkt, jede falsche Hose vermeidend, eindrucks¬
1802 3027 2651 3084 Recht von Kritik und Hublikum aufs wärmste
944 3044 1402 3111 voll den großen König.
1611 3047 1757 3113 A. v.
1800 3073 2655 3118 aufgenommen. Einen vollständigen Mißerfolg
1800 3109 2649 3152 hatte der Schwank „Die Sintflut“ von einem
1013 3088 1792 3157 Strelitz. Der Einakter „Ums tägliche
1803 3156 2653 3202 pfeudoupmen Gaillard, der, in Wirklichkeit
952 3144 1789 3212 Brot“ von Ellinor Krossa, eine littauische
1804 3185 2647 3235 ein guter Deutscher, die gewagtesten Effekte
953 3188 1792 3247 Bauernkomödie, ging am hiesigen Hoftheater
1807 3222 2642 3276 französischer Dossen kunterbunt durcheinander
946 3232 1726 3285 als Uraufführung unter Beifall in Scene.
1810 3265 2646 3317 mengte. Das Schicksal dieser Uraufführung war
1010 3274 1792 3349 Weimar. Am 26. November ging zum
1798 3304 2641 3354 verdient. Heinrich Lees Lustspiel „Der 70. Ge¬
943 3325 1786 3384 ersten Male Haul Quenfels Kleinstadt¬
1805 3340 2648 3394 burtstag“ gefiel trotz der stark aufgetragenen
945 3375 1796 3438 komödie „Das Alter“, ein dreiaktiges Stück,
1803 3376 2650 3429 Rührseligkeit durch die treffliche Darstellung.
959 3414 1795 3467 über die Weimarische Hofbühne. Auch dieses
1804 3424 2660 3470 Agnes Sorma absolvierte ein sehr beifällig
955 3453 1800 3514 liebenswürdige Werk gehört nach Form und
1797 3465 2281 3530 aufgenommenes Gastspiel.
2517 3465 2601 3526 p.
