3436 4256
1431 109 1644 215 19.77
1792 231 2211 319 * Wiener Brief¬
1413 304 2617 370 dalgschicenuns Bürgertum und Hochadel.  Die Wahr¬
1398 353 2167 412 Bil üner Prinzessen Luis# von Loburg¬
2440 365 2622 417 sesahn
2235 363 2320 419 Der
1392 397 2632 470 und die Schnitztertriloglr.  Twerins Graechun. — Wesehscheftlich¬
1551 438 2347 489 Theattalisches. — Due deutsche Hülieron
1390 458 2616 525 —Daß man diesen Fall hier keineswegs als typische Gesetlschäfts¬
1388 526 2617 576 erscheinung betrachtet, zeigt unter anderm die Burgtheater=Auf¬
1389 574 2619 630 führung des „Grünen Kakadu“ von Schnitzler, worm die Deca¬
1395 616 2608 679 denz des französischen Adels, darunter eine sehr extravagante Mar¬
1380 649 2633 709 huise, bei Ausbruch des Bastillensturms geschildert wird. In Berlin
1379 706 2614 757 wurde der „Grüne Kakadu“ verboten, hier hat der fürsorgliche Censor
1378 757 2615 805 Hofrat v. Jettel das interessante Stückchen Weltgeschichte dem
1375 795 2614 837 Burgtheater gerettet, indem er durch scharfe Streichung der revo¬
1379 840 2627 894 lutionären Anwandlungen Schnitzlers den historisch=dramatischen
1390 881 2609 936 Rahmen und die Virtuosen=Kunststücke Sonnenthals in den Vorder¬
1388 932 2623 980 grund rückte. Der „Grüne Kakadu“ ist eine Spelunke, in der ein
1389 962 2629 1025 früherer Schauspieldirector mit seinen Komödianten eine wirkliche
1395 1008 2615 1051 Verbrecherhöhle brutal nachahmt, um den abgestumpften Nerven
1384 1052 2612 1109 der Herzöge und Marquisen neue Reize zu bieten. Als Wirt
1388 1092 2617 1150 schimpft er zu demselben Zweck die vornehmen Gäste „Canaillen“,
1384 1141 2611 1192 die dem Henker entgegenreifen. Da gleichzeitig draußen das Toben
1382 1180 2606 1223 des Straßenpöbels den Bastillensturm ankündigt und wirkliche Ver¬
1378 1220 2616 1275 brecher und wirkliche Straßendemagogen in unserer Spelunke mit
1382 1272 2613 1321 den Komödianten und dem entarteten Hochadel durcheinander¬
1373 1323 2616 1376 wimmeln, entsteht ein grotesker Wirrwarr von Schein und Wirk¬
1382 1361 2612 1416 lichkeit, der in dem Hauptkomödianten Henry auf die Spitze ge¬
1373 1409 2604 1465 trieben wird, auf die Dolchspitze nach dem Muster von „Tabarin“.
1375 1452 2617 1504 und der „Pagliacci“. Henry spielt den Mörder aus Eifersucht so
1391 1495 2631 1553 naturgetreu, daß alle glauben, er habe wirklich den Herzog v. Car¬
1392 1534 2705 1582 dignan als Galan seiner jungen Frau getötet. Er erfährt jedochusne
1390 1582 2671 1642 dabei erst aus den Reden der Gäste von ihrer thatsächlichen Un¬.
2585 1608 2677 1659 Albar
1374 1624 2711 1674 treue. Der Herzog erscheint zu rechter Zeit lebendig in der Keller=soraus
1325 1681 2670 1737 „ bthür und nun erdolcht er ihn thatsächlich. Der Bastillensturm be¬ I
1388 1698 2750 1758 ffreit ihn als Nächer des entehrten Volks an der herrschendenist de¬
1294 1760 2752 1811 Abot Adelskaste vor Verantwortung. Diese einactige „Groteske“ ist geist=es den
1302 1799 2643 1861 Abolvoll ersonnen und mit nicht gewöhnlichem Talent für die Bühnes.
1385 1848 2616 1905 belebt, doch verliert sie in der Burgtheaterdarstellung, wo außer
1386 1889 2615 1936 Frau Mitterwurzer als Marquise eigentlich niemand die den Fran¬
1378 1925 2617 1991 zosen abgelauschte schlagkräftige Diction völlig trifft, wenn aucht
1381 1976 2619 2041 Sonnenthal die Vermengung von Schein und Wirklichkeit künst=
1375 2020 2608 2069 Aerisch meisterhaft durchführt. Und sie verliert auch durch die Zu¬
1372 2071 2607 2127 sammenstellung mit zwei andern Einactern, in welchen Schnitzlers
1369 2109 2612 2183 annähernd dasselbe Thema behandell: „Was ist nicht Spiel, das
1371 2143 2610 2193 wir auf Erden treiben? Es fließen ineinander Traum und Wachen,
1377 2190 2604 2254 Wahrheit und Lüge. Sicherheit ist nirgends“, wie sein Hypnoti¬
1390 2237 2606 2291 seur Paracelsus weise bemerkt. Und Schnitzler wendet diese Weisheit
1372 2276 2607 2339 in allen drei Fällen auf die Treue der Frauen an, bei denen er am
1372 2324 2607 2395 wenigsten „Sicherheit“ findet. Das eine Mal hypnotisirt der Wunder¬
1377 2364 2595 2429 mann Paracelsus in Basel eine tugendsame Bürgersfrau, daß sie er¬
1368 2403 2599 2471 wachend sich grundlos einbilden muß, sich einem Junker, der ihr
1379 2458 2598 2504 nachstellt, ergeben zu haben. Dann hypnotisirt er sie ein zweites
1372 2503 2605 2568 Mal, daß sie nur die reine Wahrheit sagen soll, und sie plaudert
1370 2547 2610 2612 ihrem Gatten eine Jugendliebe zu Paracelsus und gelegentliche,
1381 2583 2607 2657 Gelüste aus, die den Wahrspruch begründen sollen: „Wenn dus
1367 2636 2589 2688 mich hütest — nur in diesem Falle — kannst du mir vertrauen.“
1369 2677 2597 2724 Das feinste Illusions= und Ehebruchsstück Schnitzlers ist das zweite:
1387 2722 2604 2785 „Die Gefährtin.“ Ein gealterter Professor hat soeben seine junge
1377 2764 2610 2807 Frau begraben, ohne sonderlichen Kummer. Er wußte schon, als er
1375 2803 2598 2859 sie heiratete, daß er das junge Blut nur zwei Jahre für sich allein
1374 2859 2598 2911 besitzen würde. Er weiß, daß sie ihn dann mit seinem Assistenten be¬
1376 2896 2602 2949 trogen hat, und das genirte ihn wenig, ja er war nicht abgeneigt,
1377 2941 2600 2997 die beiden auch öffentlich zusammenzugeben. Aber er wird zormg,
1378 2980 2611 3046 als er hört, daß der Assistent außerdem mit einer Dritten seit Jahren
1381 3038 2595 3086 ordentlich verlobt ist und daß jenen keine Leidenschaft mit seiner
1381 3071 2603 3119 Frau verknüpfte, sondern nur ehebrecherische Liebelei, kaltes Gelüste.
1384 3103 2612 3172 Dem Publicum ergeht es ebenso, wie dem sonst übermäßig tole¬
1379 3159 2594 3213 ranten Professor. Große Leidenschaft entschuldigt auf der Bühne
1378 3200 2609 3261 alles, wenn die tragische Sühne folgt, aber diese ewige kalte Liebelei
1379 3241 2611 3317 in Schnitzlers Stücken ist abstoßend und widerlich. Wir verlangen
1371 3285 2613 3343 vom Dichter große warme Empfindung, und die wird uns nicht
1378 3331 2602 3397 ersetzt durch rafsinirt ausgeklügelte Gedankenspiele und feinste thea¬
1383 3380 2591 3431 tralische Mache. Obwohl während des Theaterabends geistig be¬
1370 3423 2612 3493 schäftigt, atmen wir erleichtert auf, wenn wir aus der ungesunden
1372 3463 2602 3523 Luft heraus sind. Wenn juristische oder philologische Haarspalter
1367 3511 2613 3583 zu Theaterdirectoren obrigkeitlich ernannt werden und Medicinex¬
1378 3573 2603 3644 ihnen die Stücke schreiben, so kann die wahre Kunst sich begraben
1378 3609 2607 3676 lassen. Schnitzler kennt und zeichnet die Frauen nur in krankhaften
1371 3645 2608 3704 Zuständen oder als Sumpfblüten, die er sich manchmal zu Idealen
1368 3705 2598 3770 aufputzt. Es ist fremdartige Spitzfindigkeit und nicht Wahrheit,
1371 3744 2597 3793 wenn er die Vertreterin ehrsamer deutscher Frauen ihrem Gemahl
1368 3789 2599 3850 sagen läßt: „Wenn du mich hütest — bleibe ich dir treu.“ Deutsche
1366 3834 2596 3887 Frauen sind zu stolz dazu und hüten sich selber. Schnitzler versteht
1369 3873 2599 3939 seine Theatergedanken tuperamentvoll mit kinematographischer Be¬
1361 3921 2598 3967 lebtheit auf die Bühn## stellen; könnte er sie zu der Energie
1363 3966 2596 4035 steigern, daß sie sich in purke Empfindungen umsetzen, mit Gemüts¬
1363 4009 2594 4055 wärme durchtränken, so würden wir ihn gern als bedeutenden Dra¬
1357 4041 1729 4100 mattker begrüßen.
2573 4061 2629 4138 —
