3436 4192
188 186 1798 263 9.4 Der-aruene KakaduZ#klus
496 947 615 1059 5
694 930 1317 1082 „OBSEKVEN
297 1055 1752 1141 L. österr. behördl. conc. Bureau für Zeitungsberichte u. Personalnschrichten
473 1133 1588 1226 Wien, IX/1. Türkenstrasse 17.
708 1211 1359 1311 Filiale in Budapest: „Figyelé“
383 1282 1663 1377 Vertretungen in Berlin, Chicago, London, Newyork, Paris, Stockholm.
299 1415 845 1504 Ausschnitt aus:
297 1568 711 1663 vom  77
690 1792 1297 1945 Theater und Musik.
492 1951 1615 2004 * Hamburg, 7. September. Die ersten Premièren
393 1978 1619 2047 rächte uns für diese Saison das Altonaer Stadttheater.
387 2031 1620 2097 in drei kleinen Schnitzlerschen Einaktern, die zwar nicht über¬
387 2075 1619 2140 haupt zum ersten Male auf der Bühne erschienen, aber doch
390 2112 1602 2187 den Hamburgern hier zum ersten Male vorgeführt wurden.
391 2156 1618 2218 Man wählt ja hier auf dem Gebiete des Schauspiels in den
385 2222 1623 2269 meisten Fällen nur solche Stücke welche bereits anderswo ihre
392 2251 1616 2316 Feuerprobe bestanden haben. Man hatte aber immerhin mehr
382 2305 1608 2357 Recht, diese Stücke „Paracelsus“, „Die Gefährtin“
396 2327 1606 2408 „Dergrüne Kakadu“ hier als Erstaufführungen zu be¬
385 2377 1601 2453 zeichnen, als etwa Harilebens „Der Abschied vom Regiment“
388 2406 1615 2489 welchen das Thalia=Theater am Montag als Première aus¬
385 2474 1625 2552 bot, obwohl es im vorigen Winter uns in einem Zyklus im
393 2523 1627 2580 Carl Schultze=Theater in recht guter Aufführung geboten wurde.
391 2553 1621 2641 Ich brauche des Inhalts der Schnitzlerschen Stücke nicht Fr¬
400 2617 1618 2679 wähnung zu thun, da sie bereits gelegentlich ihrer Berliner und
395 2651 1625 2709 Wiener Aufführungen besprochen wurden, sondern nur kurz über
395 2695 1621 2756 Eindruck und Aufführung am hiesigen Platze zu berichten.
507 2754 1624 2805 habe die Empfindung gehabe, daß der Beifall
407 2755 505 2812 Ich
403 2771 1614 2847 velcher gespendet wurde, nicht immer zum großen Theile auf
406 2832 1630 2893 Rechnung der Dichtungen zu setzen war, sondern mehr der
339 2870 1635 2955 per Oarstellung galt, an der sich wenig aussetzen ließ. Im „Pa¬
422 2908 1726 2977 acelsus“ spielte die Titelrolle ein neues Mitglied unserer###
404 2955 1689 3037 Bühne, Herr Kirch, der ausersehen ist, Herrn Wagner als ?“
1648 2993 1702 3040 Ar
416 3030 1718 3082 rsten Liebhaber zu ersetzen, der für diese Saison nach Berlin 11#n.
388 3053 1621 3119 Wlibersiedelte. Herr Kirch spielte seine Rolle mit feiner Charak¬
401 3104 1786 3163 keristik und bewies sich wie bei seinem ersten Auftreten als ist aus
347 3154 1776 3208 Ab Egmont als eine gluckliche Erwerbung. Herr Otto gab eine###en den
354 3192 1612 3261 Ablebenswahren Cyprian, Herrn Mylius als Doktor Copus und
394 3228 1632 3304 Fräulein Bauer als Justina gelangen ihre Rollen vorzüglich.
390 3279 1606 3348 „Die Gefährtin“ bot in der Aufführung ein reizvolles Klein
392 3329 1616 3392 gemälde. Meisterhaft war Herr Otto als Professor Pilgram,
390 3371 1630 3442 Herr Leisner als Doktor Hausmann und vor Allem Frau
400 3412 1632 3470 Otto=Körner in der psycholegisch komplizirten Rolle der Olga
402 3467 1624 3508 Werholm Am wenigsten glücklich war die Aufführung der
401 3494 1643 3550 Groteske „Der grüne Kakadu“, die in der Gesammtstimmung
411 3519 1649 3599 von vornherein zu lärmend genommen wurde; darum ging
406 3583 1587 3645 Vieles von den Darbietungen der Hauptdarsteller verloren.
1951 143 2350 239 box 16/
2929 1379 3065 1427 der die
1959 1334 2916 1474 Stadt=Theater in Altona.
2927 1418 3210 1473 heimeilt. Inzw
2924 1456 3305 1513 Gestorbenen, ### in
2216 1446 2704 1536 („Schnitzler=Abend“.)
2929 1499 3343 1542 haben will, zurückzu
2036 1529 3332 1587 Die Altonaer Bühne sieht auf einen künstlerisch für keinen Dritten best
1953 1545 2918 1619 wahrhaft glanzvollen Premièren=Abend zurück, an
2926 1571 3350 1633 Auseinandersetzung zwi
1962 1586 2922 1659 dessen Gelingen der Verfasser der drei Einacter,
2934 1617 3217 1667 Frau — und
1972 1640 3341 1700 Arthur Schnitzler, die Regie, die gestern schwierige sich. Der Professor w
1969 1679 3324 1737 Aufgaben löste, und die Darsteller gleichen Antheil eines Mannes, seines
1963 1713 3273 1783 haben. Wer Arthur Schnitzler ist, sollte nachgerade hat es seit lange
1967 1759 3285 1825 selbst in Hamburg allgemein bekannt geworden sein. und diesem Manne
1970 1795 3264 1861 Man ist versucht, um dieses einen gerechten, um dieses er war zu feige, d
1973 1851 3277 1903 einen wirklichen Dichters willen den Oesterreichern ihre Kerkers zu öffnen.
1967 1870 2912 1935 sämmtlichen literarischen Sünden zu vergeben. Schnitzler,
2922 1881 3336 1946 muthlos um die Wahr
1957 1909 2921 1975 den man in den ersten Jahren seines Schaffens nur
2929 1916 3311 1991 heit zu fordern. Und
1968 1958 2919 2011 für einen außergewöhnlich geistvollen und gewandten
2922 1962 3348 2012 Paare hin, ein alternd
1970 1995 2918 2046 Causeur, später zwar für einen geborenen, feinsinsigen,
2921 2002 3343 2056 Murh fand, feiner tun
1950 2029 2925 2082 ader der Decadence ganz und gar verfallenen Dramatiker
2924 2039 3342 2099 zu sein, und auch nicht
1970 2075 3343 2130 halten konnte, hat sich wunderbar vertieft und ge= Assistent kommt an; er
1959 2108 2131 2163 kräftigt.
2180 2102 3338 2159 er ist nicht mehr der dialogisirte und ins ist ja der eigentliche
1960 2144 3355 2210 Deutsche übersetzte Prevost, er spielt nicht mehr Fang= Schonung empfängt er ih
1964 2188 2923 2236 ball mit den seelischen Ewpfindungen von
2932 2200 3344 2249 mit keinem Worte zu
1956 2237 3316 2294 Demimondainen und gefallenen Gesellschaftsdamen; gegangenen soll es be
1964 2266 3339 2321 ein echter Dichter, greift er ins Vollleben der Mensch=Verfährt er, aus dem e
1945 2295 3348 2365 heit und packt es da, wo es am interessantesten und daß dieser sich untern
1958 2346 3339 2388 wo seine geheimen Triebkräfte am schwierigsten zu er= schon seit Jahren liebt
1957 2384 3292 2431 gründen sind. Mehr als die bekannten Dramen Was nun folgt,
1956 2418 3355 2479 Schnitzler's, „Freiwild“, „Vermächtniß“, „Liebelei“ 2c. beschreiben. Von Zorn
1944 2468 3211 2519 haben seine überaus zahltlichen kleinen dramatischen den „Freund
1959 2505 2513 2555 Episoden, Dialogskizzen, wie
2629 2498 3243 2564 n den Büchern ist das Maß
1956 2544 3343 2604 „Anatol“, „Die Frau des Weisen“, niedergelegt sind, Freundin theilt dem Faf
1948 2589 3335 2645 gezeigt, daß der Dichter ein feiner Menschenzeichner, dies Alles gewußt, daß
1948 2621 2917 2669 ein bis zum Rafsinement geschickter Dramatiker, ein
2914 2626 3292 2685 und mit Recht sagt
1954 2656 3303 2711 Meister der Gesprächsform und überaus eieganter Seichtheit einer Na
1962 2700 2111 2752 Stilist
2139 2708 2918 2755 t. In wenigen seiner Arbeiten aber war
2916 2703 3354 2763 gegangenen „Gefährtin
1947 2745 3256 2799 wirkliche Tiefe und in wenigen auch Wucht. Die drei könne. Verstände e
1952 2791 3324 2845 Einacter, die gestern in so herrlicher Darstellung über daß dieses Wesen, das
1948 2815 3344 2882 die Breiter gingen, haben gezeigt, daß Schnitzler eine Fremde, seines
1949 2861 3346 2917 auf dem Wege ist, Beides zu erringen, zum Theil schon! Das Stück endet, wie e
1945 2896 3292 2951 errungen hat. Bezüglich Schnitzler's sehen wir uns sich auf, und es ist
1946 2952 3338 2994 heute einem Dichter gegenüber, berufen, den ersten zeit= Herr werden wird. Di
1944 2979 3353 3027 genössischen Größen der Literatur an die Seite zu treten tiefe Lebensepisode, die b
2030 3024 2918 3072 Am charakteristischsten für das originelle Talent
2912 3026 3355 3076 aus wahrhaftig ist, fand
1949 3051 2918 3109 Schnitzler's i unter den drei Einactern der mittlere:
2914 3060 3356 3112 In äußeren Momenten
1957 3101 3344 3144 „Die Gefährtin“. Diese Arbeit, die zugleich auch die hauses wunderbar treffe
1959 3136 3336 3188 künstlerisch vollendetste unter den dreien ist, weist alle licht, die Kränze, das fl
1958 3179 3353 3229 Vorzüge der bekannten dramatischen Episoden des Dichters einte sich zu großer Wirh
1949 3203 3346 3269 auf: Herrliche Menschenzeichnung, raffinirt geschickter fand in Alexander Ott
1954 3251 3357 3304 Aufbau, zeisterhafter Dialog und zarte Stimmungen, Rolle steht und fällt di
1941 3292 3360 3349 zugleich aber auch eine Tiefe, wie sie nur wenigen an= Charaktere sind neben
1953 3338 3354 3384 deren Schöpfungen des Autors eigen ist. In dieser! Professor mit einer Ver
1952 3377 3347 3423 kleinen Episode spielt sich ein ganzes und schweres innigste Verständniß ent
1935 3404 3362 3493 Menschenschicksal ab. Unsere dramatischen Fabricanten im Erkennen der ganzen
