3436 4352
724 182 1305 255 ruene Kakadu
563 202 637 257 P
235 189 549 274 9.3. D(
460 245 1292 297 aunannannumK##mmmnnnnummnnmmamnanmuneassse
1449 177 1872 264 box 15/3
2237 113 3092 153 Liz. To him, in her shawl and battered hat,
2215 144 3092 198 her face is the sudden revelation of woman.
2216 186 3098 228 So that whien Higgins comes in furious search
2213 219 3105 275 of his wife big Jim knocks him about a bit
2224 262 3093 301 for a change. Then when the husband is out
2217 294 3106 347 of the way he proposes that they shall live to¬
2222 345 3099 383 gether, and is almost eloquent in his new¬
2223 382 3092 424 found passion. She consents, but the pride
2219 413 3095 457 of being a +respectable weman?' is strong
2221 450 3101 506 upon her, and she steals back to Bill Higgins.
2213 486 3096 533 That individual, although he wants her back
2212 527 3105 581 badly, is inflamed now by jealousy, and she
2218 567 2925 621 flies from him again and back to Jim.
2371 616 2915 698 SIGNIFICANT ACTING.
2247 675 3104 744 #t is here that we havena magnifcant pfece
2244 723 3088 780 ##eting. They discuss-their miserable posi¬
2224 767 3090 820 tion, und we sce that Jim is immediately
2224 794 3103 845 ###lem uidl distrustful thateshe-went buck to
2228 829 3089 892 her husband at all. There have been hinis
2219 864 3086 926 betore that Jim is aqueer fellow. Now under
2233 906 3095 964 tiie stress of his first emotion we seem to see
2222 935 2548 994 his mind snap.
2563 948 3085 1007 He realises the miserable
2224 985 3084 1045 position of the woman, thrown out again by
2223 1022 3095 1086 her drunken brute of a husband, and now sus¬
2222 1059 3093 1124 pected a little, against his will, by himself,
2214 1101 3079 1154 the man who wanted to grotect her. One can
2215 1132 3086 1193 see the craziness working in hin face. There
2213 1165 3094 1239 is only one way out with a woman with her
2218 1211 3082 1270 back to the wall, and he supplies it. He picks
2215 1248 3075 1322 up a knife from the table and stabs her as
2208 1290 3043 1348 she gives him his first caress from woman.
2244 1322 3085 1385 Mr. Norman McKinnel was splendid as the
2212 1355 3082 1427 bemused Jim, and Miss May Blayney as Liz
2212 1395 3078 1455 Higgins gave a piece of restrained, perfect
2205 1450 3081 1504 character acting, with every little point made,
2205 1494 3083 1538 such as is rarely seen on the stage. In the
2201 1512 3081 1578 final scene the madness gradually creeping
2200 1556 3084 1601 over Jim's face andthe bewilderment and then
2216 1590 3081 1654 terror over hers were very finely rendered.
2200 1633 3074 1692 Mrs. Ada King as a sort of female Caliban,
2209 1664 3076 1729 keeper of the“ doss-house, and Mr. Edmond
2198 1697 3075 1764 Brcon as the cowardly and blustering Bill
2206 1745 3077 1799 Higgins, were both excellent. The piece itself
2206 1784 3068 1837 was very warmly received. It secmed a pity
2200 1827 3074 1879 that the author could find no way out excepe
2202 1859 3081 1919 the table knife, but that was how poor Jim
2208 1904 3077 1941 saw the situation. In a way, it is too much
2202 1928 3084 1996 to ask us to believe that the situation would
2192 1974 3079 2044 have turned Jim’s head, but Mr. MeKinnel
2206 2008 2841 2071 certainly realised it on the stage.
2235 2045 3081 2116 The sccond piece was Arthur Schnitzler's.
2348 2082 2377 2111 1
2200 2083 3067 2137 brilliant“ grotesque“ The Green Cockatoo.
2201 2135 3069 2185 and from loy life in London tö-düy ve Wer
2202 2159 3074 2224 taken to low life in the Paris of 1789. This
2199 2198 2512 2251 one-act play of.
2619 2207 3075 2264 zler’s has already been
2193 2216 3071 2286 deseribgll in T#at the tinne ot its
2183 2266 3062 2339 performance by the Incorporated Stage Society
2199 2321 3074 2380 neaxly a year ago, but it will be as well to
2194 2360 3065 2400 regörd again its main outlines. The scene
2186 2397 3055 2466 pässes in an underground den, half tavern,
2187 2421 3068 2492 half theatre, called“ The Green Cockatoo,
2184 2473 3065 2513 where amid realistie surroundings the
2186 2505 3065 2560 fashionables of the day come to quiz at
2191 2545 3061 2609 a tattered crew of actors who pretend to be
2196 2575 2405 2627 eriminals.
2432 2612 2820 2697 THE TRAGEDY.
2209 2663 3065 2735 The best of the barnstorming crew is Henry,
2182 2724 3064 2798 a genius in his way, who has just marrisd
2190 2766 3053 2819 Léocadie, an actress of generous amours.
2182 2788 3061 2861 Henry comes in and recites, fo the general
2193 2833 3069 2904 horror, how he has just killed the Duc de
2190 2871 3066 2934 Cadignan because he discovered him in bis
2185 2924 3056 2974 wife’s dressing-room at the Porte St. Martin
2190 2951 3050 3011 Theatre. The spell of horror is broken by
2180 2986 3055 3048 the entrance of the Duke, and everybody,
2189 3031 3056 3094 noblemen, noble dames, and tatterdemalions,
2179 3072 3058 3116 realise that it was önly Henry’s little joke—
2182 3105 3055 3154 but a brilliant onc. But at the same moment
2175 3142 3054 3203 Henry realises that what he has been joking
2183 3183 3047 3240 about is true in fact, and he stabs the Duke
2176 3214 3042 3279 just as the rabble burst in frem the taking of
2170 3267 3046 3306 the Bastille. And the curtain comes down
2171 3296 3047 3341 on the nobles fighting their way out of the
2170 3330 3044 3394 cellar, the whiole big joke of the crew who
2162 3373 3058 3442 as actors have been wonr to spit at the amüsed
2175 3403 3055 3477 aristocrats suddenly turned to grim reality.
2204 3451 3050 3507 Unfortunately, one could not help ccmpar¬
2171 3472 3056 3547 ing last night’s performance with the previous
2166 3524 3055 3573 one, and it suffered by that comparison in all
2164 3570 3052 3622 points. There was too much shouting, so that
2163 3607 3042 3661 the rather involved action of the piece was
2174 3635 3051 3680 obscured. The stage also is hardly big cnough
2160 3675 3046 3746 for what has to take place on it. But those
2168 3724 3043 3774 who did not see the first performance will ho¬
2163 3754 3048 3813 doubt enjoy this one very much. Mr. Norman
2171 3784 3050 3861 Mekinnel played Henry, but he did not
2163 3822 3049 3886 realise the quaint mixture of genius and
2159 3862 3055 3921 braggadocio in the part as Mr. Leon Quarter¬
2155 3903 3052 3962 maine did. Miss Sarah Brocke, Mr. Malcolm
2156 3943 3058 4017 Cherry, and others were very good as they
2164 3976 2458 4053 aristocrats.
