3436 4256
1484 203 1890 299 box 15/1
743 208 1341 284 ruene Kakadu
258 216 655 299 9.3. Der
521 237 1335 326 .  K a   eeen Aneene
1159 490 1271 573 4%
731 562 1754 626 Au Perroquet vert a été, pour moi, le grand
690 606 1730 661 attrait de la soirée. Cest une véritable curiosité
694 666 1735 707 archaique dont s’est fort réjouie ma curiosité de
698 693 1731 752 dilettante. Le Perroquet vert, c’est un cabaret
685 739 1730 792 souterrain en 1789, sorte de bouge, comme ily
689 781 1731 838 en eut de nos jours, sous le second Empire, ou
693 825 1743 879 des gens du monde prenaient plaisir ä se fröler
691 873 1731 926 aux coquins et aux escarpes. Le cabaretier
691 915 1735 957 Prosper exploite cette curiosité malsaine, avec
695 954 1731 1006 une particulière habileté. Comme Bruant, il in¬
697 1006 1734 1057 vectiveles clients à mesure qu'ils arrivent, cequi
692 1045 1729 1084 est considéré comme une plaisanterie exquise
688 1085 1721 1135 par ceux-ci. Puis, pour corser la représentation,
702 1149 1733 1183 il a une série d’acteurs engagés, qui jouent les
699 1173 1729 1222 assassins apocryphes, racontent de terribles his¬
689 1216 1737 1269 toires de brigands, avec tant de naturel qu'on
699 1258 1740 1307 confond les comédiens avec les escarpes. Ces
694 1301 1729 1340 vrais ont méme moins de réalisme que les si¬
692 1345 1722 1396 mulés, ils sont plus päles. Mais voilà ob T’action
691 1388 1727 1435 se complique, l’un des comédiens, Didier, vient
692 1435 1722 1484 raconter — c’est un röle imaginé par lui —
695 1469 1725 1528 qu'ilja assassiné le duc de Cadignan, qui le
692 1530 1731 1573 trompait avec sa femme, la danseuse Léocadie.
692 1563 1738 1616 Le récit est fait avec une telle vérité, que
694 1611 1721 1661 Prosper, Jui-méme, s’y laisse prendre: &Tuas
699 1642 1741 1697 tué le duc! — s’écrie-t-il, — qui donc t’a dit
709 1699 1738 1748 qu'il était l’amant de ta femme? Moi, je le sa¬
705 1731 1733 1771 vais, mais je n'ai jamais osé tele Jire s! Pour
704 1770 1742 1827 le pauvre Didier le ccup est mortel, il ignorait
694 1817 1737 1868 la vérité, elle le foudroie, et comme le duc entre
704 1873 1737 1922 au cabaret, il se jette sur lui ct le poignarde,
702 1906 1740 1963 pour de bon, cette fois. On veut T’arrêter, mais la
700 1949 1730 1999 comédie devient intense: bruits, cris, tambours,
698 2003 1731 2051 etlafoule hurlant envahit le cabaret:Que cette
697 2036 1736 2081 figuration est bien régléel) s’écrient les gen¬
707 2079 1730 2126 tilshommes qui croient à une mise en scène du
695 2136 1741 2174 cabaretier Prosper, alors que cette foule, c’est
706 2163 1726 2218 la Révolution qui grouille, car la ##figuration:
704 2210 1335 2261 vient de prendre la Bastille!
745 2248 1240 2309 Rien de plus étrange
1250 2243 1725 2309 que cet acte, mélange
1271 2295 1742 2352 mouvementé comme
711 2288 1251 2350 de fiction et de réalité,
709 2346 1726 2411 une émeute, lancinant comme un cauche¬
710 2385 849 2446 mar.
1264 2412 1668 2481 Félix Duquesnel
755 2797 1486 2887 er, Saverne; Mines Grunmaeng1 9e
445 2833 950 2916 int ##on, Ellen Andrée.
1409 2873 1511 2945 1a
576 2885 1418 2960 La troisième pièce, la u solie n, comme dit
1422 2923 1502 2974 tio
439 2905 526 2990 10
537 2915 1420 2993 T’affiche, g’est encoré un tableau de la Révo¬
1419 2961 1503 3006 ni
536 2958 1503 3045 lution. Mais combien saisissant! On dirait! pr
527 3010 1498 3093 une page de Lenotre. (Aistvie asteedehaud ca
573 3042 1412 3120 C’est le jour de la prise de la Bastille, dans
1414 3079 1506 3133 6n
531 3078 1406 3154 un cabaret appelé le Perroquet-Vert, quelque
524 3116 1405 3186 chöse comme le n Bruánt n de l’époque. Dans
530 3154 1408 3225 une cave basse, les grands seigneurs vien¬
519 3201 1490 3278 nent boire du vin, se faire insulter d. bou-L
523 3235 1404 3311 che-que-veux-tu par le patron, se frotter aux
516 3270 1403 3344 souteneurs et auf assassins. Tous ces assas¬
461 3301 1412 3386 sins, naturellement, n’ont que haihe pour les
471 3357 516 3394 3
518 3355 1396 3416 aristocratés. Aussi, lorsque la Bastille est
1404 3348 1480 3414 I
515 3393 1430 3450 prise, ils se jettent sur eux et les iuent. Une
521 3430 1396 3496 intrigue — simple dans son atrocité — corse
512 3470 1394 3537 la chose: le premie röle du eabaret, Didief,
522 3498 1409 3582 tue sa femme, l’actrice Léocadie, ainsi que
519 3547 1392 3609 son amant, le duc de Cadignan. Ce qui fera ie
516 3579 1382 3655 succès, c’est la vie, le mouvement, le pittö¬
511 3622 1395 3686 resque, le coloris truculent de ce tableau. Et
514 3650 1399 3732 comme tout cela est mis en scène! Oue les
515 3688 1277 3768 mouvements de foule sont bien réglés!
535 3737 1404 3815 A signaler, dans l’interprétation: MM. An¬
509 3778 1395 3843 toine (le commissaire de police), Marquet (Di¬
426 3821 499 3865 38
501 3819 1402 3882 dier), Tervil, Matrat; Mmnes Grumbach, Van
457 3861 1395 3935 ie Doren, Jeanne Lion, Colas, Barsange et Mar¬
422 3884 607 3953 re-ley.
2343 739 2642 803 Zobondais
2138 793 2982 862 Pour finir, Au Perroquet vert, une
2115 846 2987 894 curieuse pièce qui a au moins le mérite
2114 888 2985 940 de la nouveauté. Nous sommes, le 14 juil¬
2110 925 2991 990 let 1789, dans le cabaret du & Perroquet
2112 979 2986 1036 vert a. Cest une sorte de bouge ou la
2114 1018 2984 1083 nobiesse vient chereher-parmi les pires
2117 1052 2986 1123 canailles des sensations inédites. Pros¬
2112 1098 2975 1162 per, le parron de cet étrange établisse¬
2116 1144 2997 1202 ment recrute des individus qui passent
2112 1189 2988 1242 aux yeux de la noble clientèle pour des
2113 1226 2997 1292 malandrins, des voleurs, des assassins.
2098 1273 2990 1358 IIs sont payés pour raconter des forfaits
2111 1299 3010 1387 imaginaires terribles et donner le petit
2104 1348 3006 1425 frisson aux seigneurs et aux belles da¬
2101 1404 3007 1456 mes blasées. L’originalité et la trouvaille
2116 1450 2994 1509 c’estle mélange saisissant du truqué et
2117 1492 2984 1555 du réel: un véritable assassin qui a réel¬
2109 1531 2984 1588 lement g refroidi v sa tante, mais qui
2105 1585 2993 1646 ignore l’art de dramatiser une histoire,
2106 1627 2998 1688 est traité d’ C amateur # et conspué par
2115 1683 2995 1720 T'assistance, tandis que celle-ci nest pas
2112 1716 2991 1782 éloignée de croire à Pauthenticité du poi¬
2106 1755 2991 1808 gnant récit que lui fait le célèbre acteur
2106 1784 3002 1856 Didier. Cet acteur, pour terroriser son
2116 1836 2996 1908 public de choix, invente un drame saisis¬
2114 1878 2999 1934 sant: il raconte qu'il vient de tuer le¬
2104 1927 2997 1988 due de Cadignan, qulil a surpris avee sa
2116 1968 2993 2015 femme Léocadie, la célèbre comédienne.
2113 2019 3003 2082 Ille fäit avec tant de vérité, de désespoir,
2118 2054 3004 2112 die. fureur, d’égarement simulés, que
2112 2095 3002 2169 Prosper lui-mème, le patron, s’y laisse
2110 2149 2337 2217 prendre.
2214 2164 3016 2254 Tu n'ignorais donc pas ce que nous
2118 2229 2642 2295 savions tous? lui dit-il.
2157 2269 3007 2331 Gest une révélation pour Didier. Il ap¬
2110 2315 3023 2373 prend ainsi que la fable de la trahison
2130 2360 3006 2420 de sa femme, par lui imaginée comme
2117 2407 3005 2476 prétexte à jouer la comédie, est une
2127 2449 3017 2518 chose vraie, connue de tous, et, dans un
2120 2490 3022 2555 accès de colère-terrible, il poignarde le
2131 2530 3022 2600 duc de Cadignan, qui survient.,. Le dé¬
2117 2568 3020 2632 sarroi et le tumulte sont portés à leur
2119 2631 3004 2678 comble par T’arrivée d’une froupe de ré¬
2127 2661 3010 2722 volutionnaires, ivres de sang, qui vien¬
2123 2700 3018 2760 nent annoncer la prise de la Bastille et
2132 2750 3019 2821 se ruent sur la petite troupe des grands
2133 2804 2374 2864 seigneurs.
2158 2817 3017 2907 Dans cette pièce, dontla misé en scène
2133 2880 3009 2946 compliquée est admirablement réglée,
2127 2937 3010 2981 toute la troupe du théätre Antoine donne
2122 2968 3040 3032 avec conviction et intelligence. M. Mar¬
2126 3013 3021 3069 quet est un superbe Didier; Matrat, un
2122 3057 3017 3115 Prosper tour à tour hon enfant et tragi¬
2126 3114 3006 3171 que: Signoret, un duc de Cadignan dis¬
2140 3138 3022 3203 tingué; Degeorge, un curieux Grasset
2130 3189 3018 3260 tonitruant; Berthier fait de Scevola une
2138 3226 3015 3297 pittoresque silhouette. Dans ce milieu
2125 3276 3027 3334 sinistre, des femmes mettent une note
2138 3325 3018 3372 de gräce qui n’est pas de trop, ce sont
2138 3358 3014 3435 Mmes Grumbach, Van Doren, Luce Co¬
2140 3417 2666 3482 lus, Barsange et Marley.
2565 3432 2975 3526 Emmanuel Arène.
2162 3454 2435 3559 Eigene
2435 3498 2692 3577 —
