3436 4256
1466 148 1903 243 box 15/3
807 150 1346 242 uene Kakadu
499 153 628 228 De
253 158 1321 268 9.3. #. Krunne Kanana
1567 1491 3384 1575 ziehungen und die abgeklärte Weisheit des Sechzigjährigen] Grün war ein schlichter Henry,
1573 1526 2763 1599 besondere Bedeutung erhält. Ohne eigentlich dramatisch zu
2762 1554 3381 1617 tes Frauchen. Erich Weingä
1580 1586 2768 1671 sein, und trotz erheblicher Längen, fesselt das Stück durch die
2762 1598 3384 1666 Scerevola wuchtig neben dem
1568 1636 2756 1703 starken Reize feinfühliger Menschengestaltung und durch die
2757 1650 3379 1703 nand Ahnelts. Willie Schmitt
1569 1673 2753 1745 innere Spannung, die von aller Opferbereitschaft ausgeht.
2737 1695 3379 1741 Heinrich Kastner den Milchbart
1649 1729 2753 1790 Die Aufführung, die von Woldemar Jürgens geleitet
2766 1736 3376 1797 Plunder einer sterbenden Zeit,
1564 1770 2748 1827 wurde, gab dem Stück einen merkwürdig heiteren Rahmen, da¬
2755 1768 3356 1840 Thomaß leibhaft verkörperte,
1564 1808 2751 1879 zu einen fröhlichen Garten und einen, auch am spuren Abend
2764 1817 3389 1895 lichkeit Severines in Mariann
1559 1853 2764 1920 noch ganz lichtseligen Himmel, also alles das, was man ge¬
2770 1865 2891 1938 stalt.
854 1778 1213 1959 3 Oft. 1925
1563 1889 2747 1957 rade hier nicht erwartet, weil diese Menschen nicht nur in
2836 1887 3371 1971 Das Haus spendete beiden
1569 1931 2756 2001 ihre lastende Not, sondern auch in die hohen Häusermauern
2756 1935 3345 2009 aber verhüllen trauernd das
1570 1979 2751 2036 des unendlichen Paris eingeschlossen sind. Das verschob zu¬
2752 1985 3374 2053 kommen muß, um uns einen M
634 1987 1310 2085 Bremer Stadttheater.
1562 2014 2749 2093 nächst den Blickpunkt auf die schweren Ereignisse, und diese
2759 2044 3386 2092 Größe hat, während unsere ju
1573 2063 2757 2128 schleppten dann in einem so verzögerten Tempo über die
429 2056 1488 2137 Romain Rolland und Arthur Schnitzler
2760 2088 3374 2160 ihr Brünstchen brennen lassen.
1558 2109 2757 2174 Bühne, daß der Eindruck der Darstellung weit hinter dem
444 2115 1547 2197 Eine etwas kühne Zusammenstellung, der schmerzverzehrte
1559 2142 2755 2214 edes Buches zurückblieb. Von dem Sturm dieser ungeheuren,
359 2160 1555 2233 Apostel einer zukünftigen Zeit und der lächelnde Betrachter
1562 2201 2743 2248 Zeit vernahm man nichts, als das matte Klingen einer schücht
364 2217 1559 2283 einer untergegangenen, aber gerechtfertigt, weil sie sich hier
1564 2226 2754 2302 ternen Marseillaise. Das drückte auch auf die einzelnen Dar¬
373 2264 1557 2325 in einer stofflichen Gemeinschaft begegnen, den Tagen der
1561 2281 2751 2340 steller. Hans Gerlach blieb als Herr von Courvoisier reich¬
359 2296 1557 2367 ersten französischen Revolution. Ansonsten verschieden wie
1564 2314 2751 2375 lich trocken, war mehr ein würdiger Prediger als ein Mit¬
364 2345 1560 2411 Himmel und Erde. Bei Romain Rolland, der uns als Mensch
1565 2371 2755 2430 glied des Konvents. Willie Schmitt, behindert im Tempo,
365 2398 1558 2469 noch mehr bedeutet, denn als Künstler, die Ueberwindung
1561 2408 2757 2478 legte seine Angst in schmelzende Töne und machte so einen
363 2440 1552 2495 aller Kleinlichkeit durch die Kraft der inneren Sittlichkeit,
1565 2457 2749 2507 anderen Romeo. Bleibt noch Marianne Miersch, der die
358 2465 1566 2521 durch die Höhe des Gefühls; bei Schnitzler ein behagliches
1572 2501 2762 2554 strahlende Hoheit weit besser gelang als die hingebungsvolle
362 2521 1560 2577 Genießen gegebener Zustände, die nicht ohne Witz sogar noch
1563 2537 2753 2599 Liebe, die aber trotzdem ein schönes, tapferes und erhabenes
372 2568 1562 2621 überhöht werden. Hier ein Menschentum, das wegen der
1567 2576 2757 2647 Frauenbild schuf. Aus dem gedämpften Hoftheaterton der
378 2617 1567 2664 Inbrunst seines Wesens und der Lauterkeit seines Herzens
1563 2625 2747 2681 Uebrigen trat nur noch Walter Gußmanns derb angefaßter
361 2649 1560 2719 höchste Ehrfurcht gebietet; dort ein Dichter, der vielleicht nichts
1561 2674 2754 2744 Crapart und Karl Tröndles subalterner Carnot wesentlich
362 2706 1557 2762 Unvergängliches geschaffen hat, aber dem Theater seiner Zeit
1566 2709 1754 2772 hervor.
359 2733 1566 2814 eine Fülle lebendiger Gestalten geschenkt hat. So auch die
1649 2730 2750 2811 An demselben Uebel litt die Darstellung des Grünen
361 2791 697 2848 beiden Stücke.
1557 2794 2753 2867 Kakadu, der zu den wirkungsvollsten Theaterkunststückchen
443 2815 1559 2892 Romain Rolland schildert in einem großen Akt den Tag,
1564 2840 2744 2893 unserer Zeit gehört. Greller Widerschein des Theaters im
365 2878 1551 2934 an dem Danton verhaftet wird, an seinem Abglanz in der
1566 2886 2744 2935 Theater, überspitze Technik in überhitzter Atmosphäre. — Hier
367 2915 1556 2984 Familie des Herrn von Courvoisier. Zwischen ihn und seine
1557 2927 2752 2996 ging es sehr gemütlich zu, so gemütlich, daß statt des stür¬
373 2950 1557 3013 ebenso hochgemute Gattin tritt unvermutet ein Dritter, der
1566 2978 2747 3032 menden Fackelzugs nur zwei Theaterfunzelchen sinnlos an
371 3002 1555 3066 Flüchtling Claude Ballé, den Liebe an die reine Frau fesselt.
1552 3010 2751 3076 dem Fenster hin und her geführt wurden, immer vor und
373 3048 1545 3120 Der Gatte, selbst aufs höchste bedroht, rettet den Liebhaber,
1562 3055 2745 3118 zurück, vor und zurück, damit man ja nicht vergäße, daß man
369 3093 1558 3151 indem er ihm seinen eigenen Paß überläßt. Sie aber bleibt,
1555 3101 2739 3149 im Theater wäre. Atemlos springende Ereignisse, denen der
362 3131 1555 3196 nachdem sie das Opfer erkannt hat, und läßt den unmänn¬
1549 3137 2754 3202 Atem so sehr fehlte, daß man nicht im entferntesten an etwas
365 3176 1555 3242 lichen Liebhaber ziehen, um mit dem Gatten das Schaffot zu
1555 3184 2569 3247 Böses dachte, bis plötzlich die Revolution ausbricht.
371 3225 590 3286 besteigen.
1635 3212 2750 3278 In der Darstellung einiges sehr wirkungsvoll. Herbert
453 3281 2749 3326 Ein Vorwurf, der in unserer deutschen Literatur nicht Boehme gab einen heißeren Crasset von starken Maßen.
368 3312 2774 3390 neu ist, aber bei Rolland durch die tiefen menschlichen Be¬ Philipp Orlemann einen sehr vornehmen Herzog. Hans!
