3532 4256
2101 134 2565 227 box 15/5
334 138 2100 265 9.4. Der gruene KakaduZukins
1588 787 1879 883 Wiener Kunst.
2348 795 2462 889 337
1003 889 2470 971 eine seiner sympathischesten Leistungen aus jüngster Zeit. Den Paracelsus gab zuerst
993 958 2467 1025 Herr Robert mit einem starken Zug ins Dämonische und Große, später Herr
992 1004 2466 1063 Devrient, mehr geistreich und elegant. Die Frau des Waffenschmiedes spielte Frau
990 1063 2468 1100 Schratt in ihrer stilvollen deutschen Art, nach ihr Frl. Bleiberen, etwas herber und
1000 1110 2467 1167 schwerer im Ton. Als Junker verdient Herr Frank beiondere Erwähnung. Dieser
999 1156 2465 1214 junge Schauspieler, den Dr. Schleuther allen Anfechtungen der Kritik zum Trotz immer
988 1202 2472 1263 wieder vor dankbare Aufgaben stellt, scheint der guten Reinung des Direktors Geltung
991 1260 2458 1299 verschaffen zu wollen. Er war diesmal sehr frisch und uat##rlich, sprach warm und ein¬
1001 1291 2470 1386 dringlich und sah wieder sehr hübsch aus. Beim Publikum fand der graziöse Einakter
993 1349 1240 1427 viel Beifall.
1111 1379 2449 1465 Weitaus ernster und kräftiger in Zeichnung und Farbe ist der „Grüne Kakadu“.
1001 1456 2448 1517 Ein kühnes Genrebild mit jenem Humor, der aus Tragische streift, und jener Tragik,
988 1504 2453 1565 die zur Groteskawird. Während hinter der Szene die großen Ereignisse der französischen
986 1550 2455 1614 Revolution nur wie fernes Gewittern an unser Bewußtsein schlagen, entrollt sich auf
986 1597 2450 1675 der Bühne ein Stück Leben aus jenen Tagen, groß und schreiend in der Konzeption, grell
991 1643 2450 1723 und herb in den Kontrasten, zwischen blutigem Humor und blutiger Tragik schwankend.
999 1707 2464 1753 In der Wirtsstube zum grünen Kakadu spielen beschäftigungslose Schauspieler den
982 1751 2451 1819 Aristokraten und Bürgern Schreckensszenen vor. Sie überbieten sich in der kühnsten
1039 1805 2449 1857 schanung ihrer Phantasie, immer neue Mord= und Greuelszenen zu erfinden. In den
984 1812 2457 1907 Tagen, da der Aufruhr sich durch die Straßen von Paris wälzt, da der Mord und die
986 1896 2455 1961 Gewaltthat fast zum Recht geworden, bilden Mord und Grausamkeiten den Inhalt eines
983 1946 2448 1999 Spieles, das die Sinne kitzeln soll, und die Tragik von der Straße wird zum Satyrspiel
994 1993 2445 2051 der Spelunke. Nichts vermöchte die leichtsinnige und sorglose Verworfenheit des fran¬
987 2062 2458 2112 zösischen Adels jener Zeit schärfer und abstoßender zu zeichnen, als dieses frivole Spiel mit
991 2101 2431 2156 Menschentartung, diese cynische Seelenflagellation, in der die ganze geistige und mo¬
994 2143 2452 2212 ralische Entartung der Revolutionszeit hervortritt. Von diesem Milieu eingefaßt spielt
992 2196 2444 2261 eine tragische Anekdote, die an Tabarin gemahnt, vielleicht auch ein wenig an Narciß.
982 2254 2451 2320 Der genialste unter dieser Komödiantenbande, Heuri, liebt die Schauspielerin Leocadie und
987 2292 2443 2344 heiratet sie. In einer seiner Szenen erzählt er, daß er seine Frau mit dem Herzog von
989 2342 2454 2409 Carvignac überrascht und den Herzog ermordet habe. — Henri weiß nicht, daß seine
981 2397 2446 2445 Frau wirklich die Geliebte des Herzogs ist, erfährt dies nun, und sticht den kurz dar¬
1002 2440 2447 2514 nach eintretenden Herzog jieder nieder. Da der anwesende Kommissär eben Heuri ver¬
983 2487 2448 2530 haften will, dringt die Nachricht von der Erstürmung der Bastille in die Schenke — die
975 2541 2440 2612 Adelsherrschaft erscheint gestürzt, und unter dem wüsten Freiheitsjubel der herein¬
978 2587 2445 2657 dringenden Volksmassen bricht Henri verzweifelt zusammen. Mit viel Kraft und ver¬
976 2618 2443 2706 blüffender szeuischer Geschicklichkeit ist dieses Bild entworsen. Es hat starke Essekte, die
976 2682 2447 2741 trotzdem nicht rein theatralisch wirken, eine Gefahr, der der Dichter durch die prächtige
981 2741 2441 2797 Charakterisierung der einzelnen Figuren glücklich entronnen ist. Alle die einzelnen dieser
977 2786 2437 2846 verlumpten Komödiantenrotte haben ihren Individualismus, sie sind sein auseinander¬
979 2833 2441 2898 gehalten, ihre Verworfenheit ist kein gemeinsamer Typus. Die genialste Figur ist wohl
977 2878 2446 2935 Graim, ein wirklicher Mörder, der vom Zuchthaus entlassen wurde — aber unter den
982 2934 2447 3006 gespielten Mördern eine klägliche Rolle spielt. Er erzählt die wirkliche Geschichte, wie er
986 2989 2442 3048 seine Tante umgebracht, und der anwesende Dichter Rollin meint: „Der ist schwach, das
982 3033 2435 3084 ist ein Dilettant.“ An solchen geistvollen, grotesken Einfällen und Situationen ist das
982 3084 2447 3137 Stück überreich. Und alles dies ist bunt durcheinander gewürfelt, mit sicherer Wirkung
972 3109 2439 3184 der Kontraste, die sowohl in den Situationen wie auch in den einzelnen Personen liegen.
984 3177 2448 3239 Mit sprunghafter Schnelligkeit pendelt die Stimmung zwischen Ernst und Scherz,
