3436 4256
344 214 1971 318 9. 4. ber pruene Kakaan ZvkIns
2125 223 2590 314 box 15/6
1791 1125 3031 1207 reizen können, soll es einen künstlichen Verbrecherkeller geben; die
892 1134 1503 1212 Deutsches Theater. #
1793 1179 3030 1229 vornehmen Herrschaften amüseren sich darüber, wenn Schmierenschau¬
733 1192 1635 1257 Drei Einakter von Arthur Schnitzler.
1796 1217 3038 1286 spieler, als Verbrecher verkleidet, roh und gemein mit ihnen ver¬
595 1226 1776 1303 F. M. Das feine kleine Schauspiel „Die Gefährtin“ das
1798 1255 3021 1324 kehren und eingelernte Spitzbubenstreiche zum Besten geben. Schnitzler
536 1281 1777 1350 den Abend eröffnete, gefiel recht gut und machte auf die auf¬
1785 1285 3028 1348 hat nun den kecken Einfall gehabt, diesen nachgemachten Ver¬
543 1318 1776 1377 merksamen Zuhörer einen tiefen Eindruck. Die Groteske „Der
1787 1327 3020 1401 brecherkeller nach dem Paris von 1789 zu verlegen. So hatte
536 1362 1779 1411 grüne Kakadu“, die darauf folgte, fand stürmischen Beifall und
1781 1377 3030 1420 er den Vortheil, alle seine lustigen Possen scheinbar historisch
532 1383 1771 1458 hob die Stimmung so, daß das letzte Stückchen des Abends, das
1783 1401 3028 1470 mit einem fast revolutionären Morde und dem Siegesjubel
527 1436 1526 1489 Versspiel „Paracelsus“ nicht geradezu durchfiel.
1787 1446 3030 1505 über die Erstürmung der Bastille abschließen zu können.
588 1458 1767 1521 Nur in der ersten der drei ungleichen Gaben tritt uns der uns
1787 1476 1871 1520 So
1866 1471 2687 1534 lange die Possen währten, erhielten
2678 1491 3028 1542 sie durch den
533 1474 1768 1567 schon wohlbekannte und immer gern gesehene Arthur Schnitzler, der
1793 1515 3032 1580 politischen Hintergrund einen hübschen, übermüthig satirischen Bei¬
529 1530 1773 1602 kluge Zeichner schwacher Wiener Männer und noch schwächerer, aber
1792 1561 3029 1593 geschmack. Der Wirth (Herr Fischer) des Kellers zum grünen Kakadu
532 1579 1772 1640 liebenswürdigerer Wiener Frauen, entgegen. In den Geleitworten,
1784 1592 3029 1647 wirft den Gästen gefährliche Drohungen ins Gesicht, und sie lachen dazu;
522 1605 919 1659 welche Hugo v.
934 1613 1221 1668 Hoffmannsthal
1226 1618 1465 1673 Schnitzlers
1469 1622 1773 1678 erstem Buche,
1785 1629 3018 1682 ein wahrhaftiger Mörder (Herr Rittner machte ein Kabinetsstück aus
525 1647 1763 1711 der Sammlung dramatischer Plandereien, vorausschickte, heißt es:
1778 1668 3005 1733 dieser Figur) hat im grünen Kakadu sein erstes Debüt als Darsteller,
527 1698 1764 1748 „Also spielen wir Theater, spielen unsere eigenen Stücke, ... die Komödie
1778 1694 3005 1758 und seine Wahrheit wird für Diletanttismus genommen. Schließlich
534 1720 1767 1787 unserer Seele, unseres Fühlens Heut und Gestern.“ In jener Sammlung
1788 1740 3011 1792 verwirren sich Spiel und Wirklichkeit ganz ähnlich wie in Leoncavallos
527 1767 1762 1819 „Anatol“ wie in seinen späteren Dramen hat Schnitzler seine eigenen
1783 1785 3012 1823 „Bajazzi“. Der Star des grünen Kakadu ist Henri (Herr Kainz); Henri
528 1789 1758 1859 Stücke spielen lassen; immer ist es das Verhältniß zwischen einem
1778 1803 3007 1883 hat eben eine schöne Schauspielerin (Frau Reisenhofer) geheirathet,
527 1832 1762 1892 blasirten, melancholischen Liebhaber aus der Welt der Bildung, der
1776 1852 3005 1919 und in seiner erregten Phantasie fällt ihm just ein, daß
518 1875 1761 1929 Ordnung und der Sitte und einem liebebedürftigen Weibe aus einer
1771 1889 3006 1951 ein Herzog Soundso der Liebhaber seiner Frau sei und daß er ihn
529 1909 1016 1963 anderen Welt. Wagte
1010 1908 1757 1982 sich Arthur Schnitzler einmal an
1782 1924 3021 1989 ermordet habe; das trägt er als falscher Verbrecher vor. Bald jedoch
519 1940 1038 2002 ein stärkeres Problem,
1144 1959 1759 2018 ging der Held gewiß an
1768 1962 3015 2020 ermordet er den Herzog thatsächlich. Einige wohlfeile Theaterkniffe
528 1973 1417 2042 seiner Halbheit zu Grunde, wie auch
1416 1990 1761 2047 Anatol niemals
1770 1992 3009 2069 um die Erstürmung der Bastille stellen die Verbindung zwischen
531 2026 1752 2085 recht glücklich wird, weil er nir ein halber Don Inan ist. Gut
1768 2043 3011 2105 Spiel und Leben her. Dieser Uebergang zur blutigen That
514 2072 1753 2121 gezeichnet waren diese verlebten Lebemänner und ihre süßen Mädel
1764 2071 3003 2134 ist von außerordentlich starker Theaterwirkung. Schnitzler hat
529 2100 1752 2162 immer, besonders die letzten. Diesmal lernen wir das Weibchen, um welches
1769 2108 3014 2148 damit bewiesen, daß er nicht nur eigene, daß er auch fremde
517 2130 1754 2187 sich die Geschichte dreht, leider nicht kennen. Beim Aufgehen des Vor¬
1771 2148 3001 2214 Stücke spielen kann, daß er selbst die Trucs des altgewordenen
516 2170 1759 2240 hanges kommt Professor Pilgram (Herr Nissen) schon von ihrer Beerdigung
1765 2180 2271 2236 Sardou nicht verschmäht.
2274 2196 3001 2243 Er mag es mit seinem Gewissen.
514 2213 1756 2271 zuruck. Sie war seine Frau. Ein Jahr lang hat er mit ihr froh
1759 2221 2995 2284 abmachen, daß er die welthistorische Erscheinung der großen franzö¬
519 2246 1754 2295 gelebt als ein verliebter Ehemann und dann noch zehn Jahre es ge¬
1761 2253 2998 2325 sischen Revolution zu einem bloßen Theatereffekte ausmünzt. Historisch
517 2289 1744 2353 tragen, daß sie sich ihm entfremdete, wie er ihr, daß sie ihn mit
1760 2289 3011 2361 ist seine Arbeit dadurch nicht geworden; mit einem erstaunlichen
515 2314 1756 2390 seinem Assistenten (Herr v. Winterstein) betrog. Ihr Tod ist
1760 2335 3003 2409 Mangel an geschichtlichem Sinn hat er Männer und Frauen fin de
510 2352 1749 2422 ihm nicht nahe gegangen; er hätte sie längst gern freigelassen.
1769 2373 2998 2448 siecle, hat er unsere werthen Zeitgenossen in die so eigenartige
518 2391 1757 2453 Er ist wahrscheinlich Professor der Psychologie und sagt sehr
1759 2412 2351 2456 Revolutionszeit hinein verflanzt.
510 2430 1753 2496 klug, seine Frau wäre nicht zur Gefährtin, sondern zur Geliebten ge¬
1802 2439 2998 2500 Ebenso unhistorisch, doch lange nicht so lustig ist das Versspiel
510 2468 1745 2529 schaffen gewesen. Auf seinen Assistenten ist er nicht böse. Plötzlich
1760 2478 2996 2556 „Paracelsus". Daß Schnitzler aus dem berühmten Arzte Theophrastus
519 2498 1744 2568 muß er da erfahren, daß dieser Asfistent die Verstorbene gar
1758 2518 2999 2599 Bombastus Paracelsus, der nur zehn Jahre jünger war als Luther,
524 2532 1747 2602 nicht ernsthaft geliebt hat, daß er sich, während er mit der
1756 2552 3003 2623 einen modernen Hypnotiseur gemacht hat, werden ihm vielleicht
511 2586 1742 2651 Frau Professor liebelte, ernsthaft um irgend ein reiches Mädchen
1765 2594 2992 2656 nur Kenner der Medizingeschichte übel nehmen, daß aber
512 2627 1733 2681 bewarb, daß die Professorsgattin um alle diese Sachen wußte. Solche
1767 2631 2997 2692 ein solcher Anachronismus zu nichts weiter führt als zu einem paar
516 2657 1745 2717 Frivolität geht dem philosophischen Professor doch über den Spaß.
1763 2668 2998 2742 niedlichen Scherzen und zu einem unklaren Lustspielchen, das hätte
515 2695 1742 2759 Jetzt erst weist er dem Hausfreund die Thür, und mit einem hörbaren
1765 2704 2534 2750 beinahe den Erfolg des Abends verdorben.
520 2718 1747 2804 Seufzer der Erleichterung geht er am Ende des Stückchens ganz
1802 2742 2984 2810 Die gute Darstellung konnte diese preziöse Kleinigkeit nicht retten,
507 2763 1732 2829 prosaisch zu Bett. Alles, was in diesem Vorgang echter Schnitzler ist,
1754 2774 2995 2832 wenn auch Fräulein Dumont und Herr Kainz ihr Bestes thaten.
503 2809 1734 2863 war fesselnd durch die wahren Charaktere und die natürliche Sprache.
1748 2811 2989 2886 Herr Kainz wurde im zweiten Stücke sehr gefeiert; einige Sätze über
503 2838 1736 2902 Man konnte leicht übersehen, daß des Professors rasch vorübergehende Ent¬
1753 2853 2986 2908 den genialen Schauspieler Heuri rissen nicht nur die Galerie zu
501 2871 1738 2943 rüstung grundlos war, wenn seine Frau wirklich nur das Zeug zu
1753 2893 2984 2957 demonstrativem Beifall fort. Allen Zauber seiner Persönlichkeit schien
504 2908 954 2963 einer Geliebten hatte.
953 2925 1730 2971 Weniger glücklich stand zwischen den
1758 2928 2987 2985 mir aber Josef Kainz in den großen Heilkünstler hineinzulegen, wie er
505 2943 1727 3007 beiden Männern eine Dame, die aus Ibsens Norden nach Wien
1752 2959 2991 3030 sich ihn dachte, in den Paracelsus, der Männer und Frauen mit seinem
504 2990 1737 3053 verzogen zu sein schien, und aus der weder der Autor noch
1752 2999 2981 3074 Blicke zu bannen weiß; Kainz versuchte mehr aus der Rolle heraus¬
499 3020 987 3075 Fraulein Sarrow, die
987 3029 1731 3088 sie spielte, etwas zu machen wußten.
1739 3030 2995 3120 zuholen, als in ihr war. Es wäre traurig, denken zu müssen: der
495 3062 1728 3125 Herr Nissen als Professor war vorzüglich; man sah und hörte ihm
1749 3080 2990 3157 Paracelsus ist die letzte Gestalt, die Kainz in Berlin neu ge¬
499 3113 1722 3177 den geistigen Arbeiter an, der vielleicht in seiner Jugend auch ein
1738 3110 1989 3164 schaffen hat.
496 3136 1069 3190 halber Don Juau gewesen ist.
548 3174 1743 3237 Der Erfolg des Abends war „Der grüne Kakadu“ auf welchen ja
503 3195 1736 3279 auch ein wieder zurückgenommenes Polizeiverbot die Neugier recht ge¬
497 3239 1732 3315 spannt hatte. „Mal was Anderes.“ konnte man rufen hören, und
500 3281 1732 3355 mit diesem Lobe pflegen Berliner Theaterbesucher ihre höchste Zu¬
492 3311 1729 3385 friedenheitlauszudrücken. Schnitzler wollte einmal etwas Anderes bringen,
489 3352 1742 3424 als die eigenen Stücke, als die Komödie unserer Seele; und er hat einen
499 3403 1734 3463 originellen Einfall originell und geschickt für die Bühne gestaltet.
497 3426 1740 3493 In einer europäischen Hauptstadt, wo die dekadenten, reichen jungen
481 3476 1734 3539 Leute gar nicht mehr wissen, womit sie ihre kranken Nerven noch
