3392 4352
1445 124 1868 214 box 15/1
799 131 1305 206 iene Kakadu
237 139 1301 241 9. 3. eententee
1203 839 1848 939 a ldtas
1159 1054 2143 1119 Mile Ellen Andree de ia verve. Hauht i Mrei7
1159 1084 2183 1175 teint, II a lan de Tabbe Naudin un grand, pur
641 1044 1091 1258 gern ieee
1159 1154 1615 1220 el prüden Lehraelere.
1205 1170 2168 1248 La plus originale des trois comédies est cer¬
746 1162 957 1287 ehal
1167 1236 2174 1288 tainement Au Perroquet Vert, qui nous vient
1159 1276 2174 1338 de Munich. Elle y.a cu beavcoup de succès et
1925 1319 2179 1373 la mise
1168 1327 1920 1380 en aura beaucoup, surtout avec
1160 1364 2178 1432 en scène mystéricuse et réaliste, tumuliueuse
1160 1414 1716 1474 que M. Antoine a réussie.
1201 1440 2173 1512 Quelle idée ingénieuse quc d’avcir supposé,
1161 1497 2175 1554 en 1789, le soir mème de la prise de la Bas¬
1161 1538 2171 1604 tille, l’explosion révolutionnaire dans les ca¬
1171 1585 1886 1653 veaux d’un Bruant de L’époque!
1199 1612 2174 1684 Le cabaretier Prosper y donne, sous T’aspect
1167 1664 2182 1718 de la vie ordinaire, un speclacle de comédic et
1175 1708 2172 1766 de drame à sa riche elientèle, les aristocrates,
1161 1761 2166 1820 attirés aufour de ces tables vineuses par l’ap¬
1173 1793 2180 1857 pät de l’étrangeté ei de l’invective. (Ces goüls
1179 1846 2168 1910 sont de tous les temps !) Les acleurs, consom¬
1171 1885 2176 1945 mateurs aussi, feignent de raconter tout haut,
1179 1925 2184 1991 comme des événements personnels, des crimes
1174 1976 1574 2041 qalils imaginent.
1213 1997 2183 2067 Didier est le plus couru et le plus surpre¬
1168 2064 2190 2132 naut de tous. II vient d’épouser Léocadie, unc
1176 2117 2181 2168 fille de l’Opéra, qui le trompe avec tout le
1175 2151 2189 2197 monde, et particulièrement avec le duc de-Ca¬
1167 2180 2192 2244 dignan. Didier l’ignore; mais avec ces pres¬
1177 2225 2190 2297 senliments obscurs de la jalousie, il invente
1179 2285 2191 2342 cesoir la scöne veridique, et suppose qulil a
1168 2317 1844 2381 surpris et assassiné son rival.
1218 2356 2183 2424 Pendant ce temps, en tempéte, hurlant, ges¬
1166 2404 2175 2468 liculant, farouches et meurtriers, les héros de
1169 2443 2184 2502 la journée mémorable envahissent les caveaux.
1178 2498 2186 2556 Le commissaire croit que la représentalion con¬
1174 2528 2189 2589 tinne el il veut T’arrêler comme sédilieuse. Mais
1166 2587 2175 2630 Prosper lui crüche au visage la vérité. Le po¬
1174 2616 2202 2693 pulo est vengé, les prisonniers de la Bastille
1173 2661 2201 2714 sont libres. El Ie cabarctier continue; dupé, mni 1
1179 2710 2184 2783 aussi, par T’accent sincère de Didier, il lui crie
1176 2762 2188 2813 qulila en bien raison de tuer le duc, qu’il étail,
1179 2793 2177 2850 en effet, T'amant de Léocadie... Didier reçoit le
1171 2820 2230 2897 coup au moment meme ou entre Cadignan. II
1221 2915 1481 2978 WU
1976 2927 2081 3023 S
1175 3033 2188 3100 le poignarde. Les aristocrates tirent leurs épées
1183 3102 2184 3147 et le rideau tombe,sür une melée inexprimable.
1214 3131 2187 3179 M. Marquet mäintient à la physionomie de
1186 3175 2191 3226 Didier son éloquence déclamatoire. M. Matrat
1179 3214 2185 3262 (Prosper) est hypocrite et rancunenx à souhait.
1177 3258 2179 3314 Le duc de Cadignan nous charme par son 6lé-
1182 3297 2187 3359 gance corrompue, gräce à M. Signoret qui, en
1187 3354 2188 3402 hon comédien (il était tout à Theure le vulgaire
1176 3386 2181 3445 Masseron) possede Tart des métamorphoses. M.
1179 3433 2197 3481 Degeorge a, comme tonjours, de la véhémence
1186 3482 2197 3531 et de T’ampleur. Mile Jeanne Lion est forl gra¬
1190 3509 2206 3573 cieuse en chevalier de La Trémoufffe. Ltocadie
1192 3569 2192 3622 (Mlle Van Doren) apparait un délice d’incon¬
1192 3613 2194 3657 science charmante. La perverse et frivole mar¬
1181 3644 2209 3708 quise de Lansac nous fut restituce, avec tout le
1186 3701 2204 3738 charme possible, par Mile Grumbach. Chez
1189 3738 2202 3792 tous, on sent que veillent non seulement &lün
1194 3778 2195 3827 du maitre v, mais son conseil perspicace, son
1186 3827 1885 3884 incomparable science du thiéälre.
1851 3855 2162 3933 JULES BOIS.
2196 1828 2261 1894 1
2331 1094 2800 1309 CL. LL10,
2869 1247 2912 1295 645
