3436 4256
440 209 1650 282 diesen blutleeren Menschen wenigstens ein äußerlich charakte¬
443 271 1657 323 ristisches Merkmal zu geben, was man jedoch von Fräulein
448 316 1654 375 Hochthal, die allein die edle Weiblichkeit in dem Stück zu
441 362 1662 416 verkörpern hatte, nicht sagen kann, da sie zu farblos und dilet¬
440 406 1661 473 tantenhaft wirkte. Der Verfasser wurde mit den Darstellern
444 449 1664 507 über ein halbes Dutzend Mal nach jedem Akt gerufen. Zum
450 496 1397 570 Glück hatte das Schauspiel aber nur deren drei.
535 565 1676 641 G. Z. Am Sonntag Abend hat das Belle=Alliance¬
437 631 1655 686 Theater mit einer recht gut abgerundeten Vorstellung der
449 675 1658 738 „Journalisten“ wieder eine Periode seiner wechselvollen
451 723 1660 770 Geschichte abgeschlossen: Herr Georg Droescher hat von der
445 759 1668 815 Stelle Abschied genommen, an der er, ein muthiger Kämpfer
449 804 1668 865 gegen die Unglücksgeister, die diesem Theater bisher das Leben
451 857 1656 906 erschwert haben, zwei Jahre ehrlich und voll ernsten Eifers für
446 900 1664 958 die Kunst gestitten hat. Woran es liegt, daß sein schönes
455 937 1647 1003 Streben nicht von dem Erfolg gekrönt ist, den es verdiente,
451 981 1652 1034 ist schwer zu sagen. Die Presse hat ihm von vornherein mit
449 1025 1660 1081 Einmüthigkeit Beifall gespendet, die Theaterräume sind in
445 1067 1659 1123 gutem Stande und ein angenehmer Aufenthaltsort, der Spiel¬
450 1120 1651 1170 plan war stets mit Geschmack und Geschick aufgestellt, die Vor¬
457 1154 1660 1206 stellungen immer mit Sorgfalt einstudirt. Aber es ist eine
446 1205 1656 1257 eigenthümliche Sache mit den nicht im Zentrum gelegenen
446 1248 1652 1298 Theatern in Berlin. Statt daß die Bewohner der an der
452 1290 1655 1341 Peripherie gelegenen Stadttheile es dankbar anerkennen, wenn
459 1334 1659 1384 sie nicht zum Berge zu gehen brauchen, sondern der Berg zu
453 1373 1667 1419 ihnen kommt, machen sie lieber nach wie vor in alter Gewohn¬
444 1420 1667 1466 heit die lange Reise ins Innere der Stadt. Zum wenigsten
451 1459 1662 1509 braucht es lange Zeit, um diese alte Gewohnheit zu über¬
459 1509 1664 1557 winden, und Zeit ist Geld und theures Geld bei einer
448 1550 1658 1600 Pacht, wie sie das Bellealliance=Theater erforderte. Mit dem
448 1595 1662 1651 Bewußtsein, nicht nur Gutes gewollt, sondern auch Gutes ge¬
451 1639 1659 1681 leistet zu haben, scheidet Herr Droescher, und der Platz, an
448 1675 1660 1762 den er non jetzt an gestellt ist, bietet ihm reiche Gelegenheit,
1184 1722 1660 1797 #hethätigen Der Be¬
1756 959 2894 1048 as. München, 30. April. Mit ihrer Schlußvorstellung
1669 1011 2890 1085 hat die literarische Gesellschaft Glück gehabt. Zum
1687 1084 2884 1132 größeren Theil ist sie dasselbe dem königlichen Residenz¬
1683 1120 2882 1169 Theater, das die von ihr ausgewählten Stücke zu vollendeter
1675 1154 2893 1226 Darstellung brachte, schuldig. Der erste Einakter „Der
1686 1201 2901 1253 Traum eines Frühlingsmorgens“ von Gahri#####
1681 1236 2878 1315 d Annunzio war ein Fehlgriff. Ganghofer hat die etwas
1687 1284 2889 1349 schale, durch grelle Effekte gewaltsam in Wallung versetzte
1682 1331 2897 1403 Lyrik, die den Hauptinhalt des „Dramas“ ausmacht, recht fein
1686 1376 2892 1428 und glatt übersetzt, aber das ist noch lange kein Grund, der¬
1672 1429 2890 1475 artige geschmacklose Unbedeutendheiten auch dem Publikum
1684 1479 2899 1528 vorzusetzen. Mit aller Entschiedenheit wurde denn auch die
1677 1504 2886 1563 ganze tief= und hoch=, eigentlich unsinnige Jeremiade abgewiesen.
1677 1556 2894 1605 Was in das einmüthige Zischen sich an Beifall mengte, galt
1682 1602 2894 1654 Frl. Schwarz, die als Wahnsinnige überraschte durch die
1684 1632 2888 1704 geistreiche und maßvolle Ausgestaltung ihrer dem sonst vor¬
1683 1699 2894 1749 wiegend von ihr gepflegten Fach so fern als möglich liegenden
1677 1722 2883 1793 Rolle. „Brava Schwarz“, „A basso sogno“ hörte man rufen.
1682 1765 2896 1827 Verdientermaßen. Aber schon beim zweiten Stück hob sich die
1678 1813 2895 1871 Stimmung. „Mein Fürst!“ Ein Akt von Wilhelm von
1687 1863 2888 1912 Scholz, einem 1874 geborenen Berliner, der, nachdem er kurze
1681 1894 2895 1965 Zeit Offizier gewesen, nun in München dem Dienst der Musen
1692 1954 2887 2001 obliegt. Sie scheinen ihm nicht ungnädig. Der eine Akte, richtiger
1689 1988 2895 2033 die eine Szene ist gut geschrieben und dreht sich um einen guten
1693 2028 2888 2084 Gedanken. Freilich hat Marquis Posa dem wackern
1693 2073 2885 2127 Bibliothekar Berg den Appell an die Einsicht der Fürsten
1695 2122 2890 2178 schon vorweggenommen. Doch versucht Scholz das Gescheite,
1691 2153 2890 2226 das ja Alles schon einmal gesagt worden, auf hübsche und
1696 2216 2896 2263 originelle Weise wieder zu sagen. Tiefe Wirkung werden seine
1683 2249 2899 2312 Worte thun, wo immer sie von einem Possart so warm und
1687 2299 2899 2350 eindringlich gesprochen werden, wie das bei der gestrigen Erst¬
1699 2337 2895 2391 aufführung der Fall war. Der Geschichtslehrer Bibliothekar Dr.
1690 2392 2886 2439 Berg kommt, um den Fürsten, seinen vormaligen Schüler, zu
1692 2425 2900 2485 bitten, ihn in dem Aemtchen zu belassen, das er durch eine
1699 2470 2893 2525 aufrührerische Rede bei einer Veitsversammlung verwirkt hat.
1695 2507 2898 2566 Aber vom Bitten geht er unwillkürlich zum Mahnen über,
1693 2554 2892 2613 läßt sich im Drange der Erkenntniß fortreißen zu ernster Rüge
1698 2602 2899 2665 und opfert seine Stellung schließlich, der Freundwilligkeit des
1693 2653 2901 2716 im Innersten bewegten und angeregten Fürsten zum Trotz,
1694 2688 2899 2749 seiner Ueberzeugung. Soll seine Warnung nicht verhallen,
1701 2733 2900 2795 so muß er ihr Märtycer bleiben. Alle die feinen Ueber¬
1690 2785 2898 2846 gänge erwuchsen bei Possart. mit Naturnothwendigkeit
1694 2844 2888 2880 aus einander. Er lebte die Rolle, und das Publikum,
1697 2865 2896 2921 völlig unter dem Banne seiner meisterlichen Leistung, lebte sie
1697 2906 2894 2953 mit ihm. Erst als der Vorhang fiel, löste sich die athemlose
1697 2958 2894 3004 Spannung, mit der man gelauscht, in minutenlangen stürmischen
1696 2995 2893 3056 Beifall. Mit Possart und Lützenkirchen der den Fürsten
1699 3035 2899 3090 elegant gab, erschien mehrmals der Autor, der mehr als bei
1701 3077 2908 3135 den Zuschauern bei den Darstellern sich zu bedanken hat. Wie
1699 3126 2910 3195 viel bei dem außerordentlichen Erfolg des dritten Stuckes, des
1696 3170 2903 3232 „grünen Kakadus“von Schnitzler, auf Rechnung der Regie
1697 3215 2892 3270 kommt, die Savits, nach längem Leiden seinem Berufe zu
1699 3256 2903 3318 allgemeiner Freude wieder geschenkt, als Probe seines un¬
1698 3292 2903 3368 geminderten Könnens führte, ließe sich nur im Vergleich mit
1706 3353 2902 3406 auswärtigen Aufführungen dieses scharf gezeichneten Zeitbildes
1701 3403 2904 3441 entscheiden. Im Münchener Residenztheater waren alle Mit¬
1708 3442 2911 3485 wirkenden lebensprühenden Typen, denn man hatte die besten
1697 3482 2904 3534 Kräfte für jede kleinste Partie verwendet. Häusser gab den
1706 3529 2908 3574 Scaevola, Frau Ramlo die Georgette, Frl. Dandler die
1702 3558 2908 3622 berückende lose Leocadie, Lützenkirchen den Protagonisten
1695 3607 2915 3673 Henri, Stury in trefflicher Maske den Demagogen
1701 3660 2909 3712 Grassel, Rohde den Vicomte, Rémond sehr gut ge¬
1700 3690 2911 3752 schminkt den Herzog, Frl. Swoboda die Marquise. Jeder
1696 3737 2905 3791 Einzelne erschien ganz in seinem Element wie geschaffen für
1707 3776 2911 3838 die just ihm zugetheilte Rolle, und Alle spielten mit einer Lust
1710 3820 2908 3888 zur Sache, die unbedingtes Gelingen bringen mußte.. Be¬
1713 3867 2911 3930 sondere Erwähnung gebührt dem Wirth Basils und dem zum
1713 3924 2911 3966 Gruseln echten Strolch Trautschs. Die Gesammtinszenirung
1699 3971 2908 4012 und Einstudirung, zu welcher der Rokokorahmen des Theaters
1706 4008 2906 4073 vorzüglich stimmte, ist ein Schaustück, das während der
1705 4052 2590 4110 Fremdenzeit sich als Zugstück erweisen dürfte.
