3484 4192
1431 131 1862 236 box 15/2
712 142 1282 231 ruene Kakadu
227 175 1287 255 9.3. Der m
582 695 1256 788 PESTER LLOYD
608 770 1803 853 so wirg, so auf den Kopf gestelt, wie hier im krägerschen
587 841 736 913 Spiel.
668 887 1771 946 Ein Grundgedanke? Es gibt keinen anderen, als etwa
596 944 1772 990 den; das Leben ist unberechenbar in seiner wilden Narrheit,
595 976 1773 1032 Schein und Wirklichkeit — wer wagt es, sie abzugrenzen? In
592 1030 1779 1076 einem anderen dieser Trugspiele sagt es der Dichter selbst:
596 1066 1780 1127 „Was ist nicht Spiel, was wir auf Erden treiben, und schien
584 1110 1783 1180 es noch so groß und tief zu sein ... Wir spielen immer, wer
578 1153 945 1234 es weiß, ist klug.“
683 1170 1781 1259 Die Darstellung und auch die Regie brachte das Wesent¬
592 1241 1781 1294 liche zu anschaulicher Wirkung. Aber nur das Wesentliche.
592 1278 1779 1342 Man könnte auch sagen, nur das leicht Erreichbare. Und auch
585 1313 1782 1386 dies mit allzu dick aufgetragenen Farben. Mit dieser
596 1373 1780 1423 Einschränkung ist das Spiel der Herren Csortos, Vägs,
594 1419 1792 1496 Vändory, Rätkai, Papp und der Damen Bäthory
585 1461 1137 1524 und Méßäros zu loben.
586 1484 1766 1585 2. „When knights were bold“ („Régi jó idök“).
696 1572 1665 1627 Komödie in drei Akten von Charles Marlowe.
667 1599 1780 1680 Das zweite Stück, das der Abend brachte, erschöpft sich in
593 1663 1764 1717 einem matten Kostümscherz und einem nicht mehr neuen Ein¬
590 1703 1742 1765 fall. Ein junger Lord träumt sich in die versunkene We
588 1746 1729 1810 seiner Ahnen zurück, da die „Ritter kühn waren“, wie der #
588 1805 1754 1859 erläutert. Nun steht er im Smoking auf einem alten Burgho
588 1846 1771 1900 von gepanzerten Vafallen umgeben und ist höchst bestürz.
598 1883 1782 1935 darüber, daß es hier weder Whisky, noch ägyptische Zigaretten
603 1925 1768 1986 gibt. Man denkt an „Niobe“, die aus gleichen Zeitverschiebun¬
589 1960 1770 2035 gen weis geistvollere Effekte zieht und auch an Herczegs
593 2022 1773 2080 „Sirius“, der denselben Einfall gefälliger und phantastischer zu
588 2051 1797 2123 nützen weiß. Mit der Komik der Situation selbst ist man in
591 2099 1786 2161 fünf Minuten gesättigt und empfindet das unaufhörliche
599 2142 1781 2203 Drehen und Wenden eines und desselben Witzes umso peinlicher,
590 2211 1786 2252 je mehr Herr Z. =Molnär in der Hauptrolle durch Purzel¬
591 2215 1781 2290 bäume und ähnliche künstlerische Feinheiten die Galerie er¬
593 2294 1782 2338 heitert. Auch der naive Regiespaß, die Gestalten der Vorzeit
588 2319 1771 2389 im deklamatorischen Singsang der Klassikeraufführungen an
587 2365 1779 2414 Schmieren sprechen zu lassen, konnte nur in den dankbaren
595 2425 1779 2472 oberen Regionen gewürdigt werden. Die Damen Bäthory,
1580 2454 1776 2507 Kör¬
595 2452 1406 2507 Méßäros, und die Herren Vagö,
590 2460 1772 2558 mendy, die noch mittun müßten, dürften dieser überflüssigen
590 2545 1164 2612 Mühe bald enthoben werden.
672 2637 1774 2716 (Königliches Opernhaus.) Herr Fritz Feinhals,
594 2714 1781 2778 der vielhewunderte Gast unserer Oper, trat heute zum letzten
580 2742 1771 2818 Male in diesem Spieljahre auf. Der Abschied von diesem
588 2792 1769 2861 Künstler, dem man eine ganze Reihe unvergeßlicher Abende
590 2836 1774 2891 dankt, wird nur durch die erfreuliche Tatsache gemildert, daß
587 2872 1781 2932 ein längeres Gastspiel im März des nächsten Jahres bereits
593 2927 1780 2981 vereinbart ist. Das Publikum aber, das hievon nichts wußte,
593 2972 1777 3027 gab ihm heute seine Verehrung und Dankbarkeit in so enthusia¬
594 3018 1772 3084 stischer Weise zu erkennen, als sei es ein Abschied für immer.
594 3055 1775 3125 Herr Feinhals sang den Sachs und es muß so wenig gesagt
591 3100 1767 3156 werden, daß er wieder nur eitel Entzücken weckte, so wenig ein
592 3143 1781 3198 weiteres Wort zum Preise dieser Gestaltung nottut, die in ihrem
584 3190 1769 3248 Gefühlsreichtum und ihrer musikalischen Vollendung zum
595 3232 1766 3292 Schönsten gehört, was die heutige Opernbühne zu bieten ver¬
595 3272 1761 3343 mag. Beifallsstürme ohne Ende durchbrausten das Haus ni
588 3318 1709 3380 nur nach allen Aktschlüssen. So oft auf der Bühne die Zi¬
586 3371 1723 3428 oder das Volk Nürnbergs ihrem Sachs zujubelten, ergriff
592 3399 1751 3466 Publikum die Gelegenheit, um spontan in die Huldigung einz.
597 3470 1772 3515 fallen. Man vergaß heute sogar die eilige Flucht in die Gar¬
594 3481 1792 3574 deroben und rief Herrn Feinhals noch ganz am Schlusse wohl
582 3544 1168 3614 zwanzigmal vor den Vorhang.
771 3569 1772 3645 Im kön. Opernhause gehen Sonntag die
582 3624 1778 3684 Opern „Cavalleria Rusticana" und „Bajazzi“ (die letztere mit
591 3672 1771 3731 Herrn Környey) und das Ballett „Magyar tänczegy###
587 3705 1782 3773 leg“ in Szene. Die Aufführung der ursprünglich aufs Repe#
596 3754 1768 3815 toire gesetzten Oper „Die Afrikanerin“ mußte wegen Unwohl¬
586 3816 1767 3876 seins der Gräfin Vasquez verschoben werden. Montag
599 3845 1781 3924 wird als Kindervorstellung das Ballett „Von Märchen zu
591 3908 1000 3962 Märchen“ aufgeführt.
754 3916 1784 3992 Das Lustspieltheater hat die Erstaufführung des
599 3977 1770 4026 neuen Schauspiels „Az ideal“ von Frau Koloman Rözsa¬
584 4021 1771 4093 hegyi auf Mittwoch, 7. April, angesetzt. Die Novität bietet
602 4070 1771 4122 namentlich der Frau Varsänyi eine ebenso schwierige als
2683 256 3029 334 79. szäm. 9
2061 262 2427 346 1909. äprilis 3.
2065 364 3074 420 Jend és Barthos möndta el öket. Azokat, amelye
2075 426 3087 483 ket az elöadäs szämära mégis meghagytak. Néhänz
2076 461 3081 528 versszaka Väradi Arankänak és Györi lonánal
2085 528 3082 592 jutott. A metrumot megbecsülték s a pätosz szépsé
2072 577 3081 643 gét is. Gyenes, Hajdu és Pethes a maga ki
2088 631 3089 722 szerepét Odry és Ivänfi stilusa közt ingadozva mon¬
2085 696 2279 774 dotta cl.
2150 715 3095 807 A diszlet s csoportok rendezése szép volt. A:
2082 797 3091 860 operai jelenet hangulatät csalta a szinpadra. A kö¬
2088 847 3102 911 zönség az elöadäst figyelmesen hallgatta és Jászal
2090 906 2967 995 Marit és Ivänfi Jenôt lelkesen megtapsolta.
2819 956 3080 1029 Gerö Odön.
2219 1037 3166 1163 „A zöld kakadu“ és „Régi j0 ldsrr(eG7.
2128 1136 3105 1214 — A Magyar Szinhäz ujdonságal. —,
2144 1202 3162 1305 Schnitzler Arthur fölött csodalatös mödor“)
2097 1258 3104 1341 vally mäsfél évtlzeden ät einézett a magyar könyv.
2096 1311 3117 1386 piac és a mägyar szinhäz. Isten tudla, miéft. Taläi
2095 1374 3106 1444 niert közel volt hozzänk, oszträk irönak, bécsinel
2082 1421 3110 1502 nézték, alig volt tiz ember a magyar irodalom-èrté.
2095 1487 3122 1579 kelök között, akl tudta röla, hogy nem mindennan
2086 1551 2479 1635 müvész, nagy irö.
2163 1574 3115 1686 Berlini szinészek csodaszép egyfelvonásosal
2102 1657 3126 1727 jätszottäk el Pesten, nagyon tetszettek, sikerük volt é:
2097 1701 3123 1772 utánna beadtäk Schnitzlert a magyar olvasóközön.
2100 1757 3132 1836 ségnek, mint — pornografust. Rosszul järt, nagyor
2108 1813 3116 1911 rosszul järt itt nälunk Schnitzler Arthur, Borzasz.
2098 1879 3133 1949 töan elkésve ielent meg a „Liebelei“-a is a magyal
2099 1947 2422 2018 szinpadon
2179 1976 3136 2073 Ma este végre egyik kis remekmüvét läthattuk :
2101 2035 3128 2124 Magyar Szinhäzban, egyik legfurcsäbb és legfino.
2112 2094 3131 2181 mabb egyfelvonásos drämäjät: „A zöld kakadu“-t
2112 2163 3134 2231 J6 välasztäs volt sok szinpadi müve közül épper
2118 2206 3143 2292 ezt elövenni, mert a három negyedóra alatt, amiz
2123 2256 3134 2338 e groteszk forradalmi jäték lezailik, Schnitzler min.
2119 2309 3152 2387 den nagy kvalitäsäböl kapunk valamit kostolóba. Eh.
2125 2368 3143 2450 böl a kis darabjäböl nagyon szépen meg lehet is.
2117 2413 3144 2502 nerni a szinpadra iró müvészt és gondolkozôt. A
2118 2471 3143 2551 dolgok, események mögé nézö éles szemei villog.
2118 2542 3142 2602 nak felenk ebböl a drämäböl és mint egy nagy ma¬
2117 2576 3151 2682 där, ugy röpköd a megeitöen fordulatos cselekvenz
2132 2664 3145 2716 fölött az G modern cinizmustöl ät- meg átitatott leike
2129 2692 3149 2781 Es mint nagyszerü drämairó leteszi Schnitzlei
2129 2744 3143 2828 „A zöld kakadu“-ban a vizsgälatot. Brilliáns és meg.
2138 2791 3152 2887 tämadhatatlan konstrukció ez, észrevétlenül a végsö.
2133 2870 3161 2935 legnagyobb izgalomig feilesztett emelkedés, vasma.
2138 2917 3149 2993 rokkal összetartott tömeg szereneltetése, igazi szin¬
2137 2973 2643 3060 häz, teatralis ize nélkül.
2194 3023 3147 3111 A z614 kakadu egy ravasz, kierdemesült szinház¬
2146 3084 3147 3170 igazgató korcsmäja, ahova borzongani järnak az
2150 3144 3148 3225 enervält arisztokrata iflak. A volt szinidirektor¬
2130 3193 3156 3260 kofesmáros ugyanis a szinészeivel kitalält remhis¬
2143 3244 3155 3332 tériäkat adat elö mulattatésukra. Az arisztokrata¬
2142 3311 3159 3392 fejek mär nem ülnek biztosan a nyakakon és mär
2146 3362 3170 3442 csak ilyesmi tudia az izgatott koponydkat mulattatni.
2147 3417 3166 3497 Henri a lebuj föszinésze, legnagyobb erössége, a fö¬
2146 3470 3168 3562 hazudö. Künn dübörög az utca, 1789. julius tizenne¬
2140 3527 3175 3613 gyedikének nevezetes estéjén. Es mig a tömeg ostro¬
2144 3595 3172 3668 molja a Bastillet, Henri elhazudia bucsuzöul, — mert
2146 3645 3166 3721 szakit ezzel az élettel, ifju hitvesével vidékre vo¬
2138 3701 3167 3775 Inul — hogy miképpen ölte meg éppen az iment
2144 3759 3177 3836 ja felesége egyik szeretöjét, Cadignan herceget. A
2142 3801 3170 3876 Imöka ugy ölelkezik a valösäggal, hogy az embernek
2147 3866 3170 3940 la lélekzet elakad a torkäban. Mindenki tudia, hogy
2145 3915 3168 4003 ja herceg csakugyan az egyik szeretöje Henri felesé¬
2144 3976 3172 4042 gének és az arisztokrata-tärsasäg tapsol a kitalält
2139 4025 3183 4102 Arémhistöriänak, amely valóban a Henri sziné¬
