3436 4256
194 232 434 318 9. 4
1072 233 1147 295 a
1937 232 2405 319 box 16/1
424 243 1817 335 Der gruene K.KaouWKTus
1374 848 3184 954 Berliner Bühnen starke und dauernde die besonders in dem Vorspiel „Paracelsus“ zahl¬
1368 906 2267 968 Erfolge versagt blieben, zählt Schnitzler doch zu
2278 925 3179 984 reichen Fallstricken begegnet, hielt sich gestern
1360 949 2263 1006 den Lieblingen des Berliner Theaterpublikums, zu
2278 963 3181 1022 (Mittwoch) abend auf der guten Mittelhöhe; in
1368 987 2270 1042 den Autoren, denen man immer gern zuhört, weil
2272 991 3184 1073 der Groteske „Der grüne Kakadu“ stieg sie sogar
1365 1031 2270 1085 sie wirklich etwas zu sagen haben. Seine liebens¬
2271 1030 3170 1098 hier und da noch darüber hinaus, obwohl man in
1368 1054 2262 1124 würdige, graziöse Art, heikle Dinge gefällig vor¬
2266 1061 3171 1145 den Ensembleszenen das Zusammenspiel manch¬
1363 1097 2272 1163 zutragen, geistreich zu sein, ohne durch aufdring¬
2273 1115 3171 1179 mal vermißte. Unter den Darstellern ragte vor
1361 1132 2272 1193 liche Geistreicheleien zu bluffen, gesellschaftlichen
2272 1145 3170 1208 allem Hans F. Gerhard hervor, der als
1355 1185 2265 1236 Schwächen keck zu Leibe zu gehen, ohne dabei je¬
2271 1188 3167 1251 Paracelsus und Henri (im „Grünen Kakadu")
1353 1216 2263 1276 mand ernstlich weh zu tun, haben ihn in den ver¬
2270 1224 3177 1289 die Intention des Dichters mit voller Hingabe
1352 1264 2268 1318 dienten Ruf eines scharfen und dabei doch an¬
2278 1265 3181 1328 und feinem Verständnis für die seelischen Stim¬
1352 1290 2272 1345 genehmen, sagen wir eines „charmanten“ Sitten¬
2273 1304 3169 1366 mungen erfüllte. Die Schwierigkeit der Rolle des
1362 1337 2262 1385 schilderers gebracht, und wenn er in neuerer Zeit
2270 1350 3160 1407 Paracelsus überwand auch er freilich nicht ganz.
1348 1381 2271 1426 das „Dramatische“ in seinen Komödien nicht gar
2266 1380 3176 1443 Konrad Wiene, der den Doktor Hausmann in der
1357 1415 2262 1460 zu sehr vernachlässigte und seine liebe, wienerische
2271 1432 3167 1477 „Gefährtin“ lobenswert spielte, mimte im
1347 1455 2267 1495 Manier, ausgiebig zu plauschen, sich nicht gar zu
2280 1460 3167 1531 „Grünen Kakadu“ einen vorzüglichen naiven
1352 1492 2266 1554 oft in das „weite Land“ unbegrenzter Redseligkeit
2271 1499 3174 1558 Strolch (Grain). Von den übrigen Darstellern
1351 1521 2262 1573 verlöre, wäre er der wenigen einer, die man mit
2260 1527 3175 1602 seien noch Max Reimer als Professor Pilgram,
1360 1561 2256 1626 Berechtigung als berufene moderne Lustspieldichter
2264 1577 3169 1642 Heinz Bernecker als der Waffenschmied Cyprian,
1361 1597 2257 1662 preisen kann. So muß man sich, um seiner würdig
2275 1614 3166 1680 Else Wasa als Justina, seine Gattin, Hedwig
1363 1643 2256 1691 zu gedenken, an seine früheren Werke halten, und
2271 1654 3169 1718 Pauly als Marquise von Lansac und Richard
1352 1682 2263 1724 zwei Berliner Bühnen benutzten gestern die
2256 1675 3173 1763 Witth als Prospere. Die Regie führte Alfred
1362 1725 2255 1777 günstige Gelegenheit zur Veranstaltung sympathi¬
2266 1727 2545 1795 Walter=Horst.
1365 1762 2252 1817 scher Schnitzler=Abende. Im Neuen Volks¬
1350 1801 2248 1857 theater wurde der Einakter „Literatur“
1350 1820 2260 1899 und der Dreiakter „Liebelei“ gegeben — zwei
2313 1814 3173 1914 In Wien bildet der fünfzigste Geburtstag
1360 1876 2252 1925 Stücke, in denen die Eigenart Schnitzlers besonders
2261 1856 3168 1937 Artur Schnitzlers bereits die ganze Woche über
1354 1914 2255 1971 eindringlich und liebenswürdig zur Geltung
2265 1915 3167 1975 den Anlaß zu literarischen und theatralischen
1354 1949 2245 2008 kommt. „Literatur“, die keck=lustige Plauderei,
2263 1951 3152 2003 Veranstaltungen, denen sich der Dichter selbst
1348 1987 2250 2051 die so ergötzlich das München=Wiener Kaffeehaus¬
2261 1990 3166 2057 durch eine kleine Ferienreise fluchtartig entzogen
1359 2025 2248 2079 literatentum glossiert und in wirksamen Gegen¬
2262 2027 3156 2089 hat. Gestern, am eigentlichen Festtag, spielte das
1350 2064 2255 2123 satz zu dem Typus eines literaturfeindlichen
2250 2063 2835 2124 Burgtheater, wie uns un
2931 2076 3169 2132 hl.=Kor¬
2256 2102 2565 2161 respondent
1350 2103 2253 2157 österreichischen Aristokraten bringt, wurde freilich
2559 2109 2980 2167 telegraphiert,
2631 2107 3161 2209 Eine Vorlesung
2262 2143 2388 2202 weite
2429 2140 2593 2198 Land“.
2382 2146 2439 2181 0
1347 2138 2248 2202 in all seinen feinen Beziehungen zur Wirklichkeit
1345 2188 2244 2240 und seinen intimen Milieureizen vom Publikum
2268 2181 3158 2240 „Schleiers der Beatrice", des Renaissance¬
1351 2225 2252 2283 der Neuen freien Volksbühne, das sich lediglich an
2260 2217 3160 2287 stückes, das in Wien noch nie gegeben wurde,
1351 2263 2241 2320 die lustigen Aeußerlichkeiten hielt, nicht ganz er¬
2260 2253 3157 2322 durch Ferdinand Onno vom Deutschen Volks¬
1349 2297 2247 2351 faßt. Um so echter und kräftiger aber wirkte die
2255 2288 3155 2357 theater wurde vom Verband für Literatur veran¬
1350 2328 2246 2398 unverwüstliche „Liebelei“ mit ihrer herzigen
2259 2336 3150 2385 staltet, und ein Merkerabend, in dem Werke des
1352 2378 2241 2430 Heiterkeit und ihrer zu Herzen gehenden Senti¬
2245 2377 3152 2437 Dichters durch Elsa Galafres vom Deutschen
1350 2406 2239 2480 mentalität, mit der Fülle echter Volkstümlichkeit,
2254 2407 3150 2463 Volkstheater, Lilli Marberg und Arnold Korff
1346 2450 2238 2509 die ihre von Leben und Wahrheit strotzende
2251 2449 3162 2520 vom Burgtheater vorgelesen wurden, bildeten die
1350 2488 2246 2549 Figuren umgibt. Die Darstellung bewährte sich
2240 2480 3152 2550 außertheatralischen Festveranstaltungen. Ferner
1349 2537 2231 2593 in beiden Stücken wieder aufs beste, wenn sie auch
2245 2524 3156 2587 brachte das Deutsche Volkstheater eine Neuinsze¬
1344 2562 2240 2621 den „literarischen" Einakter, wohl mit Absicht,
2255 2564 3156 2626 nierung von Schnitzlers „Liebelei“ und die seit
2252 2609 3147 2655 langem nicht gegebene Groteske „Der grüne Ka¬
1348 2606 2233 2665 etwas grell und laut nahm. Aurel Nowotny als
1341 2652 2231 2699 Klemens und Theodor Kaiser, Robert Müller in
2245 2644 3152 2699 kadu“ in einer liebevollen Regie und guten Dar¬
1334 2686 2236 2735 den Rollen des wilden Literaten und des alten
2247 2683 3136 2748 stellung. Gleichzeitig veranstaliete Jarno am
1335 2720 2242 2781 Violinspielers, das talentvolle Frl. Angerstein als
2242 2731 3147 2783 Theater in der Josefstadt eine Aufführung von
1332 2755 2227 2818 Christine, Johannes Riemann als Fritz Lobheimer,
2241 2759 3150 2821 Schnitzlers vor Jahren mit Katharina Schratt in
1329 2786 2227 2858 die muntere Else Bäck in der derblustigen Episode
2240 2804 3150 2871 der Hauprolle am Burgtheater gegebenen Schau¬
1343 2833 2230 2901 der Mizi Schlager, Yella Wagner, Adolf Edgar
2245 2839 3150 2905 spiel „Das Vermächtnis". Diesmal spielte
2232 2869 2810 2917 Frau Niese die Rolle der Toni.
1337 2875 2235 2931 Licho und Anna Ruhner verdienen für ihre schau¬
1349 2914 2231 2979 spielerischen Bemühungen um das gute Gelingen
1333 2950 2206 3007 dieses Schnitzler=Abends ehrenvolle Erwähnung.
1390 2997 2240 3036 hs. Das Schiller=Thater Char¬
1334 3019 2241 3093 lottenburg hatte zur Schnitzler=Feier drei
220 3027 565 3111 schaitt aus:
1337 3065 2239 3123 Einakter des Dichters ausgewählt, die — vielleicht
556 3050 1094 3148 Der Tag, Berlin
1331 3106 2229 3165 mit Ausnahme der „Gefährtin“ — nicht die Welt
1339 3141 2240 3203 darstellen, die in den Dramen des Oesterreichers
277 3054 803 3209 16 MAl 1912
395 3192 438 3238 1
1328 3175 2235 3247 mit Vorliebe behandelt wird, die aber von seiner
1329 3218 2234 3284 Weltanschauung und Sprache eine treffliche Probe
487 3245 1321 3307 J. K. Schnitzler=Feiern in Berlin. Arthur
1328 3271 2229 3320 geben. „Paracelsus“ führt in die primitivere
428 3300 1326 3351 Schnitzler, der feinsinnige Wiener Poet, beging
1331 3304 2231 3355 Denkungsart des 16. Jahrhunderts zurück, wäh¬
434 3338 2243 3414 gestern (Mittwoch) seinen 50. Geburtstag. Trotz=! rend „Der grüne Kakadu“ am Vorabend der großen
425 3373 2236 3436 dem seinen neuesten Werken auf den französischen Revolution spielt. Die Darstellung,
