<?xml version="1.0" encoding="UTF-8" standalone="yes"?>
<PcGts xmlns="http://schema.primaresearch.org/PAGE/gts/pagecontent/2013-07-15" xmlns:xsi="http://www.w3.org/2001/XMLSchema-instance" xsi:schemaLocation="http://schema.primaresearch.org/PAGE/gts/pagecontent/2013-07-15 http://schema.primaresearch.org/PAGE/gts/pagecontent/2013-07-15/pagecontent.xsd">
    <Metadata>
        <Creator>prov=University of Rostock/Institute of Mathematics/CITlab/Gundram Leifert/gundram.leifert@uni-rostock.de:name=ONB_Newseye_GT_M1+(htr_id=10810)::::v=2.4.2
prov=University of Rostock/Institute of Mathematics/CITlab/Tobias Gruening/tobias.gruening@uni-rostock.de:name=de.uros.citlab.module.baseline2polygon.B2PSeamMultiOriented:v=2.4.2
prov=University of Rostock/Institute of Mathematics/CITlab/Tobias Gruening/tobias.gruening@uni-rostock.de:name=/mnt/transkribus/LA/DEA/URO/LA_news_onb_att.pb:de.uros.citlab.segmentation.CITlab_LA_ML:v=2.4.2
Transkribus</Creator>
        <Created>2019-10-07T11:43:56.112+02:00</Created>
        <LastChange>2019-10-08T23:39:07.471+02:00</LastChange>
        <TranskribusMetadata docId="223987" pageId="9504526" pageNr="647" tsid="16616441" status="IN_PROGRESS" userId="40391" imgUrl="https://files.transkribus.eu/Get?id=GAXQLIFGYLEUUOYQFZISVUCA&amp;fileType=view" xmlUrl="https://files.transkribus.eu/Get?id=BEDIURDUBZJNUBKFSRWKVAGA" imageId="6194740"/>
    </Metadata>
    <Page imageFilename="223987_0647.jpeg" imageWidth="3436" imageHeight="4192">
        <ReadingOrder>
            <OrderedGroup id="ro_1711447579147" caption="Regions reading order">
                <RegionRefIndexed index="0" regionRef="r1"/>
                <RegionRefIndexed index="1" regionRef="r2"/>
                <RegionRefIndexed index="2" regionRef="r3"/>
            </OrderedGroup>
        </ReadingOrder>
        <TextRegion orientation="0.0" id="r1" custom="readingOrder {index:0;}">
            <Coords points="227,133 227,3383 1801,3383 1801,133"/>
            <TextLine id="r1l1" custom="readingOrder {index:0;}">
                <Coords points="218,172 1539,202 1811,170 1810,87 1536,83 1415,149 1280,89 667,149 217,126"/>
                <Baseline points="227,160 305,167 384,173 463,176 541,179 620,181 699,181 777,181 856,180 935,178 1014,176 1092,174 1171,171 1250,169 1328,167 1407,166 1486,165 1564,164 1643,165 1722,167 1801,169"/>
                <TextEquiv>
                    <Unicode>9.4. Der gruene Kakadu zykrus</Unicode>
                </TextEquiv>
            </TextLine>
            <TextLine id="r1l2" custom="readingOrder {index:1;}">
                <Coords points="769,950 951,960 990,943 1039,953 1173,946 1172,905 1144,900 1040,908 1018,897 956,910 821,888 768,899"/>
                <Baseline points="779,956 804,954 830,952 855,950 881,949 907,948 932,947 958,947 983,947 1009,946 1035,946 1060,946 1086,946 1111,945 1137,945 1163,944"/>
                <TextEquiv>
                    <Unicode>Telefon 12801.</Unicode>
                </TextEquiv>
            </TextLine>
            <TextLine id="r1l3" custom="readingOrder {index:2;}">
                <Coords points="1123,988 1135,989 1139,985 1145,987 1157,982 1163,989 1180,998 1194,991 1208,993 1211,942 1193,941 1179,948 1172,942 1158,941 1141,952 1126,951"/>
                <Baseline points="1134,963 1167,964 1200,967"/>
                <TextEquiv>
                    <Unicode>—</Unicode>
                </TextEquiv>
            </TextLine>
            <TextLine id="r1l4" custom="readingOrder {index:3;}">
                <Coords points="498,1075 1344,1061 1503,1030 1389,985 732,1020 495,992"/>
                <Baseline points="506,1057 555,1056 604,1055 654,1055 703,1054 752,1052 802,1052 851,1051 900,1050 950,1049 999,1048 1048,1046 1098,1045 1147,1044 1196,1042 1246,1040 1295,1039 1344,1037 1394,1036 1443,1034 1493,1032"/>
                <TextEquiv>
                    <Unicode>Unternehmen für Zeitungs-Ausschnitte.</Unicode>
                </TextEquiv>
            </TextLine>
            <TextLine id="r1l5" custom="readingOrder {index:4;}">
                <Coords points="1364,1075 1374,1074 1397,1092 1414,1087 1444,1093 1455,1086 1493,1084 1507,1093 1534,1075 1559,1069 1557,1044 1540,1047 1515,1031 1503,1038 1477,1033 1453,1051 1424,1053 1409,1044 1400,1051 1383,1044 1362,1049"/>
                <Baseline points="1375,1088 1404,1085 1433,1082 1462,1080 1491,1079 1520,1077 1549,1075"/>
                <TextEquiv>
                    <Unicode>Ausschnitt</Unicode>
                </TextEquiv>
            </TextLine>
            <TextLine id="r1l6" custom="readingOrder {index:5;}">
                <Coords points="295,1182 658,1216 1376,1161 1660,1189 1658,1099 1597,1078 1476,1120 756,1092 659,1155 560,1103 294,1119"/>
                <Baseline points="305,1171 372,1176 439,1179 506,1181 574,1182 641,1182 708,1182 775,1181 843,1179 910,1177 977,1175 1044,1173 1112,1171 1179,1168 1246,1166 1313,1165 1381,1163 1448,1162 1515,1162 1582,1163 1650,1164"/>
                <TextEquiv>
                    <Unicode>=s 105 „OBSERVER“ N. 59</Unicode>
                </TextEquiv>
            </TextLine>
            <TextLine id="r1l7" custom="readingOrder {index:6;}">
                <Coords points="275,1285 1651,1256 1669,1190 273,1206"/>
                <Baseline points="284,1272 352,1270 421,1268 490,1266 559,1264 628,1262 697,1260 765,1258 834,1257 903,1255 972,1254 1041,1252 1110,1250 1179,1248 1247,1247 1316,1245 1385,1243 1454,1242 1523,1240 1592,1238 1661,1236"/>
                <TextEquiv>
                    <Unicode>L. österr. behördl. conc. Bureau für Zeitungsberichte u. Personalnachricht</Unicode>
                </TextEquiv>
            </TextLine>
            <TextLine id="r1l8" custom="readingOrder {index:7;}">
                <Coords points="445,1369 1539,1327 1537,1266 1468,1258 1390,1290 1322,1258 1073,1296 852,1268 666,1310 443,1294"/>
                <Baseline points="454,1345 507,1343 561,1342 615,1340 668,1339 722,1338 776,1336 829,1335 883,1333 937,1332 991,1330 1044,1328 1098,1327 1152,1326 1205,1324 1259,1323 1313,1322 1366,1321 1420,1320 1474,1319 1528,1318"/>
                <TextEquiv>
                    <Unicode>Wien, IX/1. Türkenstrasse 17.</Unicode>
                </TextEquiv>
            </TextLine>
            <TextLine id="r1l9" custom="readingOrder {index:8;}">
                <Coords points="673,1418 817,1443 963,1440 1043,1408 1191,1426 1326,1390 1325,1369 1268,1354 1154,1360 1117,1383 1087,1368 869,1384 752,1366 672,1398"/>
                <Baseline points="683,1413 714,1412 746,1411 777,1410 809,1409 841,1408 872,1408 904,1407 936,1406 967,1406 999,1405 1031,1404 1062,1403 1094,1402 1126,1401 1157,1400 1189,1399 1221,1398 1252,1396 1284,1393 1316,1391"/>
                <TextEquiv>
                    <Unicode>Filiale in Budapest: „Figyelz“</Unicode>
                </TextEquiv>
            </TextLine>
            <TextLine id="r1l10" custom="readingOrder {index:9;}">
                <Coords points="371,1523 1615,1478 1613,1427 1548,1414 369,1450"/>
                <Baseline points="380,1488 441,1488 502,1488 563,1488 625,1487 686,1486 747,1486 808,1485 870,1483 931,1482 992,1480 1053,1479 1115,1477 1176,1475 1237,1473 1298,1470 1360,1468 1421,1466 1482,1464 1543,1461 1605,1458"/>
                <TextEquiv>
                    <Unicode>Vertretungen in Berlin, Chicago, London, Newyork, Paris, Stockholm.</Unicode>
                </TextEquiv>
            </TextLine>
            <TextLine id="r1l11" custom="readingOrder {index:10;}">
                <Coords points="1197,1636 1236,1641 1252,1635 1270,1642 1303,1638 1305,1544 1282,1545 1276,1551 1270,1547 1256,1553 1236,1550 1226,1558 1214,1550 1199,1554"/>
                <Baseline points="1207,1612 1236,1614 1265,1614 1295,1614"/>
                <TextEquiv>
                    <Unicode></Unicode>
                </TextEquiv>
            </TextLine>
            <TextLine id="r1l12" custom="readingOrder {index:11;}">
                <Coords points="280,1632 373,1646 603,1619 786,1649 828,1638 826,1559 798,1548 635,1583 601,1564 519,1582 393,1563 352,1585 320,1568 279,1581"/>
                <Baseline points="289,1617 315,1618 341,1620 368,1620 394,1620 421,1619 447,1619 473,1617 500,1616 526,1614 553,1613 579,1612 605,1611 632,1610 658,1609 685,1609 711,1609 737,1609 764,1611 790,1613 817,1616"/>
                <TextEquiv>
                    <Unicode>Ausschnitt aus:</Unicode>
                </TextEquiv>
            </TextLine>
            <TextLine id="r1l13" custom="readingOrder {index:12;}">
                <Coords points="281,1761 333,1783 406,1776 441,1807 473,1805 501,1782 547,1816 600,1796 621,1806 628,1728 608,1732 595,1719 547,1731 511,1708 486,1723 369,1729 334,1702 305,1718 286,1710"/>
                <Baseline points="290,1762 316,1764 343,1765 370,1767 397,1770 424,1772 451,1774 477,1777 504,1779 531,1781 558,1784 585,1787 612,1789"/>
                <TextEquiv>
                    <Unicode>vom  </Unicode>
                </TextEquiv>
            </TextLine>
            <TextLine id="r1l14" custom="readingOrder {index:13;}">
                <Coords points="748,1921 770,1918 786,1935 798,1940 804,1936 811,1944 848,1927 860,1928 868,1798 843,1795 796,1817 755,1805"/>
                <Baseline points="758,1907 789,1909 820,1910 851,1914"/>
                <TextEquiv>
                    <Unicode>7</Unicode>
                </TextEquiv>
            </TextLine>
            <TextLine id="r1l15" custom="readingOrder {index:14;}">
                <Coords points="916,1932 1056,1926 1103,1960 1174,1964 1355,1912 1465,1968 1531,1938 1531,1834 1405,1814 1297,1744 1138,1783 1051,1785 988,1755 917,1794"/>
                <Baseline points="926,1920 955,1924 985,1926 1015,1927 1045,1928 1074,1928 1104,1927 1134,1926 1164,1926 1193,1924 1223,1923 1253,1922 1283,1921 1312,1921 1342,1921 1372,1921 1402,1923 1431,1926 1461,1929 1491,1934 1521,1940"/>
                <TextEquiv>
                    <Unicode>D</Unicode>
                </TextEquiv>
            </TextLine>
            <TextLine id="r1l16" custom="readingOrder {index:15;}">
                <Coords points="447,2125 1018,2126 1504,2082 1488,2025 446,2068"/>
                <Baseline points="456,2116 507,2117 559,2118 611,2119 663,2119 715,2118 767,2117 819,2116 871,2114 923,2113 975,2112 1026,2109 1078,2108 1130,2106 1182,2103 1234,2102 1286,2100 1338,2098 1390,2097 1442,2096 1494,2095"/>
                <TextEquiv>
                    <Unicode>Ein Telegramm aus Altona meldet uns: Das</Unicode>
                </TextEquiv>
            </TextLine>
            <TextLine id="r1l17" custom="readingOrder {index:16;}">
                <Coords points="437,2169 1488,2134 1452,2098 436,2136"/>
                <Baseline points="446,2165 497,2164 549,2162 600,2162 652,2160 704,2159 755,2158 807,2156 859,2155 910,2153 962,2152 1014,2151 1065,2149 1117,2148 1169,2147 1220,2145 1272,2144 1324,2143 1375,2142 1427,2141 1479,2139"/>
                <TextEquiv>
                    <Unicode>Altonaer Stadttheater brachte gestern einen Schnitzler¬</Unicode>
                </TextEquiv>
            </TextLine>
            <TextLine id="r1l18" custom="readingOrder {index:17;}">
                <Coords points="432,2214 1463,2189 1480,2137 431,2169"/>
                <Baseline points="441,2210 492,2209 544,2207 595,2206 647,2205 698,2203 750,2201 801,2200 853,2198 904,2196 956,2195 1008,2193 1059,2191 1111,2190 1162,2188 1214,2187 1265,2185 1317,2184 1368,2182 1420,2181 1472,2180"/>
                <TextEquiv>
                    <Unicode>Abend. Zuerst „Paracelsus“ mit Otto als Cypfian,</Unicode>
                </TextEquiv>
            </TextLine>
            <TextLine id="r1l19" custom="readingOrder {index:18;}">
                <Coords points="432,2263 1447,2229 1479,2185 430,2212"/>
                <Baseline points="441,2253 492,2251 544,2249 595,2247 647,2245 698,2244 750,2242 801,2241 853,2240 904,2238 956,2237 1007,2235 1059,2234 1110,2233 1162,2231 1213,2229 1265,2227 1316,2225 1368,2223 1419,2220 1471,2217"/>
                <TextEquiv>
                    <Unicode>Frl. Bauer als Justina, Frl. Sangora als Caecilia</Unicode>
                </TextEquiv>
            </TextLine>
            <TextLine id="r1l20" custom="readingOrder {index:19;}">
                <Coords points="431,2292 1486,2257 1469,2218 430,2259"/>
                <Baseline points="441,2292 492,2290 544,2289 596,2287 647,2286 699,2284 751,2283 802,2281 854,2280 906,2278 958,2276 1009,2275 1061,2273 1113,2271 1164,2270 1216,2268 1268,2265 1319,2263 1371,2261 1423,2259 1475,2256"/>
                <TextEquiv>
                    <Unicode>und Herrn Kirch als ausgezeichneten Paracelsus erntete</Unicode>
                </TextEquiv>
            </TextLine>
            <TextLine id="r1l21" custom="readingOrder {index:20;}">
                <Coords points="439,2343 1451,2314 1479,2256 438,2298"/>
                <Baseline points="449,2337 500,2334 551,2332 602,2329 653,2327 704,2325 755,2323 806,2322 857,2320 908,2319 959,2317 1010,2316 1061,2315 1112,2313 1163,2311 1214,2310 1265,2309 1316,2307 1367,2304 1418,2302 1470,2300"/>
                <TextEquiv>
                    <Unicode>großen Beifall. Dann folgte „Die Gesährtin“ mit</Unicode>
                </TextEquiv>
            </TextLine>
            <TextLine id="r1l22" custom="readingOrder {index:21;}">
                <Coords points="444,2380 1479,2338 1478,2308 1363,2298 443,2348"/>
                <Baseline points="453,2380 503,2377 554,2373 605,2370 656,2368 707,2366 757,2364 808,2363 859,2361 910,2360 961,2359 1011,2358 1062,2356 1113,2355 1164,2354 1215,2352 1265,2349 1316,2347 1367,2344 1418,2341 1469,2337"/>
                <TextEquiv>
                    <Unicode>Herrn Otto als Professor, Herrn Leisner als Doctor</Unicode>
                </TextEquiv>
            </TextLine>
            <TextLine id="r1l23" custom="readingOrder {index:22;}">
                <Coords points="440,2423 1494,2377 1471,2335 439,2399"/>
                <Baseline points="449,2418 500,2416 552,2414 604,2412 656,2410 708,2408 759,2406 811,2404 863,2403 915,2401 967,2400 1018,2398 1070,2396 1122,2394 1174,2393 1226,2390 1277,2388 1329,2387 1381,2384 1433,2381 1485,2379"/>
                <TextEquiv>
                    <Unicode>Hausmann und Frau Otto=Koerner als Olga. Bei</Unicode>
                </TextEquiv>
            </TextLine>
            <TextLine id="r1l24" custom="readingOrder {index:23;}">
                <Coords points="448,2455 1463,2436 1498,2409 1391,2381 446,2418"/>
                <Baseline points="457,2457 508,2456 560,2454 611,2452 663,2451 715,2449 766,2447 818,2445 869,2444 921,2442 973,2441 1024,2439 1076,2437 1127,2435 1179,2434 1231,2432 1282,2430 1334,2428 1385,2427 1437,2425 1489,2423"/>
                <TextEquiv>
                    <Unicode>sehr feiner Darstellung erzielte das Werk größeren</Unicode>
                </TextEquiv>
            </TextLine>
            <TextLine id="r1l25" custom="readingOrder {index:24;}">
                <Coords points="448,2503 1169,2495 1495,2455 1494,2417 607,2475 447,2456"/>
                <Baseline points="457,2493 508,2493 559,2493 611,2492 662,2491 714,2490 765,2489 816,2487 868,2486 919,2485 971,2482 1022,2481 1073,2479 1125,2476 1176,2475 1228,2472 1279,2471 1330,2469 1382,2467 1433,2466 1485,2464"/>
                <TextEquiv>
                    <Unicode>Erfolg. Den Schluß bildete „Der grüne Kakadu“ in</Unicode>
                </TextEquiv>
            </TextLine>
            <TextLine id="r1l26" custom="readingOrder {index:25;}">
                <Coords points="433,2524 528,2549 1408,2522 1496,2510 1494,2456 432,2510"/>
                <Baseline points="443,2537 495,2535 547,2533 599,2531 651,2530 703,2528 755,2526 807,2525 859,2523 911,2521 964,2520 1016,2518 1068,2517 1120,2516 1172,2514 1224,2512 1276,2511 1328,2510 1380,2508 1432,2506 1485,2505"/>
                <TextEquiv>
                    <Unicode>trefflicher Ausführung, mit Horvath als prächtigem</Unicode>
                </TextEquiv>
            </TextLine>
            <TextLine id="r1l27" custom="readingOrder {index:26;}">
                <Coords points="450,2580 1488,2561 1486,2516 1441,2511 449,2548"/>
                <Baseline points="459,2579 509,2578 560,2576 611,2574 662,2572 713,2571 764,2569 815,2567 866,2566 917,2564 968,2563 1018,2561 1069,2560 1120,2558 1171,2557 1222,2555 1273,2553 1324,2552 1375,2550 1426,2548 1477,2546"/>
                <TextEquiv>
                    <Unicode>Henri, Scholz als Wirth. Trotz famoser Inscenirung</Unicode>
                </TextEquiv>
            </TextLine>
            <TextLine id="r1l28" custom="readingOrder {index:27;}">
                <Coords points="449,2627 848,2598 903,2642 1008,2613 1149,2634 1516,2591 1493,2554 1408,2549 448,2597"/>
                <Baseline points="459,2618 511,2618 563,2617 615,2616 668,2615 720,2614 772,2613 825,2612 877,2610 929,2609 982,2607 1034,2605 1086,2603 1138,2601 1191,2599 1243,2597 1295,2595 1348,2592 1400,2590 1452,2588 1505,2585"/>
                <TextEquiv>
                    <Unicode>erzielte das Stück nur lauen Erfolg beim kühlen</Unicode>
                </TextEquiv>
            </TextLine>
            <TextLine id="r1l29" custom="readingOrder {index:28;}">
                <Coords points="452,2684 483,2677 501,2690 560,2674 590,2687 666,2672 732,2687 846,2683 896,2654 894,2610 863,2606 840,2630 810,2613 781,2622 717,2605 602,2629 450,2627"/>
                <Baseline points="461,2662 486,2662 511,2661 536,2661 561,2660 586,2659 611,2658 636,2658 661,2657 686,2656 711,2655 736,2654 761,2653 786,2651 811,2650 836,2649 861,2648 886,2646"/>
                <TextEquiv>
                    <Unicode>Altonaer Publik ###</Unicode>
                </TextEquiv>
            </TextLine>
            <TextLine id="r1l30" custom="readingOrder {index:29;}">
                <Coords points="741,3023 820,3034 1036,3008 1156,3026 1193,3007 1286,3025 1325,3005 1324,2942 1220,2966 978,2948 931,2971 857,2948 739,2960"/>
                <Baseline points="751,3006 779,3005 807,3005 835,3004 863,3004 892,3003 920,3003 948,3003 976,3002 1004,3002 1033,3002 1061,3001 1089,3001 1117,3001 1145,3000 1174,2999 1202,2998 1230,2998 1258,2997 1286,2995 1315,2994"/>
                <TextEquiv>
                    <Unicode>Bezugs-Bedingungen.</Unicode>
                </TextEquiv>
            </TextLine>
            <TextLine id="r1l31" custom="readingOrder {index:30;}">
                <Coords points="1269,3081 1315,3076 1322,3069 1358,3075 1381,3058 1399,3064 1409,3056 1423,3065 1444,3055 1476,3064 1474,2999 1457,2999 1447,3008 1411,2993 1402,3003 1388,2995 1357,3019 1321,3014 1306,3025 1268,3021"/>
                <Baseline points="1279,3055 1305,3053 1332,3052 1358,3051 1385,3050 1411,3050 1438,3050 1465,3051"/>
                <TextEquiv>
                    <Unicode>fl. 7.50</Unicode>
                </TextEquiv>
            </TextLine>
            <TextLine id="r1l32" custom="readingOrder {index:31;}">
                <Coords points="1506,3080 1540,3087 1554,3073 1577,3074 1585,3082 1593,3074 1634,3077 1646,3069 1676,3086 1686,3075 1711,3079 1709,2998 1693,2992 1656,3007 1627,3004 1570,3031 1505,3027"/>
                <Baseline points="1517,3069 1543,3067 1569,3066 1595,3066 1621,3066 1647,3065 1673,3064 1700,3062"/>
                <TextEquiv>
                    <Unicode>inclusive</Unicode>
                </TextEquiv>
            </TextLine>
            <TextLine id="r1l33" custom="readingOrder {index:32;}">
                <Coords points="298,3090 967,3069 1103,3091 1225,3060 1224,3018 568,3046 438,3021 297,3055"/>
                <Baseline points="308,3078 353,3078 398,3078 443,3077 489,3077 534,3076 579,3075 625,3074 670,3072 715,3071 761,3070 806,3069 851,3067 896,3066 942,3064 987,3063 1032,3061 1078,3060 1123,3059 1168,3058 1214,3057"/>
                <TextEquiv>
                    <Unicode>Für 50 Zeitungsauschnitte (Artikel oder Notizen,</Unicode>
                </TextEquiv>
            </TextLine>
            <TextLine id="r1l34" custom="readingOrder {index:33;}">
                <Coords points="1341,3105 1361,3104 1378,3096 1428,3097 1447,3088 1457,3096 1461,3091 1475,3091 1473,3061 1459,3064 1453,3058 1447,3063 1432,3059 1426,3064 1414,3056 1382,3058 1367,3069 1361,3067 1352,3075 1340,3076"/>
                <Baseline points="1351,3095 1379,3090 1407,3090 1435,3090 1464,3086"/>
                <TextEquiv>
                    <Unicode>4.—</Unicode>
                </TextEquiv>
            </TextLine>
            <TextLine id="r1l35" custom="readingOrder {index:34;}">
                <Coords points="1524,3111 1551,3108 1573,3116 1579,3110 1618,3107 1630,3115 1653,3105 1677,3104 1677,3071 1641,3079 1555,3073 1537,3089 1523,3087"/>
                <Baseline points="1534,3104 1560,3104 1587,3102 1614,3102 1641,3101 1668,3104"/>
                <TextEquiv>
                    <Unicode>Porto.</Unicode>
                </TextEquiv>
            </TextLine>
            <TextLine id="r1l36" custom="readingOrder {index:35;}">
                <Coords points="392,3116 406,3115 422,3124 475,3122 486,3132 497,3131 496,3088 484,3089 468,3081 444,3084 439,3088 422,3077 413,3083 407,3080 401,3086 391,3086"/>
                <Baseline points="403,3117 431,3115 459,3115 487,3113"/>
                <TextEquiv>
                    <Unicode>100</Unicode>
                </TextEquiv>
            </TextLine>
            <TextLine id="r1l37" custom="readingOrder {index:36;}">
                <Coords points="1346,3133 1356,3132 1360,3136 1396,3133 1406,3139 1413,3130 1437,3136 1443,3132 1451,3136 1455,3131 1467,3131 1465,3101 1437,3105 1431,3101 1419,3102 1413,3097 1392,3100 1378,3095 1362,3104 1345,3103"/>
                <Baseline points="1357,3135 1382,3131 1407,3130 1432,3129 1457,3127"/>
                <TextEquiv>
                    <Unicode>25 —</Unicode>
                </TextEquiv>
            </TextLine>
            <TextLine id="r1l38" custom="readingOrder {index:37;}">
                <Coords points="1500,3139 1522,3144 1544,3162 1565,3149 1591,3146 1609,3156 1614,3150 1674,3156 1691,3149 1690,3108 1668,3115 1654,3105 1631,3114 1611,3106 1582,3109 1572,3117 1548,3108 1499,3110"/>
                <Baseline points="1509,3147 1537,3144 1566,3142 1595,3141 1623,3141 1652,3141 1681,3141"/>
                <TextEquiv>
                    <Unicode>Zahlbar</Unicode>
                </TextEquiv>
            </TextLine>
            <TextLine id="r1l39" custom="readingOrder {index:38;}">
                <Coords points="389,3149 415,3151 433,3163 445,3158 457,3163 465,3158 481,3167 503,3169 500,3132 488,3133 473,3122 458,3125 438,3121 420,3125 405,3114 404,3117 399,3113 386,3116"/>
                <Baseline points="399,3161 429,3156 460,3153 491,3153"/>
                <TextEquiv>
                    <Unicode>200</Unicode>
                </TextEquiv>
            </TextLine>
            <TextLine id="r1l40" custom="readingOrder {index:39;}">
                <Coords points="404,3201 418,3200 422,3204 437,3201 444,3205 451,3200 481,3199 488,3191 508,3190 506,3157 497,3157 485,3167 465,3158 457,3163 446,3159 430,3162 416,3153 402,3153"/>
                <Baseline points="413,3195 441,3193 469,3191 498,3192"/>
                <TextEquiv>
                    <Unicode>500</Unicode>
                </TextEquiv>
            </TextLine>
            <TextLine id="r1l41" custom="readingOrder {index:40;}">
                <Coords points="1311,3233 1329,3239 1374,3213 1463,3226 1509,3193 1632,3193 1659,3212 1691,3195 1729,3197 1724,3148 1539,3159 1490,3120 1432,3152 1378,3135 1303,3155"/>
                <Baseline points="1319,3212 1345,3211 1372,3210 1398,3207 1425,3204 1452,3200 1478,3197 1505,3192 1531,3189 1558,3186 1585,3183 1611,3181 1638,3179 1664,3179 1691,3180 1718,3182"/>
                <TextEquiv>
                    <Unicode>: 160.— im Voraus</Unicode>
                </TextEquiv>
            </TextLine>
            <TextLine id="r1l42" custom="readingOrder {index:41;}">
                <Coords points="342,3273 396,3240 414,3247 453,3240 469,3251 486,3234 516,3239 513,3187 491,3191 480,3201 445,3205 399,3200 380,3215 339,3218"/>
                <Baseline points="351,3243 376,3240 402,3237 428,3235 454,3234 480,3233 506,3234"/>
                <TextEquiv>
                    <Unicode>„ 1000</Unicode>
                </TextEquiv>
            </TextLine>
            <TextLine id="r1l43" custom="readingOrder {index:42;}">
                <Coords points="434,3282 1773,3270 1771,3195 1229,3254 433,3239"/>
                <Baseline points="444,3292 513,3291 582,3290 652,3289 721,3288 791,3286 860,3284 929,3282 999,3280 1068,3278 1138,3276 1207,3273 1277,3271 1346,3268 1415,3265 1485,3263 1554,3261 1624,3258 1693,3256 1763,3254"/>
                <TextEquiv>
                    <Unicode>Im Gegensatze zu anderen Bureaux für Zeitungsausschnitte ist das</Unicode>
                </TextEquiv>
            </TextLine>
            <TextLine id="r1l44" custom="readingOrder {index:43;}">
                <Coords points="321,3347 1766,3309 1765,3275 1597,3258 502,3307 319,3268"/>
                <Baseline points="331,3335 402,3333 473,3331 544,3330 615,3328 687,3326 758,3324 829,3321 900,3320 971,3318 1043,3315 1114,3313 1185,3311 1256,3309 1327,3307 1399,3305 1470,3304 1541,3302 1612,3300 1683,3298 1755,3297"/>
                <TextEquiv>
                    <Unicode>Abonnement durch keine bestimmte Zeitdauer begrenzt; — auch steht es den</Unicode>
                </TextEquiv>
            </TextLine>
            <TextLine id="r1l45" custom="readingOrder {index:44;}">
                <Coords points="325,3398 1465,3339 1594,3367 1613,3321 323,3347"/>
                <Baseline points="334,3373 397,3371 461,3370 524,3368 588,3367 651,3365 715,3363 778,3361 842,3359 905,3358 969,3355 1032,3353 1096,3352 1159,3350 1223,3348 1286,3346 1350,3344 1413,3343 1477,3342 1540,3341 1604,3340"/>
                <TextEquiv>
                    <Unicode>Abonnenten frei die aufgegebenen Themen zu ergänzen oder zu ändern.</Unicode>
                </TextEquiv>
            </TextLine>
            <TextEquiv>
                <Unicode>9.4. Der gruene Kakadu zykrus
Telefon 12801.
—
Unternehmen für Zeitungs-Ausschnitte.
Ausschnitt
=s 105 „OBSERVER“ N. 59
L. österr. behördl. conc. Bureau für Zeitungsberichte u. Personalnachricht
Wien, IX/1. Türkenstrasse 17.
Filiale in Budapest: „Figyelz“
Vertretungen in Berlin, Chicago, London, Newyork, Paris, Stockholm.

Ausschnitt aus:
vom  
7
D
Ein Telegramm aus Altona meldet uns: Das
Altonaer Stadttheater brachte gestern einen Schnitzler¬
Abend. Zuerst „Paracelsus“ mit Otto als Cypfian,
Frl. Bauer als Justina, Frl. Sangora als Caecilia
und Herrn Kirch als ausgezeichneten Paracelsus erntete
großen Beifall. Dann folgte „Die Gesährtin“ mit
Herrn Otto als Professor, Herrn Leisner als Doctor
Hausmann und Frau Otto=Koerner als Olga. Bei
sehr feiner Darstellung erzielte das Werk größeren
Erfolg. Den Schluß bildete „Der grüne Kakadu“ in
trefflicher Ausführung, mit Horvath als prächtigem
Henri, Scholz als Wirth. Trotz famoser Inscenirung
erzielte das Stück nur lauen Erfolg beim kühlen
Altonaer Publik ###
Bezugs-Bedingungen.
fl. 7.50
inclusive
Für 50 Zeitungsauschnitte (Artikel oder Notizen,
4.—
Porto.
100
25 —
Zahlbar
200
500
: 160.— im Voraus
„ 1000
Im Gegensatze zu anderen Bureaux für Zeitungsausschnitte ist das
Abonnement durch keine bestimmte Zeitdauer begrenzt; — auch steht es den
Abonnenten frei die aufgegebenen Themen zu ergänzen oder zu ändern.</Unicode>
            </TextEquiv>
        </TextRegion>
        <TextRegion orientation="0.0" id="r2" custom="readingOrder {index:1;}">
            <Coords points="1765,114 1765,4085 3198,4085 3198,114"/>
            <TextLine id="r2l1" custom="readingOrder {index:0;}">
                <Coords points="1968,164 2042,161 2070,176 2135,161 2216,160 2240,175 2395,167 2394,76 2313,74 2280,92 2214,75 2195,91 2108,103 2079,89 1966,87"/>
                <Baseline points="1978,146 2003,145 2028,144 2054,144 2079,143 2105,143 2130,142 2156,142 2181,141 2206,141 2232,141 2257,140 2283,140 2308,140 2334,140 2359,139 2385,139"/>
                <TextEquiv>
                    <Unicode>box 16/1</Unicode>
                </TextEquiv>
            </TextLine>
            <TextLine id="r2l2" custom="readingOrder {index:1;}">
                <Coords points="2261,432 2674,418 2673,339 2626,346 2563,327 2500,357 2415,344 2378,364 2260,328"/>
                <Baseline points="2271,396 2297,396 2323,395 2349,395 2375,394 2402,393 2428,393 2454,392 2480,392 2506,391 2533,391 2559,391 2585,392 2611,392 2637,393 2664,394"/>
                <TextEquiv>
                    <Unicode>Telefon 12801.</Unicode>
                </TextEquiv>
            </TextLine>
            <TextLine id="r2l3" custom="readingOrder {index:2;}">
                <Coords points="1958,502 2752,508 2968,489 2989,455 2909,415 2827,449 2785,416 2666,456 2472,428 1957,464"/>
                <Baseline points="1968,506 2018,504 2069,502 2119,500 2170,498 2220,497 2271,495 2321,494 2372,493 2422,491 2473,489 2524,489 2574,487 2625,486 2675,484 2726,482 2776,480 2827,478 2877,476 2928,474 2979,472"/>
                <TextEquiv>
                    <Unicode>Unternehmen für Zeitungs-Ausschnitte.</Unicode>
                </TextEquiv>
            </TextLine>
            <TextLine id="r2l4" custom="readingOrder {index:3;}">
                <Coords points="2853,525 2863,524 2884,539 2895,529 2913,534 2926,529 2955,544 3000,534 3013,521 3050,521 3049,504 3028,503 2997,482 2977,479 2972,486 2962,482 2938,493 2885,484 2851,487"/>
                <Baseline points="2863,526 2888,524 2913,523 2938,522 2964,521 2989,519 3014,518 3040,518"/>
                <TextEquiv>
                    <Unicode>Ausschnitt</Unicode>
                </TextEquiv>
            </TextLine>
            <TextLine id="r2l5" custom="readingOrder {index:4;}">
                <Coords points="2152,627 2676,641 2820,568 2966,643 3022,612 3141,628 3122,511 2847,553 2700,498 2569,531 2287,509 2151,580"/>
                <Baseline points="2162,632 2210,628 2258,625 2307,621 2355,618 2404,616 2452,614 2501,612 2549,611 2598,610 2646,609 2694,609 2743,608 2791,607 2840,607 2888,606 2937,605 2985,604 3034,603 3082,601 3131,600"/>
                <TextEquiv>
                    <Unicode>„OBSERVER“ N. 54</Unicode>
                </TextEquiv>
            </TextLine>
            <TextLine id="r2l6" custom="readingOrder {index:5;}">
                <Coords points="1755,722 3208,682 3207,643 3118,630 1754,669"/>
                <Baseline points="1765,717 1836,714 1908,712 1979,710 2051,707 2123,705 2194,703 2266,700 2338,698 2409,696 2481,694 2553,692 2624,690 2696,688 2768,685 2839,683 2911,681 2983,679 3054,677 3126,675 3198,672"/>
                <TextEquiv>
                    <Unicode>L. österr. behördl. conc. Bureau für Zeitungsberichte u. Personalnachrichten</Unicode>
                </TextEquiv>
            </TextLine>
            <TextLine id="r2l7" custom="readingOrder {index:6;}">
                <Coords points="1941,803 2815,786 3033,757 3032,712 1939,734"/>
                <Baseline points="1950,788 2003,786 2057,785 2111,784 2164,782 2218,780 2272,778 2325,777 2379,775 2433,773 2487,771 2540,769 2594,767 2648,766 2701,764 2755,763 2809,761 2862,760 2916,759 2970,757 3024,757"/>
                <TextEquiv>
                    <Unicode>Wien, IX/1. Türkenstrasse 17.</Unicode>
                </TextEquiv>
            </TextLine>
            <TextLine id="r2l8" custom="readingOrder {index:7;}">
                <Coords points="2171,865 2284,885 2427,852 2495,878 2549,856 2591,873 2738,858 2806,826 2805,781 2630,802 2607,823 2579,804 2402,802 2170,825"/>
                <Baseline points="2181,855 2211,854 2242,853 2273,852 2304,851 2334,850 2365,849 2396,848 2427,847 2457,846 2488,845 2519,845 2550,844 2580,842 2611,842 2642,841 2673,839 2703,838 2734,837 2765,835 2796,834"/>
                <TextEquiv>
                    <Unicode>Filiale in Budapest: „Figyeló“</Unicode>
                </TextEquiv>
            </TextLine>
            <TextLine id="r2l9" custom="readingOrder {index:8;}">
                <Coords points="1861,963 3122,897 3097,835 2885,879 2742,853 2664,886 1859,900"/>
                <Baseline points="1869,926 1931,927 1993,927 2055,927 2117,927 2179,926 2241,925 2304,924 2366,923 2428,922 2490,920 2552,918 2614,917 2676,915 2739,913 2801,911 2863,909 2925,907 2987,905 3049,903 3112,902"/>
                <TextEquiv>
                    <Unicode>Vertretungen in Berlin, Chicago, London, Newyork, Paris, Stockholm.</Unicode>
                </TextEquiv>
            </TextLine>
            <TextLine id="r2l10" custom="readingOrder {index:9;}">
                <Coords points="1776,1076 2023,1063 2105,1080 2198,1057 2233,1076 2297,1054 2295,1006 2157,997 2132,1018 2112,1005 2043,1019 1972,998 1884,1029 1819,1009 1774,1033"/>
                <Baseline points="1785,1064 1810,1064 1835,1064 1860,1064 1885,1063 1910,1062 1935,1062 1960,1060 1985,1060 2010,1058 2036,1057 2061,1056 2086,1055 2111,1054 2136,1053 2161,1052 2186,1051 2211,1050 2236,1050 2261,1050 2287,1050"/>
                <TextEquiv>
                    <Unicode>Ausschnitt aus:</Unicode>
                </TextEquiv>
            </TextLine>
            <TextLine id="r2l11" custom="readingOrder {index:10;}">
                <Coords points="1783,1210 1862,1224 1954,1205 2011,1239 2064,1231 2119,1191 2179,1201 2177,1151 2073,1163 2003,1125 1896,1170 1781,1149"/>
                <Baseline points="1793,1204 1818,1205 1843,1206 1868,1206 1893,1206 1918,1206 1943,1206 1968,1205 1993,1204 2018,1203 2043,1201 2068,1200 2093,1198 2118,1195 2143,1193 2169,1190"/>
                <TextEquiv>
                    <Unicode>vom Cgc.</Unicode>
                </TextEquiv>
            </TextLine>
            <TextLine id="r2l12" custom="readingOrder {index:11;}">
                <Coords points="1939,1472 2193,1514 2325,1483 2787,1512 2943,1483 2943,1432 2878,1418 2524,1417 2467,1444 2262,1422 2217,1455 2097,1404 1939,1401"/>
                <Baseline points="1949,1473 1998,1475 2047,1477 2096,1478 2146,1480 2195,1481 2244,1481 2293,1482 2343,1483 2392,1483 2441,1483 2490,1483 2540,1482 2589,1482 2638,1482 2687,1481 2737,1480 2786,1480 2835,1479 2884,1479 2934,1478"/>
                <TextEquiv>
                    <Unicode>Theatex, Kunst und Wissenschaft.</Unicode>
                </TextEquiv>
            </TextLine>
            <TextLine id="r2l13" custom="readingOrder {index:12;}">
                <Coords points="1957,1558 2943,1567 2984,1561 2985,1512 2093,1521 1957,1483"/>
                <Baseline points="1967,1543 2017,1544 2067,1545 2118,1547 2168,1547 2219,1548 2269,1548 2319,1549 2370,1549 2420,1549 2471,1549 2521,1549 2571,1549 2622,1549 2672,1549 2723,1549 2773,1549 2823,1549 2874,1550 2924,1551 2975,1551"/>
                <TextEquiv>
                    <Unicode>B. Im Altonger Stadt=Theater brachte der gestrige</Unicode>
                </TextEquiv>
            </TextLine>
            <TextLine id="r2l14" custom="readingOrder {index:13;}">
                <Coords points="1902,1605 2977,1614 2989,1563 1902,1573"/>
                <Baseline points="1913,1598 1966,1598 2019,1599 2072,1599 2126,1599 2179,1600 2232,1600 2286,1600 2339,1600 2392,1600 2446,1600 2499,1600 2552,1599 2605,1599 2659,1599 2712,1598 2765,1597 2819,1596 2872,1595 2925,1594 2979,1593"/>
                <TextEquiv>
                    <Unicode>#rste Novitätenabend der Saison drei Einakter von Arthur</Unicode>
                </TextEquiv>
            </TextLine>
            <TextLine id="r2l15" custom="readingOrder {index:14;}">
                <Coords points="1901,1647 2838,1664 2983,1646 2983,1613 1901,1615"/>
                <Baseline points="1910,1645 1963,1645 2016,1646 2069,1646 2122,1646 2176,1647 2229,1647 2282,1647 2335,1647 2388,1647 2442,1647 2495,1647 2548,1647 2601,1647 2654,1647 2708,1646 2761,1646 2814,1646 2867,1645 2920,1645 2974,1644"/>
                <TextEquiv>
                    <Unicode>Schnitzler. Den Anfang der Vorstellung machte das Vers¬</Unicode>
                </TextEquiv>
            </TextLine>
            <TextLine id="r2l16" custom="readingOrder {index:15;}">
                <Coords points="1902,1702 2995,1704 2971,1645 2863,1680 2776,1649 2034,1676 1902,1649"/>
                <Baseline points="1912,1698 1965,1697 2019,1696 2072,1696 2126,1696 2180,1696 2233,1696 2287,1696 2341,1696 2394,1696 2448,1696 2502,1696 2555,1696 2609,1696 2663,1696 2716,1695 2770,1695 2824,1695 2877,1694 2931,1694 2985,1693"/>
                <TextEquiv>
                    <Unicode>spiel: „Paracelsus“, hierauf folgte das Schauspiel: „Die</Unicode>
                </TextEquiv>
            </TextLine>
            <TextLine id="r2l17" custom="readingOrder {index:16;}">
                <Coords points="1895,1759 2973,1757 2989,1706 1895,1716"/>
                <Baseline points="1905,1746 1958,1746 2012,1745 2066,1745 2120,1745 2173,1745 2227,1745 2281,1745 2335,1745 2388,1745 2442,1745 2496,1745 2550,1745 2603,1745 2657,1745 2711,1745 2765,1745 2818,1745 2872,1745 2926,1745 2980,1745"/>
                <TextEquiv>
                    <Unicode>Gefährtin“ und den Schluß bildeten „groteske Szenen“ aus</Unicode>
                </TextEquiv>
            </TextLine>
            <TextLine id="r2l18" custom="readingOrder {index:17;}">
                <Coords points="1887,1790 2836,1808 2994,1792 2994,1766 2886,1741 1887,1770"/>
                <Baseline points="1898,1794 1952,1794 2006,1794 2060,1793 2115,1793 2169,1793 2223,1793 2278,1793 2332,1792 2386,1792 2441,1792 2495,1792 2549,1792 2603,1792 2658,1792 2712,1792 2766,1792 2821,1792 2875,1792 2929,1792 2984,1792"/>
                <TextEquiv>
                    <Unicode>der französischen Rerolutionszeit zu Ende des vorigen Jahr¬</Unicode>
                </TextEquiv>
            </TextLine>
            <TextLine id="r2l19" custom="readingOrder {index:18;}">
                <Coords points="1896,1859 2734,1862 2813,1827 2961,1860 2996,1796 2090,1823 1895,1790"/>
                <Baseline points="1905,1843 1959,1843 2013,1842 2067,1842 2121,1842 2175,1842 2229,1842 2283,1841 2337,1841 2391,1841 2446,1841 2500,1841 2554,1840 2608,1840 2662,1840 2716,1840 2770,1840 2824,1840 2878,1840 2932,1840 2987,1840"/>
                <TextEquiv>
                    <Unicode>hunderts, die den Titel: „Der grüne Kakadu“ führten.</Unicode>
                </TextEquiv>
            </TextLine>
            <TextLine id="r2l20" custom="readingOrder {index:19;}">
                <Coords points="1896,1908 2994,1905 2994,1854 1896,1859"/>
                <Baseline points="1906,1892 1959,1892 2013,1891 2067,1891 2121,1891 2175,1890 2229,1890 2283,1890 2337,1890 2391,1890 2445,1890 2498,1890 2552,1890 2606,1890 2660,1889 2714,1889 2768,1889 2822,1888 2876,1887 2930,1887 2984,1886"/>
                <TextEquiv>
                    <Unicode>Der äußere Erfolg dieser Novitäten darf als durchschlagend be¬</Unicode>
                </TextEquiv>
            </TextLine>
            <TextLine id="r2l21" custom="readingOrder {index:20;}">
                <Coords points="1898,1957 2852,1961 2998,1946 2998,1907 1897,1908"/>
                <Baseline points="1907,1943 1961,1942 2015,1941 2069,1940 2123,1939 2177,1938 2231,1938 2285,1938 2339,1938 2393,1938 2447,1938 2501,1938 2555,1939 2609,1939 2663,1939 2717,1939 2771,1939 2825,1938 2879,1938 2933,1937 2988,1936"/>
                <TextEquiv>
                    <Unicode>zeichnet werden. Nach jedesmaligem Fallen des Vorhangs</Unicode>
                </TextEquiv>
            </TextLine>
            <TextLine id="r2l22" custom="readingOrder {index:21;}">
                <Coords points="1889,1999 2962,2002 3000,1955 1889,1956"/>
                <Baseline points="1899,1990 1953,1989 2008,1989 2062,1989 2117,1988 2171,1988 2226,1988 2280,1988 2335,1988 2389,1987 2444,1987 2499,1987 2553,1987 2608,1987 2662,1986 2717,1986 2771,1986 2826,1985 2880,1985 2935,1984 2990,1984"/>
                <TextEquiv>
                    <Unicode>wurde lebhaft applandirt, und auch mehrfache Hervorrufe</Unicode>
                </TextEquiv>
            </TextLine>
            <TextLine id="r2l23" custom="readingOrder {index:22;}">
                <Coords points="1887,2037 2998,2064 2998,1988 2758,2016 1887,1997"/>
                <Baseline points="1897,2038 1951,2037 2006,2037 2060,2036 2115,2035 2169,2035 2224,2034 2278,2034 2333,2034 2387,2034 2442,2034 2497,2034 2551,2034 2606,2034 2660,2034 2715,2034 2769,2034 2824,2033 2878,2033 2933,2033 2988,2032"/>
                <TextEquiv>
                    <Unicode>konnten die Darsteller als wohlverdient acceptiren. Ein großer</Unicode>
                </TextEquiv>
            </TextLine>
            <TextLine id="r2l24" custom="readingOrder {index:23;}">
                <Coords points="1898,2086 2941,2104 3002,2066 2903,2038 1897,2041"/>
                <Baseline points="1908,2088 1962,2087 2016,2087 2070,2086 2124,2086 2179,2085 2233,2085 2287,2084 2341,2084 2395,2084 2450,2084 2504,2083 2558,2083 2612,2083 2666,2083 2721,2083 2775,2083 2829,2082 2883,2082 2937,2081 2992,2081"/>
                <TextEquiv>
                    <Unicode>Theil des Erfolgs ist jedoch der trefflichen Inszenirung zuzu¬</Unicode>
                </TextEquiv>
            </TextLine>
            <TextLine id="r2l25" custom="readingOrder {index:24;}">
                <Coords points="1899,2153 2783,2154 2980,2141 2993,2106 2221,2085 2064,2114 1898,2084"/>
                <Baseline points="1908,2139 1961,2137 2015,2136 2069,2135 2123,2134 2177,2133 2230,2133 2284,2132 2338,2132 2392,2131 2446,2131 2499,2131 2553,2131 2607,2131 2661,2130 2715,2130 2768,2130 2822,2130 2876,2130 2930,2130 2984,2130"/>
                <TextEquiv>
                    <Unicode>schreiben, bei der sich die Regiekunst des Herrn Horvath in vor¬</Unicode>
                </TextEquiv>
            </TextLine>
            <TextLine id="r2l26" custom="readingOrder {index:25;}">
                <Coords points="1889,2194 3000,2199 2999,2148 2903,2129 2681,2158 1966,2140 1889,2168"/>
                <Baseline points="1899,2187 1953,2186 2008,2185 2062,2184 2117,2184 2171,2184 2226,2183 2280,2183 2335,2183 2389,2182 2444,2182 2499,2182 2553,2182 2608,2182 2662,2182 2717,2181 2771,2181 2826,2180 2880,2180 2935,2179 2990,2178"/>
                <TextEquiv>
                    <Unicode>theilhaftestem Lichte zeigte. Namentlich das dritte Stück stellt</Unicode>
                </TextEquiv>
            </TextLine>
            <TextLine id="r2l27" custom="readingOrder {index:26;}">
                <Coords points="1904,2232 2801,2252 2990,2239 2990,2188 1903,2199"/>
                <Baseline points="1914,2234 1967,2234 2020,2233 2073,2233 2127,2232 2180,2232 2233,2231 2287,2231 2340,2231 2393,2230 2447,2230 2500,2229 2553,2229 2606,2229 2660,2229 2713,2229 2766,2229 2820,2229 2873,2230 2926,2230 2980,2231"/>
                <TextEquiv>
                    <Unicode>in Bezug auf die lebensvolle Gestaltung der Massenszenen, bei</Unicode>
                </TextEquiv>
            </TextLine>
            <TextLine id="r2l28" custom="readingOrder {index:27;}">
                <Coords points="1888,2288 2981,2298 2996,2242 1888,2253"/>
                <Baseline points="1898,2282 1952,2282 2006,2281 2061,2281 2115,2280 2170,2280 2224,2280 2279,2279 2333,2279 2388,2279 2442,2279 2496,2278 2551,2278 2605,2278 2660,2277 2714,2277 2769,2277 2823,2276 2878,2276 2932,2276 2987,2275"/>
                <TextEquiv>
                    <Unicode>denen trotz des auscheinend wirren Durcheinander der agirenden</Unicode>
                </TextEquiv>
            </TextLine>
            <TextLine id="r2l29" custom="readingOrder {index:28;}">
                <Coords points="1890,2338 2989,2331 2928,2284 1890,2290"/>
                <Baseline points="1901,2329 1957,2328 2014,2328 2071,2327 2128,2327 2184,2327 2241,2327 2298,2327 2355,2327 2412,2327 2468,2328 2525,2328 2582,2328 2639,2328 2696,2327 2752,2327 2809,2326 2866,2325 2923,2324 2980,2322"/>
                <TextEquiv>
                    <Unicode>Personen doch jedes Wort zur Geltung gelangte, ganz außer¬</Unicode>
                </TextEquiv>
            </TextLine>
            <TextLine id="r2l30" custom="readingOrder {index:29;}">
                <Coords points="1890,2376 2987,2395 2987,2346 2877,2331 1890,2341"/>
                <Baseline points="1900,2378 1953,2377 2007,2376 2061,2376 2115,2376 2169,2376 2223,2376 2276,2377 2330,2377 2384,2378 2438,2378 2492,2378 2546,2379 2600,2379 2653,2379 2707,2378 2761,2378 2815,2377 2869,2376 2923,2374 2977,2372"/>
                <TextEquiv>
                    <Unicode>ordentliche Anforderungen an die künstlerische Umsicht und an</Unicode>
                </TextEquiv>
            </TextLine>
            <TextLine id="r2l31" custom="readingOrder {index:30;}">
                <Coords points="1888,2434 3001,2422 2902,2381 1888,2377"/>
                <Baseline points="1899,2424 1953,2425 2008,2425 2062,2425 2117,2426 2172,2426 2226,2426 2281,2426 2335,2426 2390,2426 2445,2425 2499,2425 2554,2425 2608,2425 2663,2424 2718,2424 2772,2424 2827,2423 2881,2423 2936,2423 2991,2422"/>
                <TextEquiv>
                    <Unicode>die Intelligenz des Regisseurs. Mit plumpen, handwerksmäßigen</Unicode>
                </TextEquiv>
            </TextLine>
            <TextLine id="r2l32" custom="readingOrder {index:31;}">
                <Coords points="1895,2474 2746,2471 2895,2503 2996,2477 2944,2434 1895,2435"/>
                <Baseline points="1905,2475 1959,2475 2013,2476 2067,2476 2121,2476 2175,2475 2229,2475 2283,2475 2337,2475 2391,2474 2445,2474 2499,2474 2553,2473 2607,2473 2661,2473 2715,2472 2769,2472 2823,2472 2877,2472 2931,2472 2985,2472"/>
                <TextEquiv>
                    <Unicode>Griffen ist dabei nicht auszukommen, wenn die Idee des</Unicode>
                </TextEquiv>
            </TextLine>
            <TextLine id="r2l33" custom="readingOrder {index:32;}">
                <Coords points="1854,2525 1930,2543 2590,2529 2590,2480 2246,2477 2100,2500 2047,2476 1919,2485 1854,2456"/>
                <Baseline points="1863,2516 1898,2517 1934,2518 1970,2520 2006,2521 2042,2521 2078,2522 2113,2522 2149,2522 2185,2522 2221,2522 2257,2522 2293,2522 2329,2521 2364,2521 2400,2521 2436,2521 2472,2521 2508,2521 2544,2521 2580,2521"/>
                <TextEquiv>
                    <Unicode>ür Autors zu ihrem Rechte gelangen soll.</Unicode>
                </TextEquiv>
            </TextLine>
            <TextLine id="r2l34" custom="readingOrder {index:33;}">
                <Coords points="1957,2584 2996,2592 2996,2521 1956,2536"/>
                <Baseline points="1967,2573 2018,2572 2069,2572 2120,2572 2171,2571 2222,2571 2273,2571 2324,2571 2375,2571 2426,2571 2477,2571 2528,2571 2579,2571 2630,2571 2681,2570 2732,2570 2783,2570 2834,2569 2885,2569 2936,2568 2987,2567"/>
                <TextEquiv>
                    <Unicode>In Bezug auf den dichterischen Werth der drei Novitäten könnte</Unicode>
                </TextEquiv>
            </TextLine>
            <TextLine id="r2l35" custom="readingOrder {index:34;}">
                <Coords points="1894,2622 2992,2626 2992,2589 2923,2577 1894,2593"/>
                <Baseline points="1903,2624 1959,2622 2016,2621 2073,2620 2130,2619 2186,2619 2243,2619 2300,2619 2357,2619 2414,2619 2470,2619 2527,2620 2584,2620 2641,2621 2698,2621 2754,2621 2811,2621 2868,2621 2925,2620 2982,2620"/>
                <TextEquiv>
                    <Unicode>man versucht sein, dem Schauspiel „Die Gefährtin“ den Vorzug zu</Unicode>
                </TextEquiv>
            </TextLine>
            <TextLine id="r2l36" custom="readingOrder {index:35;}">
                <Coords points="1902,2679 2937,2684 2991,2674 2991,2628 1902,2647"/>
                <Baseline points="1911,2671 1964,2669 2018,2668 2071,2667 2125,2667 2178,2667 2232,2667 2285,2667 2339,2667 2392,2668 2446,2668 2499,2669 2553,2669 2606,2670 2660,2670 2713,2670 2767,2670 2820,2669 2874,2668 2927,2667 2981,2665"/>
                <TextEquiv>
                    <Unicode>geben, wenn man nicht zwischen Poesie und Stimmungsmacherei</Unicode>
                </TextEquiv>
            </TextLine>
            <TextLine id="r2l37" custom="readingOrder {index:36;}">
                <Coords points="1902,2727 2871,2732 2987,2721 2987,2690 1902,2697"/>
                <Baseline points="1911,2724 1964,2722 2017,2721 2070,2720 2124,2719 2177,2718 2230,2718 2284,2718 2337,2717 2390,2717 2444,2717 2497,2717 2550,2717 2603,2717 2657,2717 2710,2717 2763,2717 2817,2717 2870,2716 2923,2716 2977,2715"/>
                <TextEquiv>
                    <Unicode>zu unterscheiden versteht. Bei einem Drama kommt es außerdem</Unicode>
                </TextEquiv>
            </TextLine>
            <TextLine id="r2l38" custom="readingOrder {index:37;}">
                <Coords points="1898,2769 2946,2785 2979,2723 1898,2726"/>
                <Baseline points="1908,2773 1961,2772 2014,2770 2067,2769 2120,2768 2173,2768 2226,2767 2279,2767 2332,2767 2385,2767 2438,2767 2491,2767 2544,2767 2597,2767 2650,2767 2703,2766 2756,2766 2809,2766 2862,2765 2915,2764 2969,2763"/>
                <TextEquiv>
                    <Unicode>auf Ausgestaltung der Charaktere an, und da der Autor in</Unicode>
                </TextEquiv>
            </TextLine>
            <TextLine id="r2l39" custom="readingOrder {index:38;}">
                <Coords points="1899,2841 2907,2832 3001,2819 3001,2762 1899,2777"/>
                <Baseline points="1908,2820 1962,2819 2016,2818 2070,2817 2124,2817 2178,2816 2232,2816 2287,2815 2341,2815 2395,2815 2449,2815 2503,2815 2557,2815 2611,2814 2666,2814 2720,2814 2774,2814 2828,2813 2882,2813 2936,2812 2991,2811"/>
                <TextEquiv>
                    <Unicode>dieser Beziehung in allen drei Einaktern oberflächlich verfahren</Unicode>
                </TextEquiv>
            </TextLine>
            <TextLine id="r2l40" custom="readingOrder {index:39;}">
                <Coords points="1909,2882 2967,2882 2996,2880 2996,2821 1909,2839"/>
                <Baseline points="1919,2872 1972,2869 2025,2868 2079,2867 2132,2865 2186,2865 2239,2864 2292,2864 2346,2864 2399,2864 2453,2865 2506,2865 2559,2865 2613,2865 2666,2865 2720,2865 2773,2865 2826,2864 2880,2863 2933,2861 2987,2858"/>
                <TextEquiv>
                    <Unicode>ist, kann man die Stücke als künstlerisch gleichwerthig be¬</Unicode>
                </TextEquiv>
            </TextLine>
            <TextLine id="r2l41" custom="readingOrder {index:40;}">
                <Coords points="1898,2930 2993,2915 2960,2868 1897,2882"/>
                <Baseline points="1907,2921 1960,2920 2014,2919 2068,2918 2122,2917 2175,2916 2229,2916 2283,2915 2337,2915 2390,2914 2444,2914 2498,2913 2552,2913 2605,2912 2659,2912 2713,2911 2767,2910 2820,2910 2874,2909 2928,2908 2982,2907"/>
                <TextEquiv>
                    <Unicode>zeichnen, wenn auch das letzte: „Der grüne Kakadu“ mehr</Unicode>
                </TextEquiv>
            </TextLine>
            <TextLine id="r2l42" custom="readingOrder {index:41;}">
                <Coords points="1898,2998 2243,2958 2387,2987 2995,2978 2994,2913 1898,2929"/>
                <Baseline points="1908,2967 1961,2966 2015,2965 2069,2964 2123,2964 2177,2964 2231,2964 2284,2963 2338,2963 2392,2963 2446,2963 2500,2963 2554,2963 2608,2963 2661,2962 2715,2961 2769,2961 2823,2960 2877,2958 2931,2957 2985,2955"/>
                <TextEquiv>
                    <Unicode>dramatisches Leben und Bewegung zeigt als die beiden ersten</Unicode>
                </TextEquiv>
            </TextLine>
            <TextLine id="r2l43" custom="readingOrder {index:42;}">
                <Coords points="1904,3027 2926,3005 3005,3032 3004,2969 2969,2967 1904,2995"/>
                <Baseline points="1913,3014 1967,3013 2021,3013 2075,3013 2129,3012 2183,3012 2237,3012 2291,3011 2345,3011 2399,3011 2454,3011 2508,3010 2562,3010 2616,3010 2670,3009 2724,3009 2778,3009 2832,3008 2886,3008 2940,3007 2995,3007"/>
                <TextEquiv>
                    <Unicode>zusammengenommen. Die Hauptfigur in „Paracelsus“ ist</Unicode>
                </TextEquiv>
            </TextLine>
            <TextLine id="r2l44" custom="readingOrder {index:43;}">
                <Coords points="1901,3064 2380,3084 2748,3053 2789,3079 3010,3048 2919,3013 1901,3026"/>
                <Baseline points="1911,3060 1965,3061 2019,3061 2074,3061 2128,3061 2183,3061 2237,3061 2291,3060 2346,3060 2400,3060 2455,3059 2509,3059 2563,3059 2618,3058 2672,3058 2727,3058 2781,3058 2835,3058 2890,3059 2944,3059 2999,3060"/>
                <TextEquiv>
                    <Unicode>jener zu Anfang des sechzehnten Jahrhunderts viel gerühmte</Unicode>
                </TextEquiv>
            </TextLine>
            <TextLine id="r2l45" custom="readingOrder {index:44;}">
                <Coords points="1900,3114 3013,3107 2981,3070 2736,3050 2567,3083 1900,3063"/>
                <Baseline points="1911,3109 1965,3109 2020,3110 2074,3110 2129,3110 2184,3110 2238,3110 2293,3110 2347,3109 2402,3109 2457,3108 2511,3107 2566,3107 2620,3106 2675,3105 2730,3105 2784,3104 2839,3104 2893,3103 2948,3103 3003,3103"/>
                <TextEquiv>
                    <Unicode>und in gleichem Maße verlästerte Naturforscher und Arzt</Unicode>
                </TextEquiv>
            </TextLine>
            <TextLine id="r2l46" custom="readingOrder {index:45;}">
                <Coords points="1911,3176 2883,3172 2997,3149 2997,3112 1910,3125"/>
                <Baseline points="1921,3159 1974,3158 2027,3157 2080,3156 2134,3155 2187,3155 2240,3154 2294,3154 2347,3154 2400,3153 2454,3153 2507,3153 2560,3152 2613,3152 2667,3151 2720,3151 2773,3150 2827,3149 2880,3148 2933,3147 2987,3145"/>
                <TextEquiv>
                    <Unicode>Philippus Bombastus von Hohenheim, dessen ärztliche Wunder¬</Unicode>
                </TextEquiv>
            </TextLine>
            <TextLine id="r2l47" custom="readingOrder {index:46;}">
                <Coords points="1915,3208 2996,3222 2996,3165 2940,3156 1915,3169"/>
                <Baseline points="1924,3205 1977,3204 2030,3204 2083,3204 2136,3203 2189,3203 2242,3202 2295,3202 2348,3202 2401,3201 2455,3201 2508,3201 2561,3201 2614,3201 2667,3201 2720,3201 2773,3201 2826,3201 2879,3201 2932,3201 2986,3201"/>
                <TextEquiv>
                    <Unicode>kuren nicht nur in seiner Schweizer Heimath, sondern auch in</Unicode>
                </TextEquiv>
            </TextLine>
            <TextLine id="r2l48" custom="readingOrder {index:47;}">
                <Coords points="1906,3268 2994,3265 2994,3200 1905,3215"/>
                <Baseline points="1916,3252 1969,3252 2022,3251 2076,3250 2129,3250 2183,3249 2236,3249 2289,3249 2343,3249 2396,3249 2450,3249 2503,3249 2556,3249 2610,3249 2663,3249 2717,3249 2770,3248 2823,3248 2877,3248 2930,3248 2984,3248"/>
                <TextEquiv>
                    <Unicode>Deutschland Aufsehen erregten. Die Verehrer des sonderbaren</Unicode>
                </TextEquiv>
            </TextLine>
            <TextLine id="r2l49" custom="readingOrder {index:48;}">
                <Coords points="1898,3317 2977,3305 2996,3266 1898,3270"/>
                <Baseline points="1907,3301 1963,3300 2020,3300 2077,3299 2134,3299 2190,3298 2247,3298 2304,3298 2361,3298 2418,3298 2474,3298 2531,3298 2588,3297 2645,3297 2702,3297 2758,3297 2815,3297 2872,3296 2929,3295 2986,3295"/>
                <TextEquiv>
                    <Unicode>Mannes nannten ihn einen Weltweisen, seine Feinde und</Unicode>
                </TextEquiv>
            </TextLine>
            <TextLine id="r2l50" custom="readingOrder {index:49;}">
                <Coords points="1904,3354 3005,3353 2947,3302 1904,3319"/>
                <Baseline points="1915,3349 1969,3349 2023,3348 2077,3348 2131,3348 2185,3347 2239,3347 2293,3346 2347,3346 2401,3345 2455,3345 2509,3344 2563,3344 2617,3343 2671,3343 2725,3343 2779,3343 2833,3343 2887,3343 2941,3343 2995,3343"/>
                <TextEquiv>
                    <Unicode>Neider qualifizirten ihn als Gaukler und Schwindler. Ueber</Unicode>
                </TextEquiv>
            </TextLine>
            <TextLine id="r2l51" custom="readingOrder {index:50;}">
                <Coords points="1905,3404 3009,3407 3009,3364 2919,3348 1905,3351"/>
                <Baseline points="1914,3398 1968,3397 2022,3396 2076,3395 2131,3395 2185,3395 2239,3394 2294,3394 2348,3394 2402,3394 2457,3394 2511,3394 2565,3394 2619,3394 2674,3394 2728,3394 2782,3395 2837,3395 2891,3395 2945,3396 3000,3396"/>
                <TextEquiv>
                    <Unicode>den Werth der Schriften des Paracelsus ist man bekanntlich</Unicode>
                </TextEquiv>
            </TextLine>
            <TextLine id="r2l52" custom="readingOrder {index:51;}">
                <Coords points="1907,3446 2888,3457 2996,3441 2996,3404 1907,3407"/>
                <Baseline points="1917,3447 1970,3447 2024,3447 2077,3447 2131,3447 2184,3446 2238,3445 2291,3445 2345,3444 2398,3443 2452,3443 2505,3442 2559,3442 2612,3441 2666,3441 2719,3441 2773,3441 2826,3441 2880,3442 2933,3442 2987,3443"/>
                <TextEquiv>
                    <Unicode>auch heute noch nicht einig geworden. Arthur Schnitzler</Unicode>
                </TextEquiv>
            </TextLine>
            <TextLine id="r2l53" custom="readingOrder {index:52;}">
                <Coords points="1913,3499 3008,3516 3008,3437 1913,3456"/>
                <Baseline points="1924,3496 1977,3495 2031,3494 2085,3494 2138,3494 2192,3493 2246,3493 2299,3492 2353,3492 2407,3492 2461,3492 2514,3492 2568,3492 2622,3491 2675,3491 2729,3492 2783,3492 2836,3492 2890,3492 2944,3492 2998,3493"/>
                <TextEquiv>
                    <Unicode>charakterisirt den Helden seines Stückes als einen seiner Zeit</Unicode>
                </TextEquiv>
            </TextLine>
            <TextLine id="r2l54" custom="readingOrder {index:53;}">
                <Coords points="1909,3557 2680,3537 3001,3565 3001,3507 2968,3496 1909,3506"/>
                <Baseline points="1919,3542 1972,3541 2026,3540 2079,3539 2133,3539 2187,3538 2240,3538 2294,3538 2347,3538 2401,3538 2455,3538 2508,3538 2562,3538 2615,3538 2669,3539 2723,3539 2776,3539 2830,3539 2883,3540 2937,3540 2991,3540"/>
                <TextEquiv>
                    <Unicode>weit vorauseilenden Geist, der die Kräfte der Natur im Dienste</Unicode>
                </TextEquiv>
            </TextLine>
            <TextLine id="r2l55" custom="readingOrder {index:54;}">
                <Coords points="1909,3594 2988,3601 2988,3548 1909,3556"/>
                <Baseline points="1919,3589 1972,3589 2025,3589 2078,3589 2131,3589 2184,3589 2237,3589 2290,3588 2343,3588 2396,3588 2449,3588 2502,3587 2555,3587 2608,3587 2661,3587 2714,3587 2767,3587 2820,3587 2873,3587 2926,3587 2979,3587"/>
                <TextEquiv>
                    <Unicode>der ärztlichen Kunst zu verwerthen verstand. Die Hand¬</Unicode>
                </TextEquiv>
            </TextLine>
            <TextLine id="r2l56" custom="readingOrder {index:55;}">
                <Coords points="1911,3648 3004,3652 3004,3597 1911,3607"/>
                <Baseline points="1922,3638 1975,3638 2029,3639 2082,3639 2136,3639 2190,3639 2243,3639 2297,3638 2350,3638 2404,3638 2458,3638 2511,3637 2565,3637 2618,3637 2672,3637 2726,3637 2779,3637 2833,3637 2886,3637 2940,3637 2994,3638"/>
                <TextEquiv>
                    <Unicode>lung des Stückes besteht darin, daß Paracelsus im Hause des</Unicode>
                </TextEquiv>
            </TextLine>
            <TextLine id="r2l57" custom="readingOrder {index:56;}">
                <Coords points="1914,3695 2993,3693 2975,3643 1914,3640"/>
                <Baseline points="1923,3687 1976,3687 2029,3687 2082,3687 2135,3687 2188,3687 2241,3686 2294,3686 2347,3686 2400,3686 2453,3685 2506,3685 2559,3685 2612,3685 2665,3684 2718,3684 2771,3685 2824,3685 2877,3685 2930,3686 2984,3687"/>
                <TextEquiv>
                    <Unicode>Waffenschmiedes Cyprian jenes weibliche Wesen wieder erblickt,</Unicode>
                </TextEquiv>
            </TextLine>
            <TextLine id="r2l58" custom="readingOrder {index:57;}">
                <Coords points="1912,3746 2780,3730 2824,3761 2953,3749 3001,3690 1912,3691"/>
                <Baseline points="1921,3735 1974,3735 2028,3734 2081,3734 2135,3734 2188,3734 2242,3733 2295,3733 2349,3733 2402,3732 2456,3732 2509,3732 2563,3732 2616,3732 2670,3732 2723,3732 2777,3733 2830,3733 2884,3734 2937,3734 2991,3735"/>
                <TextEquiv>
                    <Unicode>dem er einst in jungen Jahren sein Herz geweiht. Justine ist</Unicode>
                </TextEquiv>
            </TextLine>
            <TextLine id="r2l59" custom="readingOrder {index:58;}">
                <Coords points="1905,3800 2588,3778 2708,3809 2909,3779 2992,3809 2992,3738 1905,3753"/>
                <Baseline points="1915,3786 1968,3785 2021,3785 2074,3784 2128,3783 2181,3783 2234,3783 2288,3782 2341,3782 2394,3782 2448,3782 2501,3782 2554,3782 2607,3782 2661,3782 2714,3782 2767,3782 2821,3782 2874,3782 2927,3782 2981,3781"/>
                <TextEquiv>
                    <Unicode>jetzt die Gattin Cyprian's. Mit Hülfe der Hypnose und auf</Unicode>
                </TextEquiv>
            </TextLine>
            <TextLine id="r2l60" custom="readingOrder {index:59;}">
                <Coords points="1904,3861 2006,3831 2091,3858 2980,3846 2992,3808 2907,3779 2709,3809 2472,3782 2384,3816 2193,3783 1903,3800"/>
                <Baseline points="1913,3835 1966,3834 2020,3833 2073,3832 2127,3832 2180,3832 2234,3831 2287,3831 2341,3831 2394,3831 2448,3831 2501,3831 2555,3831 2608,3831 2662,3831 2715,3831 2769,3831 2822,3831 2876,3830 2929,3830 2983,3829"/>
                <TextEquiv>
                    <Unicode>dem Wege der Suggestion zwingt Peracelsus die zur Flatter¬</Unicode>
                </TextEquiv>
            </TextLine>
            <TextLine id="r2l61" custom="readingOrder {index:60;}">
                <Coords points="1905,3893 2978,3897 3005,3830 1904,3862"/>
                <Baseline points="1915,3884 1969,3883 2023,3883 2077,3882 2131,3882 2185,3882 2239,3882 2293,3881 2347,3881 2401,3881 2455,3881 2509,3881 2563,3880 2617,3880 2671,3880 2725,3879 2779,3879 2833,3878 2887,3878 2941,3877 2996,3876"/>
                <TextEquiv>
                    <Unicode>haftigkeit neigende Frau, alle Regungen ihres Herzens</Unicode>
                </TextEquiv>
            </TextLine>
            <TextLine id="r2l62" custom="readingOrder {index:61;}">
                <Coords points="1915,3934 3010,3933 2990,3884 1915,3881"/>
                <Baseline points="1925,3930 1978,3929 2032,3928 2086,3928 2139,3927 2193,3927 2247,3927 2300,3927 2354,3927 2408,3927 2462,3927 2515,3927 2569,3927 2623,3927 2676,3927 2730,3927 2784,3926 2837,3926 2891,3926 2945,3925 2999,3924"/>
                <TextEquiv>
                    <Unicode>ihrem Gatten darzulegen, und dieser erkennt, daß eine hübsche</Unicode>
                </TextEquiv>
            </TextLine>
            <TextLine id="r2l63" custom="readingOrder {index:62;}">
                <Coords points="1909,3984 3011,3972 2859,3927 1909,3938"/>
                <Baseline points="1918,3982 1972,3980 2026,3979 2080,3978 2134,3978 2188,3977 2242,3976 2297,3976 2351,3976 2405,3976 2459,3976 2513,3976 2567,3976 2621,3976 2676,3976 2730,3976 2784,3976 2838,3976 2892,3976 2946,3975 3001,3975"/>
                <TextEquiv>
                    <Unicode>junge Frau ein Besitz ist, den man sorgfältig zu hüten hat.</Unicode>
                </TextEquiv>
            </TextLine>
            <TextLine id="r2l64" custom="readingOrder {index:63;}">
                <Coords points="1903,4031 3006,4046 3005,3972 1903,3986"/>
                <Baseline points="1913,4027 1967,4026 2021,4026 2075,4026 2129,4025 2183,4025 2237,4024 2292,4024 2346,4024 2400,4023 2454,4023 2508,4023 2562,4022 2616,4022 2671,4022 2725,4022 2779,4021 2833,4021 2887,4021 2941,4021 2996,4021"/>
                <TextEquiv>
                    <Unicode>Paracelsus beweist durch sein Experiment, daß Schein und</Unicode>
                </TextEquiv>
            </TextLine>
            <TextLine id="r2l65" custom="readingOrder {index:64;}">
                <Coords points="1909,4074 2997,4051 1908,4032"/>
                <Baseline points="1918,4074 1971,4074 2025,4074 2078,4074 2132,4074 2185,4074 2239,4074 2292,4073 2346,4073 2399,4072 2453,4072 2506,4072 2560,4071 2613,4071 2667,4070 2720,4070 2774,4070 2827,4069 2881,4069 2934,4069 2988,4069"/>
                <TextEquiv>
                    <Unicode>Wahrheit, Spiel und Leben ineinanderfließen. Daß solch ein</Unicode>
                </TextEquiv>
            </TextLine>
            <TextEquiv>
                <Unicode>box 16/1
Telefon 12801.
Unternehmen für Zeitungs-Ausschnitte.
Ausschnitt
„OBSERVER“ N. 54
L. österr. behördl. conc. Bureau für Zeitungsberichte u. Personalnachrichten
Wien, IX/1. Türkenstrasse 17.
Filiale in Budapest: „Figyeló“
Vertretungen in Berlin, Chicago, London, Newyork, Paris, Stockholm.
Ausschnitt aus:
vom Cgc.
Theatex, Kunst und Wissenschaft.
B. Im Altonger Stadt=Theater brachte der gestrige
#rste Novitätenabend der Saison drei Einakter von Arthur
Schnitzler. Den Anfang der Vorstellung machte das Vers¬
spiel: „Paracelsus“, hierauf folgte das Schauspiel: „Die
Gefährtin“ und den Schluß bildeten „groteske Szenen“ aus
der französischen Rerolutionszeit zu Ende des vorigen Jahr¬
hunderts, die den Titel: „Der grüne Kakadu“ führten.
Der äußere Erfolg dieser Novitäten darf als durchschlagend be¬
zeichnet werden. Nach jedesmaligem Fallen des Vorhangs
wurde lebhaft applandirt, und auch mehrfache Hervorrufe
konnten die Darsteller als wohlverdient acceptiren. Ein großer
Theil des Erfolgs ist jedoch der trefflichen Inszenirung zuzu¬
schreiben, bei der sich die Regiekunst des Herrn Horvath in vor¬
theilhaftestem Lichte zeigte. Namentlich das dritte Stück stellt
in Bezug auf die lebensvolle Gestaltung der Massenszenen, bei
denen trotz des auscheinend wirren Durcheinander der agirenden
Personen doch jedes Wort zur Geltung gelangte, ganz außer¬
ordentliche Anforderungen an die künstlerische Umsicht und an
die Intelligenz des Regisseurs. Mit plumpen, handwerksmäßigen
Griffen ist dabei nicht auszukommen, wenn die Idee des
ür Autors zu ihrem Rechte gelangen soll.
In Bezug auf den dichterischen Werth der drei Novitäten könnte
man versucht sein, dem Schauspiel „Die Gefährtin“ den Vorzug zu
geben, wenn man nicht zwischen Poesie und Stimmungsmacherei
zu unterscheiden versteht. Bei einem Drama kommt es außerdem
auf Ausgestaltung der Charaktere an, und da der Autor in
dieser Beziehung in allen drei Einaktern oberflächlich verfahren
ist, kann man die Stücke als künstlerisch gleichwerthig be¬
zeichnen, wenn auch das letzte: „Der grüne Kakadu“ mehr
dramatisches Leben und Bewegung zeigt als die beiden ersten
zusammengenommen. Die Hauptfigur in „Paracelsus“ ist
jener zu Anfang des sechzehnten Jahrhunderts viel gerühmte
und in gleichem Maße verlästerte Naturforscher und Arzt
Philippus Bombastus von Hohenheim, dessen ärztliche Wunder¬
kuren nicht nur in seiner Schweizer Heimath, sondern auch in
Deutschland Aufsehen erregten. Die Verehrer des sonderbaren
Mannes nannten ihn einen Weltweisen, seine Feinde und
Neider qualifizirten ihn als Gaukler und Schwindler. Ueber
den Werth der Schriften des Paracelsus ist man bekanntlich
auch heute noch nicht einig geworden. Arthur Schnitzler
charakterisirt den Helden seines Stückes als einen seiner Zeit
weit vorauseilenden Geist, der die Kräfte der Natur im Dienste
der ärztlichen Kunst zu verwerthen verstand. Die Hand¬
lung des Stückes besteht darin, daß Paracelsus im Hause des
Waffenschmiedes Cyprian jenes weibliche Wesen wieder erblickt,
dem er einst in jungen Jahren sein Herz geweiht. Justine ist
jetzt die Gattin Cyprian's. Mit Hülfe der Hypnose und auf
dem Wege der Suggestion zwingt Peracelsus die zur Flatter¬
haftigkeit neigende Frau, alle Regungen ihres Herzens
ihrem Gatten darzulegen, und dieser erkennt, daß eine hübsche
junge Frau ein Besitz ist, den man sorgfältig zu hüten hat.
Paracelsus beweist durch sein Experiment, daß Schein und
Wahrheit, Spiel und Leben ineinanderfließen. Daß solch ein</Unicode>
            </TextEquiv>
        </TextRegion>
        <TextRegion orientation="0.0" id="r3" custom="readingOrder {index:2;}">
            <Coords points="2996,2470 2996,2782 3268,2782 3268,2470"/>
            <TextLine id="r3l1" custom="readingOrder {index:0;}">
                <Coords points="3008,2514 3059,2503 3098,2501 3112,2511 3118,2504 3150,2511 3210,2500 3208,2425 3183,2420 3139,2448 3109,2438 3082,2459 3051,2466 3022,2446 3004,2445"/>
                <Baseline points="3017,2499 3043,2499 3069,2498 3096,2497 3122,2495 3149,2494 3175,2492 3202,2490"/>
                <TextEquiv>
                    <Unicode>inclusive</Unicode>
                </TextEquiv>
            </TextLine>
            <TextLine id="r3l2" custom="readingOrder {index:1;}">
                <Coords points="3023,2533 3081,2548 3090,2541 3096,2545 3116,2540 3149,2547 3157,2538 3179,2536 3177,2504 3138,2512 3116,2507 3112,2511 3098,2502 3022,2509"/>
                <Baseline points="3033,2539 3060,2537 3087,2536 3114,2534 3141,2533 3168,2534"/>
                <TextEquiv>
                    <Unicode>Porto.</Unicode>
                </TextEquiv>
            </TextLine>
            <TextLine id="r3l3" custom="readingOrder {index:2;}">
                <Coords points="3007,2584 3041,2591 3046,2584 3064,2588 3088,2580 3109,2581 3117,2589 3135,2578 3194,2581 3191,2524 3179,2525 3147,2550 3129,2539 3100,2548 3086,2541 3080,2547 3040,2539 3032,2532 3004,2533"/>
                <Baseline points="3017,2580 3044,2575 3072,2573 3100,2572 3127,2572 3155,2571 3183,2569"/>
                <TextEquiv>
                    <Unicode>Zahlbar</Unicode>
                </TextEquiv>
            </TextLine>
            <TextLine id="r3l4" custom="readingOrder {index:3;}">
                <Coords points="3004,2623 3022,2630 3073,2622 3095,2639 3111,2631 3133,2639 3142,2631 3164,2634 3189,2613 3214,2618 3212,2569 3201,2569 3189,2582 3159,2575 3150,2582 3128,2580 3119,2589 3108,2581 3067,2579 3032,2593 3020,2581 3002,2582"/>
                <Baseline points="3013,2615 3040,2614 3067,2614 3095,2612 3122,2611 3150,2610 3177,2608 3205,2607"/>
                <TextEquiv>
                    <Unicode>im Voraus.</Unicode>
                </TextEquiv>
            </TextLine>
            <TextLine id="r3l5" custom="readingOrder {index:4;}">
                <Coords points="2990,2701 3049,2707 3059,2697 3077,2706 3100,2685 3124,2704 3147,2703 3171,2687 3246,2702 3271,2691 3270,2661 3249,2664 3236,2653 3223,2661 3203,2646 3147,2648 3115,2631 3100,2640 3072,2621 2987,2634"/>
                <Baseline points="2999,2693 3025,2694 3051,2694 3077,2693 3103,2693 3130,2691 3156,2691 3182,2689 3208,2688 3234,2686 3261,2685"/>
                <TextEquiv>
                    <Unicode>mnitte ist das</Unicode>
                </TextEquiv>
            </TextLine>
            <TextLine id="r3l6" custom="readingOrder {index:5;}">
                <Coords points="2994,2739 3016,2742 3033,2729 3069,2742 3097,2736 3135,2756 3150,2748 3171,2763 3210,2761 3227,2746 3279,2748 3276,2691 3241,2701 3195,2691 3184,2703 3156,2696 3125,2706 3095,2695 3074,2706 3060,2697 3048,2707 2993,2701"/>
                <Baseline points="3003,2733 3029,2734 3056,2734 3082,2734 3109,2733 3135,2731 3162,2730 3188,2728 3215,2726 3241,2725 3268,2724"/>
                <TextEquiv>
                    <Unicode>h steht es den</Unicode>
                </TextEquiv>
            </TextLine>
            <TextLine id="r3l7" custom="readingOrder {index:6;}">
                <Coords points="2986,2778 3022,2777 3040,2784 3058,2800 3079,2802 3095,2789 3115,2801 3125,2801 3123,2740 3104,2742 3098,2736 3068,2743 3051,2737 3047,2741 3033,2729 3019,2742 3001,2736 2986,2738"/>
                <Baseline points="2996,2772 3025,2770 3055,2769 3084,2769 3114,2770"/>
                <TextEquiv>
                    <Unicode>ndern.</Unicode>
                </TextEquiv>
            </TextLine>
            <TextEquiv>
                <Unicode>inclusive
Porto.
Zahlbar
im Voraus.
mnitte ist das
h steht es den
ndern.</Unicode>
            </TextEquiv>
        </TextRegion>
    </Page>
</PcGts>
