3484 4256
1140 176 1254 255 Ka
2088 181 2553 289 box 15/5
328 174 1947 287 9.4. ber gruene kadn zvkIus
769 355 2837 449 Oße des Landmarsch Grafen Badeui fand heute har enenen ein Sarcee berubigt. da dieser junge Mann
760 404 2838 490 hier eine Abgeordneten=Enquste in Betreff ihn belehm, daß die Persterdene von seinem Verlobunge¬
768 462 1802 534 der Verbesserung der materiellen Lage der Volksschul¬
1793 475 2842 548 plane längst wußte, ohne daran Anstoß zu nehmen. Da
760 516 1794 570 lehrer statt. Landesausschuß=Beisitzer Dr. Weresz¬
1798 511 2814 574 jagt er den Geliebten der todten Gattin hinaus und —
770 564 1792 624 czynski theilte mit, daß der Landesschulrath einen
1797 559 2826 630 jn, da ist dem Dichter nur ein Stimmungsschluß ein¬
754 591 1796 671 Vorschlag wegen Erhöbung der Lehrer¬
1800 620 2837 681 gefallen, er kündigt seinen Entschluß, zu verreisen, an,
764 647 1798 712 gehalte unterbreitet habe. Es wurde die Einsetzung
1802 660 2836 719 schließt die Thüren, wirft den Kranz, den jener
759 701 1793 763 eines Subkomité zur Prüfung des Vorschlages beschlossen.
1799 707 2834 773 Freund zum Begräbniß gespendet hat, mit Trauer und
863 755 1789 807 Paris, 1. März. Der Sozialist Lucivia
1800 756 2835 838 Verachtung auf ihren Schreibtisch, ergreift die Lampe und
768 799 1799 873 wurde zum Präsidenten des Munizipalrathes
1803 802 2846 864 gebt, während der Vorhang fällt, links ab. Das ist kein
765 840 973 906 gewählt.
1798 853 2837 918 Schluß, wenn sich nicht aus der Handlung oder der
1795 890 2835 963 Sitnation eine interessante Auslegung für ein derartiges
845 886 1787 953 Warschau, 1. März. Der „Kurjer War¬
1801 938 2844 1009 stilles Ausklingen herausfinden läßt. Sonnenthal
755 941 1794 1012 Szawski“ wurde von dem hier als Porteépée=Fähnrich
1800 987 2811 1057 spielte den resignirten Mann, der zu spät ge¬
760 989 1797 1068 der Garde=Husaren wohnhaften Prinzen Don
1790 1038 2837 1112 heiratet hat und es lieber hätte ganz bleiben
758 1045 1792 1102 Jaime von Bourbon ermächtigt, die Er¬
1799 1078 2830 1156 lassen sollen, denn er wird gerade nicht viel
763 1092 1784 1150 klärung des spanischen Deputirten Correo in den
1798 1128 2830 1198 gethan haben, um die zehn Jahre erträglich zu machen.
760 1133 1781 1191 Cortes bezüglich des Julognito=Aufenthaltes des
1794 1171 2827 1255 Man weiß, wie dieser Schauspieler, der schon ganz und
753 1181 1784 1238 Prinzen in Gerona und Valencia als unbe¬
1797 1218 2831 1287 gar ins Fach der gehörnten Ebemänner übertritt (so
764 1225 1790 1290 gründet zu bezeichnen, da der Prinz seit
1801 1275 2828 1338 rächt sich die ewige Gerechtigkeit an den gefeierten Lieb¬
757 1274 1788 1346 fünf Monaten Warschau nicht verlassen
749 1316 937 1397 habe.
1788 1316 2820 1374 babern von einsch, die Resignation und Trauer bankerotter
1786 1367 2825 1430 Gatten durch den rührenden, warmen Ton veredelt, wie er#
851 1348 1785 1441 Washington, 1. März. Der ehemalige englische
1791 1403 2838 1478 diesen Schmerz dadurch in eine höhere Sphäre rückt und #
754 1403 1780 1489 Lordkanzler Lord Herschell, der gegenwärtig als
1786 1462 2831 1545 jeden Schimmer von Lächerlichkeit verscheucht. Die Klassiker
750 1454 1777 1541 Mitglied der englisch=amerikanischen handelspolischen
1786 1499 2818 1582 des Ehebruchsdramas — die Franzosen — haben ihm
762 1517 1730 1592 Kommission hier weilte, ist heute Früh gestorben.
1782 1546 2827 1619 freilich schon stärkere Wirkungen geliehen, als er gestern:
1794 1594 2824 1668 bei Schnitzler fand. Zeska war als verführerisches
843 1576 1785 1678 Hamburg, 1. März. (Abendbörse.) Kreditaktien
754 1637 1178 1715 232.10 (370.44). Still.
1788 1646 2817 1714 Gegenspiel zu dem ernsthaften Grankopf durchaus an
1788 1692 2827 1756 seinem Platz. Das Stück ist reich an scharfpointirten,
840 1664 1782 1756 London, 1. März. (Schlußkurse.) Konsols
1789 1739 2810 1804 gescheidten und sinnreichen Einfällen, interessant und
749 1725 1786 1798 111.43, Lembarden 6.75, Neue Spanier 54.75, Italiener
1783 1785 2815 1853 stimmungsvoll im Bau. Der Antor zeigt aber immer das
742 1785 1782 1850 94.75, ungarische Goldrente 100.—, vierperzentige Rupien
1783 1825 2809 1897 Bestreben, sich in Ueberraschungen zu überbieten und
751 1833 1780 1915 66.87, Canada Pacific 92.87, Chartered 2.12, Silber
743 1873 1075 1946 27.50. Bessernd.
1777 1875 2825 1962 Konflikte anzuhäufen. Auch in diesem Stücke kommt
1777 1930 2814 1998 immer wieder eine neue Enthüllung hinzu; dadurch
1770 1967 2815 2044 zerfällt die Einfachheit und die Harmonie in
1778 2012 2818 2090 ungleichwerthige Bruchstücke. Mit einem Schnitzler'schen
870 1994 1775 2106 Theater, Kunst und Literatur. 11 00
1778 2058 2804 2123 Ausflug auf das Gebiet des Humors schloß weniger er¬
844 2068 1776 2147 (Burgtheater.) In drei einaktigen Komödien von
1779 2103 2818 2175 freulich der Abend. „Groteske“ in einem Alt, nennt der
749 2117 1770 2189 Dr. Artbur Schnitzler ist gestern in Traum und Wirtlich¬
1781 2145 2812 2225 Verfasser die in der Pariser Revolutionszeit spielende dramati¬
743 2182 1775 2242 keit, in Ernst und Scherz drei Stunden lang Ehe und
1781 2201 2806 2269 sirte Anekdote vom Wirthshaus „Zum grünen Kakadu“,
748 2227 1780 2301 Treu gebrochen worden. Der Antor neigt in Bezug auf
1785 2258 2809 2323 wo engagementloses Schauspielergefindel dem hohen Adel
751 2271 1770 2338 Frauentugend und den Bestand ehrbarer Eben einem
1783 2298 2799 2359 in der Rolle von Spitzbuben und Verbrechern Possen vor¬
746 2314 1767 2385 starken Pessimismus zu, den er auch schon in früheren
1775 2341 2804 2410 gankelt. Da verschwimmt nun Schein und Wirklichkeit
742 2361 1770 2429 Stücken zum Ausdruck brachte. Es stehen dem Dichter
1771 2387 2810 2460 manchmal ineinander, und die vornehmen Herrschaften, die
738 2407 1774 2476 dabei vermuthlich gewisse Gesellschaftskreise vor Augen,
1773 2424 2808 2506 dem Ulk zusehen, sind voll des Lobes über den Akteur!
746 2458 1778 2521 die nicht allzu ausgedehnt sind, wie man zur Ehre der
1774 2487 2813 2547 Henri, der als betrogener Ehemann und neuvermälter
750 2502 1768 2566 Frauen annehmen darf, und wer mit seiner Beobachtung
1781 2536 2797 2593 Gatte einer Courtisane und Schauspielerin ergreifend
735 2556 1771 2610 auch über die engen Grenzen einiger Straßen und
1780 2577 2802 2643 darstellt, wie er soeben den Liebhaber seiner jungen Frau,
745 2599 1769 2665 der paar hundert Bekannten hinausstrebt, wird der
1767 2619 2804 2701 einen Herzog, ins Jenseits befördert hat. Auch diese sehr
751 2642 1762 2715 Skepsis des, dieses Lieblingsthema mit Geist und Grazie
1772 2675 2811 2757 naturalistische Soloszene ist aber nur eine schauspielerische
739 2698 1763 2763 variirenden Autors nicht ohne Einwand beipflichten. In
1769 2716 2806 2792 Darbietung, die der Virtuose indes zur That werden läßt,
733 2739 1762 2807 dem einaktigen Schauspiel „Paracelsus“, das den
1768 2772 2810 2840 da er soeben die Nachricht erhält, daß seine leichtfertige
735 2787 1767 2852 Abend einleitete, gesteht die ehrbare Gattin eines Raths¬
1772 2807 2806 2891 Schöne wirklich in den Armen des Herzogs lag. Er#
729 2828 1768 2893 herrn ihrem Gebieter zwei rein nur durch günstige Zu¬
1760 2860 2810 2925 tödtet ihn, soll im Namen des Gesetzes verhaftet werden,
735 2878 1769 2934 fälligkeiten verhinderte Abentener ein, und der gute Ehe¬
1775 2912 2802 2973 aber inzwischen hat der Pöbel die Bastille gestürmt und
735 2935 2806 3021 mann vergibt ihr und preist die Vorsehung, die ihm die Macht des Gesetzes an sich gerissen. — Die eigenartige
741 2977 1768 3040 hoffentlich doch noch zu Hörnern verhelfen wird. Der
1763 2993 2799 3052 Komödie hat nicht so gut gefallen, wie das werthvollere
741 3022 1760 3087 historische Theophrastus Bombastus Paracelsus macht bazu
1758 3047 2802 3131 und in jedem Sinne schmackhaftere Mittelstück des
741 3072 1755 3138 seinen Hokuspokus, indem er mit Hypnose und Suggestion
1773 3093 2796 3163 Abends; auch leidet der Einakter an überflüssigen Längen,
731 3119 1757 3177 Erinnerung und Gewissen der Frau kommandirt, Kunststücke,
1773 3135 2784 3214 die mit Erzählungen und Schilderungen, Episoden¬
733 3164 1764 3227 die dem berühmten Wundermann und Cbarlatan damals wahr¬
1771 3185 2795 3246 werk und Anläufen, aus denen nichts wird, aus¬
744 3209 1758 3270 scheinlich nicht auch schon bekannt und geläufig waren. Die
1766 3239 2785 3294 gefüllt sind. Herr Sonnenthal spielte die
733 3263 1762 3323 Gattin, die, wie gesagt, nicht ganz „reinlich und zweifelsohne“.
1759 3284 2790 3356 Hauptszene in der Schenke, zuerst als improvisirender
732 3288 1754 3369 ist, knüpft an die ihr durch jene Tries abgelockte Erzählung
1768 3335 2789 3406 Schauspieler, dann als wirklicher Rächer, ohne die
723 3349 1757 3417 von alter Liebe und frischer Gefahr, die für den Gatten
1767 3368 2793 3451 Wirkung, die er im vorangegangenen Stück erzeugte,
723 3399 1762 3453 bestimmte schelmische Anerkennung: „Wenn Ihr mich wohl
1756 3416 2790 3487 erreichen zu können. Sonst sind eine Menge Schau¬
720 3452 1762 3515 behütet, dürft Ihr mir vertrau'n!“, damit auch die Baseler
1769 3452 2798 3526 spieler thätig, auf die alle nur ein Röllchen kommt,
723 3485 1749 3551 Rathsfrauen — im Sinne der Schnitzler'schen Ungläubig¬
1761 3523 2792 3574 und Herr Hartmann gab sogar die Karikatur eines
730 3541 1764 3592 keit — nicht leer ausgehen. Herr Krastel gab den
1759 3565 2785 3620 verliebten alten Gecken, eine Episode von minimalstem
726 3575 1755 3637 Rathsherrn, Frau Schratt seine Gattin, und ein
1761 3604 2783 3671 Umfang. Man nahm auch den letzten Einakter noch
727 3637 1754 3693 Liebespaar zweiter Klasse sorgte für die legitimen Herzens¬
1756 3651 2780 3726 gut auf und rief den Verfasser, der nach dem zweiten und
723 3667 1744 3739 regungen. Herr Robert mochte an seinem Paracelsus
1747 3699 2792 3767 dritten Akt vor der Rampe erschien. Der Antor gebört¬
722 3716 1746 3787 eine große Freude haben, denn der abenteuerliche Wunder¬
1760 3761 2792 3815 nämlich nicht zu dem Tugendbund, den einige Wiener Autoren
729 3768 1750 3828 mann verführt zu dämenischen Mätzchen, bleicher Düster¬
1765 3794 2795 3876 zum Schutz gegen das Herausgerufenwerden — theilweise
719 3807 1755 3869 keit und satanischem Humor. Aber leider verlor sich der
1760 3840 2777 3925 in Ueberschätzung dieser sie persönlich bedrobenden Even¬
724 3854 1756 3916 Darsteller wieder allzusehr in die hohle Deklamation, die
1748 3888 2497 3956 tualität — begründen zu sollen glaubten.
2528 3894 2745 3975 p. v. 8.
717 3908 1756 3979 ermüdet, wenn der Dichter nicht dafür gesorgt hat, daß der
2635 3941 2798 4013 —
725 3954 1762 4009 Mann rechtzeitig von der Bühne verschwindet. — Trotzdem
730 3997 1756 4051 machten die hübschen und säuberlich ausgefeilten Verse
724 4048 1758 4115 des Spieles eine gute Wirkung und man war leidlich zu¬
728 4092 1754 4146 frieden. Besser gefiel die zweite einaktige Novität: „Die
778 4138 870 4214 —
1661 4147 1745 4206 Se
