3436 4224
478 77 1577 190 Wien. IX/1. Türkenstrasse 17.
703 157 1373 246 Filiale in Budapest: „Figyelé“ -
398 224 1653 321 Vertretungen in Berlin, Chicago, London, Newyork, Paris, Stockholm.
314 344 1688 454 Ausschnitt aus: Arzeengng S
1366 466 1693 561 (G2e
314 521 760 633 vom 757239
1023 447 1407 650 a0
889 735 1139 805 Russland.
572 793 1519 874 Im Juniheft des „Westnik Jewropz“ bespricht
500 839 1508 898 M. Ssukennikow in einem umfangreichen, orientie¬
503 871 1502 934 renden =Aufsatz die Bewegung der Frauenbildungs¬
495 914 1515 985 Reform in Deutschland. Der Antor entwickelt das
515 956 1516 1019 Wesen dieser Bestrebungen in historischer Folge seit dem
512 1000 1506 1057 Auftreten von Lönise Peters, macht die Leser mit den
507 1030 1513 1091 Lette=Vereinen und deren Zielen bekannt und behandelt
1154 1074 1499 1140 Frauenbildungs¬
499 1089 1057 1155 ausführlich das Streben de.
512 1126 1511 1181 Reformer, den deutschen Reichstag und das preußische
507 1162 1506 1215 Abgeordneten=Haus für ihre Wünsche zu gewinnen.
513 1194 1509 1257 Ssukennikow ist der Ueberzeugung, daß trotz der Gegner¬
512 1239 1516 1298 schaft des preußischen Kultusministers und der Ge¬
509 1266 1525 1335 lehrtenzunst — insbesondere der Aerzte — gegen eine
503 1325 1515 1386 breitere Basis der Frauenbildung, gegen eine allgemeine
522 1361 1515 1422 Zulassung der Frauen zum Universitätsstudium, die
510 1413 1532 1465 deutschen Frauen dennoch das gesteckte Ziel, dank ihrer
521 1432 1517 1495 energischen Initiative, erreichen würden. Von littera¬
512 1473 1519 1523 rischen Besprechungen des gleichen Heftes sei die von
511 1513 1516 1588 Arthur Schnitzlers Einaktern Der grüne Kakadu“,
520 1546 1529 1629 „Päracelsus“ und „Die Gefährtin“ erwähnt. Der
520 1583 1532 1664 russische Kritiker meint, der die drei Stücke einende
527 1632 1517 1707 Gedanke „Wir spielen immer; wer es weiß, ist klug“
516 1658 1530 1726 sei nicht neu. Schon Calderons „Leben ein Traum“
527 1711 1539 1777 wolle im Grunde dasselbe zeigen. Schnitzler habe jedoch
522 1750 1526 1819 eine Frage, die seit jeher die Geister und Herzen be¬
523 1784 1525 1847 wegte, in eigener Art beleuchtet und sei zu einem weisen
1549 1806 1739 1880 inelusir
532 1832 1531 1891 Gleichgewicht des Geistes gelangt, obwohl sein Aus¬
463 1847 525 1893 50
355 1827 468 1910 Für
1562 1867 1718 1920 Porto.)
448 1865 1527 1927 100 gangspunkt eine freudlose Wahrheit sei. In diesem
1558 1907 1725 1965 Zahlbaf
448 1920 1532 1968 200 beinahe „lebensfreudigen“, jedoch beschwichtigten, fried¬
1540 1946 1733 2016 im Voruf
540 1945 1532 2016 vollen Pessimismus liege die Neuheit und Moder¬
438 1962 538 2013 500
436 1982 1540 2059 1000 mtat Schnitzlers. Schnitzler begunge sich aber nicht
1535 2019 1730 2079 mitte ist
535 2023 1524 2079 mit skeptischer Untersuchung der Wirklichkeit, er sei auch
1546 2065 1725 2128 1 steht e
529 2064 1532 2135 bestrebt, die Rätselhaftigkeit des Lebens zu lösen, und
373 2083 522 2153 Abonne
537 2103 1679 2161 komme zu dem Schlusse, daß die Rätsel unvermeidlich udern.
377 2145 531 2204 Abonne
527 2140 1539 2217 und das Leben ein Spiel ist, zu dem uns der Schlüssel
546 2185 1542 2254 fehle, daß die Ziele dieses Svieles uns unbekannt seien,
534 2223 1541 2288 daß wir daher spielen müssen, ohne uns um Wahrheit
530 2283 1023 2339 oder Lüge zu bekümmern.
615 2297 1549 2384 Das Juniheft des „Resskij Westnik“ enthält
535 2347 1554 2414 u. a. eine frische, fein durchgeführte Erzählung von der
538 2393 1559 2451 Fürstin Maria Wolkonskaja. Die russische Frauen¬
545 2429 1557 2491 welt wendet sich in letzter Zeit dem litterarischen Schaffen
537 2464 1557 2540 mehr als früher zu, und es ist erfreulich, manches schöne
533 2509 1563 2560 aufstrebende Talent zu beobachten, zu denen wir die
578 2550 1557 2611 n Molfonskaia rechnen müssen. Einige noch un¬
543 2580 1567 2648 gebructe Briese Puschtins finden wir in derselben
807 2628 1566 2686 Neue und interessante Materialien zur
552 2643 740 2693 Nummer.
540 2666 1565 2720 Biographie de elben Dichters bringt Heft 5 der „Russ¬
882 2715 1558 2750 von delten am meisten die den Auf¬
707 2715 887 2765 tarin“,
550 2746 1554 2794 enthalt Puschins in Odessa, das Verhältnis des Dichters
555 2779 1560 2841 zum Polizeiminister Graf Benkendorf betreffenden, sowie
552 2822 1557 2882 eine Reihe ungedruckter Briefe interessieren. — In Heft 6
556 2865 1569 2909 von „Mir Boshij“ ist ein kritischer Essai dem zum
547 2890 1564 2963 Puschkin=Jubiläum erschienenen Buche des Akademikers
557 2926 1575 2998 L. Malkow über den großen Dichter gewidmet. Maitows
548 2984 1574 3027 Buch ist unter der Hochslut der im Mai erschienenen
547 3020 1563 3069 Bücher, Büchlein und Broschüren, die das Leben des
556 3054 1572 3106 russischen Nationaldichters behandelten, entschieden bei
563 3095 1576 3147 weitem das bedeutenöste. Auch der erste Band der von
553 3127 1574 3194 der russischen Akademie herauszugebenden historisch¬
561 3173 1564 3232 kritischen Gesamtausgabe der Werke Puschkins ist er¬
560 3213 1568 3269 schienen und wird von den meisten russischen Revnen
554 3261 1572 3308 lobend besprochen. Diese Ausgabe der Akademie der
565 3294 1577 3354 Wissenschaften erscheint gleichfalls unter Maikows Leitung
562 3334 1576 3383 und Redaktion, und der erste Band ist in jeder Hinsicht
567 3375 1572 3427 eine monumentale bibliographische Leistung. Das ganze
566 3410 1566 3471 Werk ist sehr groß angelegt, umfaßt doch der erste Band
559 3450 1575 3503 nur die „Lyceums=Gedichte“ Puschkins. — In Heft 5 der
567 3498 1571 3539 „Russkai: Schkola; wendet sich Janowski, der
558 3517 1579 3589 kaukasische Lehrbezirks =Kurator, in einem höchst inter¬
570 3562 1577 3620 essanten Artikel gegen die individuelle Nivellierungs¬
557 3608 1579 3672 tendenz der modernen Gymnasialerziehung und bewierkt
574 3647 1572 3703 nach längeren Ausführungen unter anderem: „Un¬
576 3685 1579 3750 zweiselhaft wäre Puschkin nicht der berühmte Puschkin
572 3728 1576 3792 geworden, wenn er Schüler eines Gymnasiums der
570 3765 1575 3825 Jetztzeit gewesen wäre: dieses hätte alle Anstreugungen
566 3805 1582 3858 gemacht, seine glänzenden individuellen Eigenschaften zu
572 3845 1573 3897 unterdrücken, oder hätte ihn aus der Zahl seiner Zög¬
576 3877 1597 3939 linge ausgestoßen." Ein interessantes Geständnis im
566 3926 1585 3982 Munde eines so hoch gestellten Pädagogen und Ad¬
575 3976 836 4034 ministrators!
1226 3979 1555 4069 d. von Engelkardt.
647 4016 835 4070 Petersburg.
2409 89 2783 150 Telefon 12801.
2111 173 3101 268 Unternehmen für Zeitungs-Ausschnitte.
2977 251 3142 320 Ausschnitt
2254 247 2907 390 „OBSERVER“
2958 302 3263 406 Nr. 44
1864 373 3300 476 I. österr. behördl. conc. Bureau für Zeitungsberichte u. Personalnachrichten
2043 453 3137 560 Wien, IX/1. Türkenstrasse 17.
2267 525 2894 616 Filiale in Budapest: „Figyeld“
1957 572 3206 700 Vertretungen in Berlin, Chicage, London, Newyork, Paris, Stockholm.
1864 708 2379 792 Ausschnitt aus:
1859 805 2263 958 von #
2820 826 3302 1005 (A
2109 998 2202 1086 —
2258 1025 2701 1098 Der grüne Kakadu. —
2168 1074 2829 1130 Paracelsus. — Die Gefährtin.
2125 1120 2860 1174 Drei Einakter von Arthur Schnitzler.
2225 1154 2765 1211 S. Fischer, Verlug in Berrtn
2007 1181 3058 1251 Verschiedene junge Dichter suchen dem fühlbaren Mangel
1930 1237 2972 1288 an Einaktern abzuhelsen. Ob diese Versuche von Erfolg d.
1931 1270 3050 1324 von Dauer sein werden, steht dahin. Was Arthur Schnitzler
1934 1315 3048 1352 bietet, sind wohl interessante Experimente — inneres Leben
1941 1351 3033 1394 wohnt seinen kleinen Schauspielen nicht inne: und nur die sind
1931 1392 3039 1457 ewig, die da sind! Wenigstens läßt der Dichter von vorn
1937 1427 2660 1490 herein keinen Zweifel über seine Absicht:
2056 1474 2851 1534 „Wir spielen immer; wer es weiß, ist klug.“
2007 1519 3039 1571 Dieses Motto der Sammlung ist dem ersten Einakter ent¬
1928 1569 2964 1619 nommen, dem „Paracelsus“, während das Hauptstück
1942 1599 3043 1660 grüne Kakadu“ den Abschluß bildet. Welche der modischen
1947 1636 2685 1706 Philosophien wird uns da also gepredigt?
2033 1682 2923 1754 „Was ist nicht Spiel, das wir auf Erden treiben.
2043 1739 2872 1806 Und schien es noch so groß und tief zu sein?
2043 1775 2841 1835 Mit wilden Söldnerschaaren spielt der Eine,
2049 1825 2858 1873 Ein Andrer spielt mit tollen Abergläubischen.
2046 1857 2891 1905 Vielleicht mit Sonnen, Sternen irgend wer, —
2050 1904 2808 1947 Mit Menschenseelen spiele ich. Ein Sinn
2056 1919 2841 1988 Wird nur von dem gefunden, der ihn sucht.
2050 1975 2821 2022 Es fließen ineinander Traum und Wachen,
2057 2015 2858 2062 Wahrheit und Lüge. Sicherheit ist nirgends.
2051 2048 2899 2109 Wir wissen nichts von Andern, nichts von und.
2049 2089 2810 2151 Wir spielen immer; wer es weiß, ist klug.
2006 2132 2958 2202 Daß dieser romantisch eingekleidete Skeptizismus ge
1810 2165 1930 2236 Für
1934 2180 3021 2241 besonders klar und im poetischen Ausdruck besonders geschickt
1940 2230 2862 2290 ist, möchten wir nicht behaupten. Die Mittel, die
2906 2232 3192 2289 in i# inelnsire
1933 2268 3174 2321 „Paracelsus“ für das Spiel zur Verwendung kommen, sind l'orto.
1939 2315 3188 2364 Hypnose und Suggestion. Arthur Schnitzler, von Hause aus Zahlbar
1814 2318 1943 2399 1 10
1939 2349 3203 2416 kein tieseres Talent, hat manches gelernt und zeigt sich hier als Vorau¬
1938 2385 2818 2437 gewandter Virh#os im äußeren Spiel der Gefühle.
1800 2411 3253 2482 Abon heilt durch seine neuen naturwissenschaftlichen Künste einen Ehe te ist das
1801 2466 2877 2513 Abom mann von seiner selbstzufriedenen Sicherbeit, indem e
2974 2468 3265 2541 n itcht es den
1938 2500 2809 2549 Weib suggerirt, ihre innersten Empfindungen
2897 2544 2971 2606 90
1940 2541 2870 2600 Der Gatte muß hören, wie leicht er sein Weih verlor
2009 2589 2899 2672 „Doch hast Du's nicht geahnt — wie's Deine Art.
2007 2639 2726 2708 Du dachtest, war ich Dir erst angetraut,
2019 2678 2667 2727 So war Dir meine Zärtlichkeit gewiß.
2012 2710 2806 2763 Und doch! in mancher Nacht, hättist Du gest
2004 2756 2852 2829 Wie sern ich Dir war — wahrlich! minder stolt
2019 2787 2770 2847 Wärst Du der Frau gewesen Dir im Arm!
2006 2834 3054 2918 Vernünftiger Weise verzichten die beiden folgenden Emnelter
1934 2888 2969 2950 aufadas Versmaß, das wir gewiß gern begrüßt hätten, i#¬
1943 2933 2964 2988 Schnitzler es wirklich künstlerisch zu handhaben verstände.
1932 2975 3059 3020 „Die Gefährtin“ ist ein modernes Schauspiel Ibsen'schen Stills:
1941 3014 2896 3062 gebämpft im Tone, rückwärtsgewandt in der
1941 3031 3036 3085 wickelung. Ein alter Professor der Medizin begräbt seine
1938 3093 3050 3141 junge Frau. Alsbald erscheint eine Freundin, um ein Packet,
1930 3127 3035 3175 angeblich von ihren Briefen, dem Schreibtisch der Verstorbenen
1936 3171 2955 3220 zu entnehmen. Der Wittwer fühlt alsbald heraus, daß
1934 3209 3042 3251 vielmehr Liebesbriefe sind, die diese von seinem Assistenten
1933 3230 3031 3297 empfangen: hat er doch ihr Verhältniß geahnt und bei dem
1928 3279 3036 3333 seine Ehe lockernden Abstand der Lebensjahre begriffen, sogar
1936 3311 3038 3370 nicht aufgehört, als väterlicher Freund den jungen Mann an
1929 3360 3030 3396 sich zu fesseln! Da erfährt er, daß dieser seit zwei Jahren
1937 3397 3040 3435 insgeheim anderweit verlobt ist, und nun kommt es zu einer
1940 3436 3021 3482 der beiden Handlungen, derenwegen das Problem konstruirt ist.
1938 3468 3028 3525 „Ich hätte Dich vom Boden aufgehoben, wenn Dich der
1937 3509 3040 3572 Schmerz gebrochen hätte — an ihr Grab wär' ich mit Dir
2123 3538 3037 3604 — wenn es Deine Geliebte wäre, die da braußen
1925 3554 2127 3606 gegangen
1937 3597 3031 3639 liegt — aber Du hast sie zu Deiner Dirne gemacht — und
1930 3628 3049 3673 dieses Haus hast Du bis an die Decke mit Schmutz und Lüge
1931 3663 2436 3732 so angesüllt, daß mich ekelt
1928 3669 3027 3769 ja darum jag ich Dich hinaus  darum —„ja darum —
2572 3706 3034 3769 Schon meint der Pro¬
1943 3732 3026 3811 fessor hinzusetzen zu müssen: „Wohl ihr, daß sie hingeschieden
1953 3784 3027 3849 ist, ohne zu ahnen — was sie für ihn war.“ Aber nun giebt
1941 3821 3021 3879 die Freundin der verstorbegen Frau im Interesse des trauernd
1935 3876 3029 3923 Zuruckgebliebenen die letzte Aufklärung: die Frau bat
1936 3887 3027 3956 gewußt, was sie dem Cicisded war. „Und jeht wollen Sie
1935 3944 3020 3999 sich noch weiter quälen um eines Schicksals willen, das Sie
1938 3977 3030 4033 sich nur einbilden, das diese Frau überhaupt nicht erleiden
2744 4014 3023 4069 wie Menschen
1933 4021 2715 4073 konnte, weil das Leben so leicht für sie war
1925 4057 3028 4114 Ihrer Art gar nicht begreifen können —?" Mit dieser Er¬
1943 4097 3014 4138 öffnung soll ihm die „Freiheit“ wiedergegeben sein und der
