3484 4256
790 164 1312 242 iene Kakadu
238 176 548 274 9.3. D
461 178 1288 285 n S Sen en eeene henen
1416 148 1875 243 box 15/2
2503 61 2802 139 We Pe
2446 107 2872 190 Auelienangabe ohne Gewähr.
2094 165 3120 284 Ausschnitt aus: Freslaner Zoltung
2089 269 2276 333 vom:
2523 275 2780 364 24. AUG
2376 325 2987 422 Dresläller Cheäter.
2076 408 3304 459 II. II. Breslauer Sommertheater (Liebich). „Der grün
2027 443 3310 518 Kakadu.“— „Nju.“ Wenn der Berliner sich plötzlich vor Begeisterun
2038 490 3301 549 für einen Künstler nicht zu lassen weiß, so ist die Provinz nicht ver
2031 551 3298 604 pflichtet, das mitzumachen; ja, sie wird vielleicht etwas argwöhnisch un
2029 586 3296 669 zurückhaltend sein. Aber in den Enthusiasmus für Alessandr
2026 654 3313 702 [Moissi stimmten wir hier in Breslau gern ein, als er in Shaw¬
2036 702 3314 752 „Arzt am Scheibewege“ gastierte. Gestern war von dieser Begeisterun
2028 753 3307 791 nicht mehr viel zu merken, ja, eine leichte Enttäuschung schien unver
2023 792 3312 854 kennbar. Möglich, daß in Schnitzlers „Grünem Kakadu“ die mangelnd
2012 852 3306 910 Stimmung der Aufführung den Gast an der vollen Entfaltung seine
2017 900 3323 958 Kunst hinderte. Da war nichts von jener fieberhaft=nervösen Stimmung
2016 939 3313 1006 zu merken, die dieses seltsame Revolutionsdrama durchzittern soll, nicht
2018 975 3308 1052 von jenem dumpfen Haß und aufgespeicherten Groll, der zu der furcht¬
2026 1039 3316 1107 barsten Explosion der Weltgeschichte führte, nichts vor allem von jenem
2030 1085 3308 1156 verwirrenden Durcheinander von Sein und Schein, das so besonder
2025 1139 3314 1202 charakteristisch für die Schnitzlersche Tichtung ist. Mit einer an sic
2022 1188 3316 1253 anerkennenswerten Sorgfalt in der äußeren Darstellung ist der Gehal
2011 1238 3310 1314 dieses Werkes nicht auszuschöpfen. So begnügte sich auch Moissi in diesen
2014 1291 3311 1355 Rahmen mit einer starken Betonung des rein schauspielermäßigen seine
2026 1343 3314 1405 Rolle, wobei dann zuweilen allerdings schon die starken Kontraste zwischel
2024 1385 3311 1446 dem weichen Wohllaut seiner Flüsterstimme und der Kraft seine
2020 1433 3309 1514 donnernden Drohens prachtvolle Effekte erzielte. Die anderen Darstelle
2020 1489 3297 1556 unterstrichen gleichfalls das Komödiantentum, nur mit geringerer Kun
2023 1550 3318 1613 und größerer Aufdringlichkeit als Moissi. Der Beifall war nach diesen
2016 1595 3306 1653 Drama, das bei seiner Uraufführung in der Freien Literarischen Ver
2024 1640 3309 1711 einigung einen fortreißenden, stürmischen Erfolg zu verzeichnen hatte
2026 1701 2849 1765 gestern lebhaft, aber keineswegs enthusiastisch.
2065 1740 3297 1818 Uebler freilich erging es dem zweiten Werke des Abends, der Alltags
2013 1791 3303 1847 tragödie in acht Bildern, „Nju“, von Ossip Dymow; hier macht das
2013 1834 3304 1917 Publikum von dem ihm gesetzlich zustehenden Rechte der Mißfallenskund
2014 1900 3293 1962 gebung ziemlich ausgiebigen Gebrauch. Das war um so wunderbarer
2002 1956 3301 2015 als die Darstellung durchaus gelungen war. Aber man konnte sich mi¬
2008 2001 3300 2051 dem Stücke nicht befreunden. Schon äußerlich störten diese vielen Bilden
2018 2045 3302 2119 mit den vielen Pausen; sobald Stimmung aufzukommen schien, wurde
2004 2103 3308 2147 sie zerhackt. Aber das war nicht das Wesentliche (schon weil nur allzr
2006 2139 3293 2214 selten Stimmung aufkam!). Das Publikum war befremdet durch die
2008 2192 3308 2248 eigenartige Realistik, mit der der russische Dichter dieses Alltagsproblen
2050 2251 3292 2301 eine Frau trennt sich von ihrem Gatten, um einem Dritten zu gen
2005 2304 3287 2363 hören — behandelt hat. Und doch darf man nicht vergessen, daß dal
2008 2352 3281 2412 Publikum heute die schärfste Nebeneinanderstellung des trivialsten Alltag
1932 2420 3264 2547 mit der tiefsten Tragik gewöhnt ist; es sei nur an die tragischen Possen
1954 2513 3263 2567 Courtelines erinnert. Der Unterschied ist nur, daß bei dem Franzosen
1954 2549 3249 2615 dieses Nebeneinander durchaus echt und natürlich und damit die
1963 2584 3266 2662 Tragik verschärfend wirkt, während es bei dem Russen gekünstelt
1951 2647 3281 2725 erscheint und damit die Tragik lächerlich macht. Es kommt hinzu, daß
1958 2697 3311 2780 neben manchem, wirklich feinem und schönen Gedanken, neben manchem
1965 2740 3255 2811 ooetisch Stimmungsvollen eine Unmenge geistreichelnder Bemerkungen
1966 2793 3246 2865 iehen, die besonders tief sein sollen und doch absolut platt sind. Manche
1968 2846 3243 2903 nal läßt sich ja das Publikum verblüffen, aber auf Bemerkungen wie
1966 2898 3261 2974 „Der Tod hat etwas Lächerliches“ oder „Die Liebe und die Kunst und
1968 2934 3259 3028 as Leben sind provinziell“ fällt es doch schwer hinein. Und als gestern
1973 2994 3273 3053 um Schluß der psychologisch verständliche Selbstmord der schönen
1973 3035 3260 3112 Sünderin noch eine sehr bizarre und überflüssige physiologische Er¬
1985 3081 3271 3177 lärung fand, da schlug die Stimmung vollends um. Herr Moissä
1985 3134 3269 3220 pielte den „kultivierten“ Liebhaber mit der selbstverständlichen Uebek¬
1986 3182 3268 3265 egenheit des Mannes, der gewohnt ist, den Dritten zu spielen. Auch
1979 3242 3276 3316 Frau Horwitz und Herr Ziegel spielten mit starker Kraft ihre nicht
1977 3285 3278 3381 mmer starken Rollen. Den stärksten Beifall des Abends fand Herr
1985 3335 3275 3432 ziegel nach der Szene, in der er vom fast entwürdigenden Liebes¬
1979 3378 3276 3463 etteln zu brutaler Drohung sast unvermittelt überzugehen hat. Doch,
2254 3444 3270 3509 im allgemeinen war nicht viel von Beifall
1987 3453 2235 3527 die gesagt,
2245 3472 3267 3569 Die Hörer, die das Theater fast bis auf
2066 3493 2225 3569 hören.
1989 3532 3274 3609 in letzten Platz füllten, blieben kühl, und nur ganz
1990 3580 3274 3646 im Schlusse, der eine Viertelstunde vor Mitternacht erfolgte, wurde recht
1994 3627 3274 3694 bhaft gezischt. Wenn daraufhin Direktor Ziegel vortrat und „für die
2000 3679 3278 3767 erständnisvolle Aufnahme, die das Publikum der wundervollen Dichtung
1996 3723 3276 3796 #reitet“, dankte, so ist diese Ironisierung des Publikums eine Entgleisung,
1989 3772 3285 3844 ie man sie einem Manne von so viel Geschmack kaum hätte zutrauen
1997 3819 3275 3897 llen. Das wollen wir denn doch nicht einführen, daß jetzt die Direktoren
1989 3865 3287 3955 nfangen, das Publikum zu kritisierer!! Wenn Hans von Bülow zuweilen
2102 3919 3285 3981 doch wozu Vergleiche ziehen, die nicht auf einem, nein, auf zwei
1986 3975 2427 4040 eeinen hinken würden?
