3436 4192
1799 319 3065 411 angeschlagen werden, und doch geben sie nur einen vollen Accord.
891 373 1408 455 „Breslauer Zeitung":
1800 374 3068 450 Theatralische Wirksamkeit und künstlerischer Werth verlieren sich im
1809 415 3080 492 „Grünen Kakadu“ in seltener Weise. Das stattlich gefüllte Haus
1110 433 1195 483 II.
1805 446 2962 540 spendete insbesondere dem „Grünen Kakadu“ stärksten Beifall.
587 457 1797 536 Nachdem in der Matinée der Freien Litterarischen Vereinigung am
508 498 1794 574 Sonntag bereits „Der grüne Kakadu“ von den Kräften der Ver¬
2077 506 2830 572 „Breslauer Morgen=Zeitung II.:
518 533 1796 600 einigten Bühnen mit starkem Erfolge zur Darstellung gebracht war,
1875 545 3082 627 Der Buchausgabe seines Einakter=Cyklus (Berlin, S. Fischer) hat
507 572 1805 647 wurden am Mittwoch Abend im Lohe=Theater vor dem „Grünen
1805 586 3076 670 Schnitzler als Kennwort einen „Paracelsus“=Vers vorausgesetzt: „Wir
508 617 1797 701 Kakadu“ auch die beiden andern Schnitzler'schen Einakter „Para¬
1800 616 3083 719 spielen immer, wer es weiß ist klug“. Dieser Vers zusammen mit einigen
509 646 1798 717 celsus" und „Die Gefährtin“ vorgeführt. Schnitzler hat davon
1802 658 3091 746 anderen ihn erläuternden Sätzen bietet die verbindende Idee für die
516 683 1801 775 Abstand genommen, die drei für einen Abend bestimmten Einakter mit
1805 701 3090 781 nach äußerer und innerer Art so grundverschieden scheinenden kleinen
523 740 1786 809 einem Sammeltitel zu versehen, wie etwa Sudermann in „Morituri“.
1806 744 3093 834 Dichtungen, von denen der „grüne Kakadu“ der schon neulich aus¬
515 755 1796 851 Aber er hat die geistige Zusammengehörigkeit der drei Werke kurz und
1812 785 3095 868 führlich besprochen wurde, die virtuofeste und theatralisch wirksamste
520 809 1797 879 treffend durch das Motiv gekennzeichnet, das er der Buchausgabe voran¬
1819 828 3075 900 „Paraclsus“ die im Gedankeninhalt reichste und die „Gefährtin“
519 850 1794 915 stellte. Vielleicht auch hätte eine andere Stelle aus dem „Paracelsus“
1821 869 3084 940 die im Thema merkwürdigste Leistung des Wiener Poeten ist. Wie Wahn
512 881 1795 960 die Idee aller drei Stücke noch klarer ausgedrückt: „Mehr als die
1818 901 3092 978 und Wirklichkeit sich unlösbar im Leben verketten — das zu demon¬
520 927 1803 995 Wahrheit, die da war und sein wird, ist Wahn, der ist. . .“ Alle drei
1822 942 3094 1018 strirende Problem also — zeigt am sinnfälligsten der in leichten, schmieg¬
518 966 1807 1044 Stücke sind Glossen zu demselben Thema: die ganze Welt, die Menschen
1812 981 3092 1061 samen Versen gehaltene „Paracelsus“. Mit Hilfe des Hypnotismus
525 1003 1803 1076 und Dinge um uns sind für uns nur das, was wir von ihnen wähnen.
1817 1012 3095 1094 rutblößt der berühmte Medicinmann der Reformationszeit die Seele
523 1034 1814 1113 Schnitzler hat in den drei Stücken die drei Fälle entweder auf Grunk,
1812 1055 3095 1126 einer ehrenfest scheinenden Waffenschmiedsgattin. Der Held des zweiten
523 1084 1823 1159 absichtlicher Berechnung und Konstruktion oder nur auf Grund dichterischel
1825 1096 3094 1172 Werkchens ist der Professor Pilgram, ein seltsamer Philosoph in Ehe¬
530 1108 1801 1194 Inspiration gesondert behandelt, denen am ehesten sich Schein und Wahr¬
1815 1137 3101 1211 standsangelegenheiten. Die kleine Dichtung ist bei aller Kühnheit des
518 1162 1801 1253 heit, Traum und Wirklichkeit verwischen. In der „Gefährtin“ handelt
1818 1177 3098 1261 Motivs mit außerordentlicher Feinheit der Form gestaltet Mit voll¬
532 1202 1810 1274 es sich um eine Tragödie der Autosuggestion, um den Wahn, in dem
1824 1215 3099 1290 endetem Takte bewahrt Schnitzler seinen Helden vor dem Fluche der
532 1241 1815 1309 ein Mann sich das Bild seiner treulosen Gattin bis zu ihrem Tode als
1818 1250 3110 1324 Lächerlichkeit und die Art, wie Pilgram wissend wird, zeugt wieder von
524 1281 1821 1346 das einer Märtyrerin ihrer Liebe konstruirt. Im „Paracelsus“ wird
1817 1304 2835 1387 der ungewöhnlichen technischen Meisterschaft des Autors.
523 1320 1815 1388 die ganz moderne Form der Suggestion in der Hypnose, um etwa vier
2174 1343 2729 1419 „Schlefische Zeitung“ I.:
531 1357 1809 1440 Jahrhunderte zurückgeschraubt, in den Mittelpunkt der Handlung gestellt.
1901 1380 3106 1467 Nachdem in der sonntäglichen Vormittagsvorstellung, für deren Ver¬
538 1404 1820 1463 Der berühmteste Charlatan Theophrastus Bombastus Paracelsus zeigt
1832 1423 3107 1505 anstaltung der freien litterarischen Vereinigung warmer Dank gebührt,
532 1434 1812 1516 einem biedern, prahlsüchtigen, philiströs stolzen Baseler Waffenschmied,
1818 1475 3101 1544 das Schlußstück von Arthur Schnitzler's Einakter=Trilogie einen außer¬
526 1477 1815 1550 auf wie schwachen Füßen sein Glauben an die Wirklichkeit eines felsen¬
1834 1509 3109 1584 gewöhnlich starken Eindruck auf das geladene Publikum erzielt hatte,
526 1508 1815 1582 festen Glückes steht, er zeigt ihm, daß ein Traum oft mehr Wahrheit
1837 1550 3108 1626 hätte man für die erste öffentliche Vorführung der drei Einakter ein
532 1553 1824 1623 enthält, als wir uns in Wahrheit träumen lassen. Im „Grünen
1833 1601 3121 1673 volles Haus erwarten dürfen. „Paracelsus“ dessen Verse leicht und
520 1595 1815 1666 Kakadu“ sind es bereits eine Art Wahnvorstellungen fieberhaft erregter
1835 1623 3121 1706 anmuthig dahinfließen, würde als heiter=sinniges Scherzspiel bei ent¬
540 1626 1819 1704 Geister, die die Grenzen zwischen Sein und Schein, zwischen Spiel und
1830 1669 3110 1759 sprechender Besetzung der Titelrolle gewiß auch in der Aufführung den
536 1666 1827 1737 Leben verwischen. Die beiden anderen Einakter reichen an die dichterische
1831 1705 3126 1786 günstigen Eindruck machen, den er beim Lesen hinterläßt. Den großen
529 1711 1824 1778 Bedeutung und dramatische Wirksamkeit des „Grünen Kakadu“ nicht
1825 1745 3122 1830 Treffer unter den drei Einaktern bildet eben das Schlußstück. Von seinem
535 1751 1830 1816 heran, wenn sie auch ihre eigenen hohen Reize haben. In der „Ge¬
1831 1776 3115 1846 I Inhalt wie von seiner Wiedergabe durch unsere einheimischen Kräfte.
536 1779 1834 1850 fährtin“ bewundern wir die feine intime Kunst, mit der uns die treu¬
1838 1820 3124 1898 die in allen drei Stücken unter Herrn Niedt's erprobter, trefflicher Leitung
545 1827 1825 1899 lose Dahingeschiedene greifbar deutlich in ihrem seltsamen Liebeswesen
1835 1851 3121 1955 standen, ist schon in dem Berichte über die Vormittagsvorstellung er¬
545 1869 1831 1948 vor die Augen gezaubert wird. Im „Paracelsus“ bewundern wir
1839 1892 3127 1981 zählt worden. „Der grüne Kakadu“ läßt sich ohne Schaden von
533 1910 1823 1984 die elegante Gewandheit, mit der der Dichter mit Worten und Gedanken
1845 1933 3122 2013 den beiden vorangehenden Einaktern trennen und wird sie voraussicht¬
546 1942 1832 2019 spielt: es erscheint fast selbstverständlich, daß der Dichter für diese Ge¬
1838 1966 3133 2056 lich um einige Zeit überleben. Außer dem Interesse, das der technisch
545 1984 1829 2057 dankenspieierei die Versform gewählt hat, die Alles glitzernder, zierlicher
1837 2017 3129 2099 meisterhaften Behandlung eines reizvollen Stoffes anhaftel, verdient die
539 2013 1840 2102 erscheinen läßt. Wenn trotz der Feinheit des Stückes und der im All¬
1852 2043 3137 2129 historische Groteske auch noch aus besonderem Grunde Beachtung. Nach¬
548 2055 1831 2125 gemeinen stimmungsvollen Darstellung am Schlusse einige Leute glaubten
1850 2082 3131 2167 dem im Anfange der naturalistischen Bewegung die Darstellung der
542 2104 1828 2176 zischen zu müssen, was übrigens nur den Beifall der großen Majorität
1847 2136 3124 2206 Gegenwart als lingiger Pereich für das neuere Trama gepriesen worden
544 2141 1830 2206 verstärkte, so ist dem wohl kaum erhebliche Bedeutung beizumessenEs
1843 2166 3129 2235 war, sehen wir nun nach dem Vorgange von Hauptmann. Halbe,
548 2179 1843 2244 giebt im Theater immer Leute, die klatschen, wenn etwas sehr Tugend¬
1845 2206 3130 2280 Sudermann auch den hochbegabten Dichter von „Freiwild“ und
547 2212 1842 2284 haftes gesagt oder gethau wird, im umgekehrten Sinne aber ihre sittliche
1851 2235 3140 2337 „Liebelei“ sich an Dramatisirungen der geschichtlichen Vergangenheit
552 2236 1835 2317 Entrüstung über moralische Defekte äußern. Offenbar verschnupste es
1854 2280 3140 2369 und Versspielen versuchen. Die Einseitigkeit, welcher unsere neuere
556 2293 1845 2380 Einige, daß sich der Professor Pilgram mit so viel Seelengröße und
1856 2322 3136 2400 Dichtung kurze Zeit hindurch zu verfallen drohte, ist also, wie es vor¬
549 2332 1844 2404 Seelenruhe in sein Schicksal fand; vermuthlich hatte man gehofft, daß
1848 2369 3132 2436 auszusehen war, bald überwunden worden. Auch aus der absurden
555 2370 1839 2436 er mindestens einen todtschießen würde, im Nothfalle sich selbst. Aber
1863 2402 3134 2479 Gebärdung des naturalistischen Mostes entwickelt sich „zuletzt doch noch'n
544 2435 656 2502 so!
1860 2442 3145 2521 Wein“. Wenn aber in der Schilderung vergangener Zeiten die Farben
829 2461 1579 2538 „Breslauer Morgen=Zeitung“ I.:
1858 2487 3133 2561 brennender aufgetragen werden als im alten historischen Jambendrama,
641 2513 1849 2585 Von ganz anderer Art ist das Hauptstück der Matinée, „Der
1856 2515 3148 2599 wenn für erregende Fragen und Gegensätze unserer Tage in der Ver¬
551 2548 1848 2648 grüne Kakadu“ Arthur Schnitzlers. Ein genialer Wurf, originell
1851 2558 3137 2649 gangenheit nach Vorbildern gesucht wird, so gereicht das historischen
568 2597 1845 2669 im Gedanken, originell in der Ausführung, eine Schöpfung, die zu
1865 2595 3148 2675 Dichtungen wohl nicht zum Nachtheil. Im „Grünen Kakadu“ des
565 2645 1849 2712 dem Besten gehört, was die Produktion des letzten Jahr¬
1855 2623 3148 2723 Wiener Dichters Schnitler, der um Tage des Bastillensturmes sich ab¬
569 2674 1855 2758 zehnts der Literatur an dauernden Werthen geschenkt hat.
1855 2670 3146 2769 spielt, wird man eine Einwirkung des modernen Epos Robespierre der
572 2711 1853 2790 Schnitzler ist hier der starke Poet, auf den die deutsche Bühne ihre
1864 2715 3155 2799 Wiener Dichterin Maria della Grazia, wohl der bedeutendsten epischen
571 2751 1849 2828 Hoffnungen setzen darf, ein Könner, der neue Stoffe findet und sie trotz
1873 2748 3156 2833 Leistung unserer neueren Literatur, nicht verkennen, wie die dramatische
560 2788 1852 2878 aller Sprödigkeit mit einer an Raffinement streifenden Meistertechnik be¬
1860 2797 3143 2865 Technik in Schnitzler's Groteske etwas an den ersten Akt von Rostands
571 2833 1858 2906 zwingt. Merkwürdig genug erinnert der äußere Abschluß auch dieses
1864 2827 3156 2917 „Cyrano von Bergerac“ erinnern mag. Für die Frage der Hypnose,
576 2872 1853 2947 Stückes an die Handlung des „Bajazzo“. Heuri, der Schauspieler, der
1863 2878 3157 2958 die in den letzten Jahren Wissenschaft und Publikum, Aerzte, Psychologen
569 2911 1849 2988 die „Verbrecher aus Leidenschaft“ bei Papa Prosper, dem Wirth und
1873 2907 3159 2974 Juristen beschäftigt hat, findet sich in dem seltsamen Reformator der
565 2939 1863 3026 Direktor der kleinen Thegterspelunke „Zum grünen Kakadu“, spielt,
1866 2955 3150 3023 Medicin des 16 Jahrhunderts ein Vertreter. Wie auch Wissen und
575 2996 1853 3069 erdolcht den Liebhaber seiner Frau. den eleganten Herzog von Cadignan.
1866 2994 3158 3063 Glauben, die Formen des Lebens und Denkens wechseln mögen, auch
578 3018 1867 3112 Wie sich aus diesem besonderen Milien ein tragischer Conflict erhebt,
1865 3046 3148 3102 wir Modernen, die es „so herrlich weit gebracht“ fühlen Erscheinungen
572 3049 1858 3156 wie die Donner der nahenden Revolution in die Vorgänge hinein¬
1870 3068 3162 3144 wie der unerklärten und doch unleugbaren Macht der Hypnose gegen¬
581 3096 1861 3197 grollen, wie aus nervenreizendem Spiel blutige Wahrheit und aus
1868 3115 3154 3179 über „geheimes Wirken — Der ewig waltenden Natur — Und aus
2381 3153 3149 3208 Schmiegt sich herauf lebend'ge Spur“,
575 3142 1861 3223 geistreichem Scherz bitterer Ernst wird, das hat Schnitzler mit ganz
1876 3171 2327 3231 den untersten Bezirken
587 3164 1859 3258 wundervoller Kunst geschildert. Ein grimmiger Humor, der vor dem
1869 3201 3146 3274 wie es die kühnen, aber phantastisch verworrenen ersten Vorläufer der
576 3221 1859 3300 Letzten nicht zurückschreckt — freilich hatte die Polizei dem Löwen
1874 3225 3161 3305 Naturwissenschaft im 16. Jahrhundert übermächtig empfanden. Indem
591 3263 1868 3337 Schnitzler die Krallen arg beschnitten — durchleuchtet mit fahlen Blitzen
1879 3263 3162 3334 Schnitzler, der selber Arzt und Dichter ist, nicht einen modernen Ge¬
581 3303 1870 3390 das Stück. Tragikomische Gestalten, wie den sentimentalen Zuchthäusler,
1866 3306 3158 3367 I lehrten, sondern den alten naturkundigen Alchymisten, welcher in den
583 3349 1866 3433 den Mörder seiner guten, lieben Tante, wie den eitlen Comodianten, der
1874 3345 3166 3423 Ueberlieferungen wie ein Genosse des Dr. Faustus selbst erscheint, ein
590 3379 1875 3459 einem Collegen mit Mißgunst, einem Verbrecher aber, eben weil er kein
1876 3387 3159 3458 räthselhaftes modernes Heilmittel ausüben läßt, hebt den ganzen Vor¬
591 3401 1877 3503 College ist, mit vollendeter Liebenswürdigkeit entgegenkommt, kann nur
1873 3418 3162 3495 gang in die poctische Sphäre des Märchens. Und was in diesen beiden
593 3459 1867 3540 ein Meister schaffen. Die schwierigste Aufgabe, im Halbdunkel des
1890 3461 3161 3535 Stücken, aus vergangenen Jahrhunderten und aus der Gegenwart an
600 3497 1876 3574 Verbrechertheaters die Grenzlinien zwischen Spiel und Wirklichkeit
1873 3530 3168 3566 I täuschendem Spiel uns in ernsten Bildern vorgeführt wird, das wird
1879 3528 3170 3611 nun im Schlußstück grotesk gesteigert. Schnitzter hat das Grundthema
595 3537 1865 3621 so zu verwischen, daß selbst die Eingeweihten nicht mehr wissen,
587 3562 1869 3656 woran sie sind, hat Schnitzler ebenfalls glänzend gelöst. Man
1882 3579 3171 3658 bis in's einzelne folgerichtig durchgeführt und dadurch in drei Stücken
1879 3619 3167 3706 mit einander verbunden; das letzte muß man als die eigenartigste und
593 3610 1878 3694 sieht die Schnitzler'sche „Groteske“ ist ein gar complicirtes Ding
599 3653 1873 3721 und trotzdem erscheint sie, auf ger Bühne gezeigt, wie die einfachste Sache
1887 3649 3166 3731 wirklich werthvolle Dichtung bezeichnen, die uns Gewähr giebt, daß der
595 3687 1881 3769 von der Welt. Fast überreich ist die Zahl der scharfumrissenen Figuren
1877 3690 3176 3767 Dichter der „Liebelei“ und des „Freiwilds“ noch in einer für die
591 3732 1883 3820 und doch lenken sie nicht einen Moment den Blick des Beschauers von
592 3743 2952 3856 der Hauptsache ab. Kaum zu übersehen ist die Anzahl der Motive, die 1 deutsche Bühne erfreulichen Weiterentwickelung begriffen ist.
