3392 4352
213 158 424 244 9.3
704 148 1275 223 ruene Kakadu
442 153 605 227 Der
968 665 1139 720 Tclephene
380 653 1417 774 Bund /ondon ec#eno N9 5520 Cepfral U AND
342 802 1416 935 mi Gd
342 891 783 975 f Publication
329 978 423 1044 2.
684 976 1164 1065 4Priterte
467 1183 1111 1278 ·THE GREEN COCKAT00.
365 1263 1205 1331 Most French Revolution dramas are as like as so
345 1301 1196 1356 many peas. It has been left to a Viennese. Herr
337 1322 1104 1400 Arthur Schnitzler, to break new ground; and“
1116 1351 1206 1420 The
339 1361 1193 1437 Green Cockatoo,? a long, oneract piece, translatel
343 1389 1189 1462 by Miss Penelope Wheeler, and produced ut the
339 1424 1152 1501 Vandevilie last night, scored a deserred suctess.
361 1462 1189 1538 The scene is laid in P’aris in 1789, at an under¬
326 1485 1184 1568 groun! cnbaret, where a series of weird perform¬
328 1524 1192 1605 ances is given br a group of tattered tramp players
319 1552 919 1618 for the benefit of blase aristocrats.
368 1584 1185 1661 The leading actor, who has been secretlz married
326 1609 1187 1689 that day, improvises a recital, showing himself
320 1652 1177 1733 going mad by reason of his bride having become
317 1686 978 1752 the mistress ef a certain titled Lothario.
353 1713 1172 1794 Before the actor can finish he discovers that his
313 1742 1180 1822 tale is true! He grapples with the aristocrat and
313 1776 720 1832 stabs him to the beart.
361 1810 1167 1887 The thrilling drama ends ##ththe inrush of a
316 1834 1163 1925 mob of infuriated“ citizens'# aring pieces of the
316 1875 932 1935 Bastille, which they have just bred.
344 1915 1168 1979 This powerful “ grotesque'’as it is calledl—is
314 1937 1162 2019 splendidly played, especially by Mr. Norman
314 1966 821 2030 MeKinnel as the chief actor.
371 2003 1156 2080 The Green Cockatoo? was preceded bya simi¬
300 2025 1166 2117 larlv streng four-scene London slum play, written
302 2071 1170 2156 by Mr. Hermon Quld (a native of Tower Hill) and
300 2098 1157 2178 entitied Between Sunset and Dawn. It is a
308 2137 1160 2231 drama of Deptford—full of the dumb pathos of the
292 2164 875 2224 Poor—and was splendidly acted.
1419 136 1846 226 box 15/3
2306 280 2478 348 cation
2568 321 3023 446 Elenz
2429 578 2953 667 VAUDEVILLE.
2324 706 3061 771 Between Sunset and Dawn.
2341 765 3077 813 Mr. Hermon Ould, à new dramatist, dis¬
2310 806 3068 863 covered by Messrs, McKinnel and Whelen,
2308 830 3075 892 is certainly not content to follow the
2310 879 3060 930 beaten track. His low-life tragedy.“ Be¬
2307 909 3070 980 tween Sunser and Dawn, though in
2305 959 3077 1016 theme it bears some resemblance to Mr.
2304 982 3063 1057 Galsworthy's“ Fugitive.“ is novel in con¬
2308 1038 3061 1090 struction, original in characterisation, un¬
2302 1071 3082 1129 conventional in vocabulary, and, in its issue
2312 1097 3077 1172 nothing less than astounding. Three our
2311 1164 3085 1213 of its four scenes pass in a doss-house kept
2312 1192 3074 1254 by a“ widow in a by-street,“ who, like
2320 1233 3066 1288 Mr. Masefield’s heroine, has an only son,
2311 1269 3078 1324 Jim. As embodied by Mr. MeKinnel, he
2310 1313 3063 1357 is a powerful young fellow, apparently of
2889 1347 2916 1368 1
2310 1344 3067 1397 the navvy class. We learn casually in the
2312 1387 3070 1437 course of the play that he“ reads books“;
2312 1428 3071 1481 but his literary proclivities have neither
2309 1450 3079 1512 softened his manners nor expurgated his
2314 1504 3067 1559 language. To the doss-house, one night,
2312 1533 3073 1593 there comes a young woman, hitherto un¬
2304 1567 3073 1640 known to him, who proves to be the wife
2306 1617 3067 1684 Jof an acquaintance of his, a“ swine“ and
2323 1662 3058 1721 a+rotter' named Bill Higgins. She has
2327 1694 3062 1744 left her husband, unable to endure any
2312 1732 3067 1785 longer his drunkenness and ill-usage; and
2322 1773 3069 1825 her helpless plight awakes the rude—the
2330 1816 3068 1867 very rude—chivalry of Jim Harris’s
2328 1850 3082 1904 nature. He saves her from her husband’s
2327 1890 3084 1939 pursnit, and rapidly falls in love with
2330 1928 3074 1978 her. To his proposal that they shall go
2316 1948 3087 2023 away and live together she hesitatingly
2316 2004 3084 2055 and reluctantly consents; but when she
2324 2040 3083 2091 goes off to seek another lodging for the
2334 2080 3086 2140 night, her heart fails her, for she has
2328 2115 3087 2184 been“ brought up respectable,“ and she
2321 2167 2601 2223 returns home.
2355 2222 3109 2289 Her husband is not disinelined to #ccept!“
2333 2279 3104 2327 her submission, and for a moment it seems
2329 2314 3088 2380 as though matters between them were to
2327 2350 3085 2399 be patched up. But his boding eoul tells
2329 2390 3096 2450 him that Jim Harris has been making
2326 2428 3079 2484 up to her,“ and in his drunker, jéalbusy
2323 2460 3095 2532 he becomes so violent that once more shef
2322 2507 3084 2554 leaves his house, Returning to Jim
2322 2549 3073 2596 Harris, she confesses her infirmity of pur¬
2321 2586 3084 2636 pose, but indicates that she has now done
2332 2626 3069 2667 with her husband for ever. And here is
2321 2669 3080 2709 the point at which Mr. Harris’s character
2335 2697 3078 2745 develops in a wholly unexpected direction.
2320 2753 3071 2802 Though his conversation teems with mono¬
2336 2776 3080 2832 syllabic allnsions to Hades and to thef
2322 2816 3078 2868 digestive organs, and though his conduct
2334 2854 3076 2904 to his aged mother is the reverse of filial,
2331 2899 3070 2955 it now appears that he is an intransigeant
2325 2937 3073 2994 idealist, with very exacting notions upon
2327 2968 3082 3025 various ethical questions. Hie confidence
2330 3012 3084 3061 in Mrs. Higgins is a good deal shakon
2331 3051 3076 3103 when he finds that she intended to go
2326 3094 3078 3138 back on her word to him; and when ehe
2322 3129 3090 3182 confesses to having lied to her husband.
2329 3175 3078 3222 and denied that he, Jim, had been
2342 3219 3080 3257 making up to her,“ his moral indigna¬
2320 3246 3072 3303 tion knows no bounds. It avails her
2322 3282 3084 3331 nothing to plead that she stood in terror
2318 3328 3086 3380 of her life. His reply is,“ Well, yon'vel
2314 3367 3076 3413 got to die once, haven't yon?’’—and he
2324 3398 3092 3449 shows that he is no longer very keen on
2326 3441 3094 3487 associating with a woman who is capable
2323 3478 3059 3536 of such mean-spirited mendacity. It
2333 3496 3083 3568 would be unfair to summarise in cold
2333 3553 3082 3609 blood the end of the play. To under¬
2322 3587 3083 3650 stand it at all, we must follow in detail
2326 3630 3090 3684 the development of Jim’s character; and
2334 3669 3076 3722 thaf is impossible unless one could quote
2322 3718 3080 3782 pages of dialogue. Even when we know
2322 3747 3091 3812 all that is to be known about him, I do
2334 3790 3075 3837 not think that. his action is very compre¬
2328 3823 3085 3882 hensible. Apart from its startling close,
2335 3861 3082 3913 however, the play is full of interest and
2325 3882 3088 3972 promise; and it is admirablr acted by Mr.
2330 3929 3082 3993 MeKinnel as Jim. Mr. Edmond Breon as
2324 3974 3109 4046 Bill Higgins, and Miss May Blayney as
2336 4024 2419 4076 Liz.
