3436 4224
-18 4087 27 4170 2
2224 148 2515 198 —
2102 197 2571 297 box 15/5
341 194 1957 317 9.4. ber gruehe Kakaqn zukIus
1483 467 1843 557 Telefon 12801.
2167 560 2397 630 Ausschnitt
1172 553 2121 643 Unternehmen für Zeitungs-Ausschnitte.
2087 514 2496 737 N. 209
1325 619 1958 751 „OBSERVER“
912 723 2397 819 I. österr. behördl. concess. Bureau für Zeitungsberichte und Personalnachrichten
1223 800 2095 890 Wien, IX/1 Türkenstrasse 17.
1178 883 2168 973 Filiale in Budapest: „Figyelö“, VIII. Josefsring 31a. —
918 1025 1412 1113 Ausschnitt aus:
1547 990 2157 1155 Die Zeit, Wien
922 1160 1427 1269 vom 4 MtZ 1895
1186 1381 2268 1460 Drei Einacter von Arthur Schnitzler.
1076 1460 2362 1522 Paracelsus, Schauspiel in einem Act. Die Gefährtin, Schauspiel in einem
1080 1500 2364 1568 Act. Der grüne Kakadn, Groteske in einem Act. Erstaufführung im k. k.
1415 1545 2045 1609 Hofburgtheater am 1. März 1899.
1086 1567 2369 1647 Die drei Einaeter, welche am 1. März 1899 im Burgtheater
1173 1638 2365 1694 zum erstenmale aufgeführt wurden, sind von demselben Dichter
1074 1677 2360 1739 und sind ihrem Umfange nach geeignet, zusammen einen Theater¬
1083 1723 2368 1776 abend zu füllen. Das, meine ich, erklärt und rechtfertigt vollständig
1079 1759 2364 1808 den Wunsch des Dichters und die Bereitwilligkeit des Directors,
1082 1806 2368 1876 aus ihnen auch thatsächlich einen Theaterabend zu machen. Und da
1083 1858 2361 1915 der Dichter selbst weder durch einen Gesammttitel, noch in anderer
1085 1896 2369 1956 Weise irgend einen innerlichen Zusammenhang angedeutet hat,
1084 1936 2370 1987 erachte ich mich auch der Aufgabe für enthoben, nach einem solchen
1080 1993 2351 2047 zu suchen, und zwar umsomehr, als man solche Zusammenhänge,
1088 2038 2368 2098 wenn man einmal anfängt, auf ihre Entdeckung auszugehen, in
1084 2068 2366 2139 jeder beliebigen Permutation sämmtlicher seit dem Sündenfalle der
1073 2128 2348 2185 ersten Menschen = im Paradies gab es noch keine Dramen — ge¬
1089 2160 1686 2222 schriebenen Stücke finden kann.
1196 2185 2366 2272 Das wirklich innere Gemeinsame der drei Einacter liegt eben
1074 2238 2395 2318 darin, dass sie alle drei von Arthur Schnitzler sind, einem Wiener=
1082 2307 2366 2371 Dichter, der nicht nur über eine starke Begabung verfügt, sondern
1069 2353 2363 2412 der auch mit rastlosem Eifer und wachsamer Strenge gegen sich an
1071 2391 2369 2457 seiner künstlerischen Fortbildung arbeitet. Ja, wenn auch in jedem
1074 2438 2366 2479 der drei Stücke zufällig ein wirklich erfolgter oder doch als möglich
1076 2474 2352 2546 gedachter Ehebruch in irgend einer Weise eine Rolle spielt, so
1071 2527 2368 2595 nehme ich doch keinen Anstand, offen zu sagen, dass trotzdem allen
1069 2565 2344 2619 dreien ein sittlicher Ernst zugrunde liegt. Denn nicht der Gegen¬
937 2569 1066 2638 Für
1080 2608 2352 2674 stand der Darstellung, sondern die Art derselben ist entscheidend
1079 2654 2315 2717 für den sittlichen oder unsittlichen Charakter eines Kunstwerkes.
1204 2711 2350 2767 „Ihr seid ein Gesindel, meine lieben, verehrten Mitmenschen,“
977 2728 1071 2798 10
1084 2743 2360 2812 sagt Arthur Schnitzler. Das hören nun die Leute ganz gerne, wenn
1081 2803 2360 2853 man die lieben, verehrten Anwesenden ausnimmt. Wenn uns aber
963 2807 1074 2867 Abon
1092 2833 2355 2888 der Dichter Situationen und Charaktere vorführt, wie sie auch bei
966 2859 1068 2921 Abon
1086 2873 2358 2946 den lieben, verehrten Anwesenden vorkommen können, dann sind
1081 2921 2356 2979 viele Leute beleidigt und sagen, das ist ein unmoralisches Stück,
1081 2965 2367 3034 das ist ein unmoralischer Autor. Sie genießen mit Vergnügen die
1080 3012 2358 3078 schlüpfrigsten Ehebruchskomödien, wenn sie sehen, man will sie nur
1066 3058 2357 3119 kitzeln und amüsieren; sie sind aber moralisch indiguiert, wenn die
1068 3108 2359 3175 Sache einen ernsteren Hintergrund hat, wenn man an dem schön
1064 3148 2338 3210 drapierten Faltenwurf des zur allgemeinen Bürgeruniform ge¬
1070 3188 2365 3271 hörigen Tugendmantels rührt und die Hülle etwas zu lüften
1064 3227 1253 3285 versucht.
1191 3260 2337 3330 Da haben wir gleich das erste Stück, den „Paracelsus“.
1080 3318 2354 3384 An sich vielleicht nur eine niedliche Kleinigkeit. Etwas befremdend
1068 3375 2344 3427 vielleicht durch die Einführung des Hypnotismus und der Sug¬
1070 3411 2344 3469 gestion, nicht deshalb etwa, weil man zweifelt, ob zu Paracelsus
1078 3454 2358 3514 Zeiten derlei bekannt und möglich war, sondern weil die Meisten
1074 3489 2359 3554 in derlei animistisch=spiritistischen Dingen auch heute noch sich
1072 3527 2353 3589 skeptisch verhalten. Aber gerade dort, wo die Möglichkeit eines
1074 3584 2351 3641 Fehltrittes in die Seele einer als brav und tugendhaft geschilderten
1068 3630 2351 3689 Frau hereinlugt, gerade dort liegt im Stück der gesunde, ja mora¬
1068 3668 2347 3729 lische Kern des Ganzen. Nicht jene Stelle meine ich, wo Justina
1066 3715 2341 3779 im Banne der Hypnose sich fälschlich begangener Untreue zeiht:
1074 3747 2350 3809 dessen bedarf der Dichter nur als Folie für die zweite Suggestion,
1065 3804 2351 3846 für die zwangsweise Erschließung der Seele zur Wahrheit. Aber
1068 3854 2343 3900 wenn wir einmal tugendhaft gehandelt haben, so sind wir so hoch¬
1067 3888 2341 3945 müthig, dass wir in dem ausgesprochenen Gedanken, es hätte auch
1070 3945 2334 3987 anders kommen können, eine Beleidigung erblicken. So tief steckt
1073 3983 2339 4038 die Frende an der äußeren Werkheiligkeit in uns, dass wir unsere
1072 4020 2341 4060 Tugend nur als unser Verdienst betrachten und nichts davon hören
1070 4067 2346 4123 wollen, dass Erziehung, Umgang, tausend Aeußerlichkeiten an ihr
1066 4107 2338 4170 Theil haben, dass es vielleicht nur eines Zufalles bedurft hätte, sie
1076 4146 1188 4195 tlägli
1301 4146 1618 4191 Fall bringen 9###
1623 4150 1909 4193 ist der Mensch.
2976 4097 3029 4180 82
3041 4121 3096 4181 e
3106 4106 3220 4196 K
