3436 4256
2061 212 2520 313 box 15/5
1128 221 1332 303 Kaka
1286 232 1912 344 an Z0kIus
288 239 1197 343 9.4: Der gruene
3186 1134 3327 1221 Sare
2377 1183 3338 1290 #ndt mitt der Maß= stellen an ihren Abgeordnet
2741 1242 3345 1322 Besserung der wirthschaftlichen
653 1229 2745 1326 verselbe Weg auch in Oesterreich beschritten werde, um auch gube aufmertsam gemacht hat, gegenüber diesen aus¬
2748 1307 3353 1390 überall einzutreten und dahe
1702 1315 2738 1374 ländischen Agitatoren und ihren unzulässigen Agita¬
657 1329 1706 1381 hier die erforderliche Arbeitsfähigkeit des Parlaments wieder
2753 1353 3309 1426 parlamentarische Thätigkeit
1701 1370 2740 1434 tionen im Sinne des von uns seinerzeit (Nr. 231
643 1381 1700 1444 herzustellen. Das „Neue Wiener Journal“ begleitet
2753 1403 3345 1477 ermöglichen. Beide Versammlu
1704 1415 2748 1487 vom 8. October 1898) mitgetheilten Erlasses vom 7. Octo¬
2739 1445 3329 1518 Rufen auf Se. Majestät den
1703 1468 2746 1531 ber 1898 vorzugehen. Dieser Erlaß verfügt be¬
648 1483 1692 1554 wenn er heiratet, sich fragt, wie lange werde ich
2797 1498 3348 1572 Das ungarische Ab
1703 1524 2752 1586 kanntlich die Anwendung des § 2, Al. 5 des Gesetzes vom
649 1535 1695 1597 lieben, wie man den Arzt fragt: „Wie lange werde
2754 1554 3343 1631 hat heute den ehemaligen Mir
1690 1563 2734 1640 27. Juli 1871 (R. G. Bl. Nr. 88) gegen fremde Staats¬
649 1584 1698 1645 ich leben?“, dürfte denn doch selbst in blafirten,
2757 1603 3346 1675 heimen Rath Désider von Pe
1701 1623 2734 1680 angehörige, welche auf österreichischem Staatsgebiete in Ver¬
654 1634 1702 1702 cynisch angehauchten Naturforscher=Kreisen ziemlich
2747 1655 3341 1726 sidenten gewählt. Von 319
1710 1663 2743 1723 sammlungen auftreten oder aufzutreten beabsichtigen, insbe¬
651 1684 1694 1748 selten sein. Man giebt Fiebernden Eisumschläge, wel¬
2757 1711 3305 1774 entfielen auf Perczel 244.
1711 1720 2752 1775 sonbere wenn zu besorgen ist, daß durch ihre Theilnahme die
657 1744 1693 1807 ches Mittel soll man aber bei so hochgradiger Kälte
2741 1754 3341 1838 Dr. von Szilägyi erhielt
1698 1775 2752 1842 nationale Erregung gesteigert und hiedurch das öffentliche
648 1782 1692 1853 des Herzens anwenden? Da kann rein Arzt helfen
1696 1814 2140 1890 Wohl gefährdet würde.
647 1826 1032 1904 und kein Dichter.
2779 1827 3325 1929 Obwohl de Zeitpunkt,
711 1878 1701 1945 „Der grüne Kakadu“ spielt am Tage der
1739 1867 2745 1967 Mehrere böhmische Blätter urgiren die Einberufung des
2748 1892 3327 1967 rüstungs=Conferenz
650 1931 1696 1990 Erstürmung der Bastille in einer Taverne, in welcher
1702 1947 2746 2017 böhmischen Landtages. „Hlasy od Blanika“ vermögen
2747 1949 3342 2026 treten soll, noch nicht best
648 1974 1692 2053 die vornehme Welt im Kreise von verkommenen Komö¬
1710 2000 2738 2061 sich das Zögern der Regierung in dieser Sache nicht zu
2749 2005 3344 2071 Nikolaus, auf dessen A
647 2032 1698 2088 dianten, welche glauben machen wollen, daß sie Ver¬
1699 2051 2738 2117 erklären. So lange ein Funke Hoffnung vorhanden war,
2749 2051 3338 2123 einberufen wird, schon die
653 2086 1697 2136 brecher sind, ihre Sinne aufstachelt. Hier steht die
1701 2102 2752 2160 daß die Deutschen im Landtage erscheinen werden,
2741 2105 3339 2164 derselben designirt. Als Haup
650 2123 1694 2197 Strafe knapp neben dem Laster. Die kleine Tragödie,
1701 2150 3344 2227 konnte man das Zaudern begreifen, jetzt aber sei russische Botschafter in Londo
648 2188 1699 2243 ein Schauspieler, der wirklich tödtet, ist nur Ver¬
1699 2197 2740 2255 diesfalls jede Illusion geschwunden, und ein weiteres
2735 2197 3350 2273 Aussicht genommen, dem al
651 2238 1708 2304 anlassung, um eine Niedergangszeit zu schildern und
1700 2246 2739 2314 Zögern könnte nur eine Erschwerung der Position
2739 2254 3352 2322 völkerrechtliche Fragen der be#
657 2287 1714 2361 Gedanken zu lesen. Und welches Sinnwort leuchtet
1699 2299 2738 2362 der czechischen Abgeordneten zur Folge haben. Auch
2742 2300 3350 2372 Dr. Friedrich von Martens beig
656 2331 2730 2414 aus dem Entsetzen der blutigen Spelunken=Komödie die „Närodni Listy“ führen Klage über den
2737 2343 3352 2423 land schon zu wiederholten Ma
647 2388 2736 2457 hervor? Schnitzler läßt eine der Personen sagen: Aufschub der Session des böhmischen Landtages, der wahr¬
2738 2401 3340 2479 Conferenzen vertreten hat;
649 2428 1703 2500 „Was ich hier so eigenthümlich finde, ist, daß alle
1706 2445 2734 2513 scheinlich erst nach Ostern zusammentreten werde und zur
2740 2454 3351 2525 der betheiligten russischen Mi
655 2489 1698 2557 scheinbaren Unterschiede so zu sagen aufgehoben sind,
1703 2503 2739 2563 Bewältigung seiner dringenden Aufgaben kaum genügend
2739 2485 3346 2571 delegirte ernannt werden. Die
644 2536 1701 2601 Wirklichkeit geht in Spiel über — Spiel in Wirk¬
1701 2544 2729 2618 Zeit haben werde. Wenn auch in letzter Zeit Manches im
2743 2550 3345 2621 von Staal, des ältesten russi
648 2576 1691 2646 lichkeit.“ Das heißt: Um im Leben und in der
1701 2602 2732 2659 Interesse der nationalen Gleichberechtigung geschehen sei, so
2735 2602 3342 2671 diese wichtige Mission beweise,
642 2632 1698 2695 Komödie Glück zu machen, muß man es zur Fertigkeit
1694 2637 2737 2715 warnt das Blatt doch vor jedem Optimismus in Bezug auf
2746 2646 3338 2725 graphen=Agentur hervorhebt,
650 2677 1694 2744 gebracht haben, sich umzugestalten, sich zu verstellen.
1700 2691 2739 2773 die Revision der bestehenden Einrichtungen, denn dagegen
2743 2711 3348 2778 Interesse, welches Kaiser Niko
702 2738 1689 2801 Also auch hier wie im „Paracelsus": „Was ist
1705 2748 2733 2814 würde sich gewiß starker Widerstand erheben. Auch die
2736 2754 3350 2825 großen Werkes entgegenbringe.
644 2782 1690 2840 nicht Spiel, das wir auf Erden treiben, und schien
1702 2791 2741 2860 „Neue Freie Presse“ meint, der Grund, warum die
2784 2801 3351 2876 Das englische Unterhau
640 2825 1683 2898 es noch so groß und tief zu sein!“ Also Symbolis¬
1699 2851 2736 2927 Regierung die böhmische Landtagssession so weit hinausschiebe,
2744 2843 3365 2935 bedeutenden Majorität die Ve#
639 2884 1695 2941 mus im Realismus. Wir haben außer den nur leicht
1703 2897 2114 2949 liege nicht klar zutage.
2732 2899 3345 2972 pflicht beschlossen. In zweiter
646 2934 1700 2986 angedeuteten Fragen eine offene an den begabten
1730 2946 2741 3018 Die „Edinost“ (Triest) reflectirt auf die angeblichen
2742 2946 3329 3019 mit 317 gegen 59 Stimmen
635 2985 1697 3052 pessimistischen Doctor Schnitzler: „Fängt denn der
1705 2994 2728 3068 Verhandlungen mit den Süd=Tirolern und begrüßt eine
2745 3007 3350 3083 eingebrachte Gesetzentwurf ange
638 3023 1452 3110 Mensch immer erst beim Kranken an?“
1694 3045 2738 3114 Lösung der Tiroler Frage auf Grundlage des Zugeständnisses
2745 3051 3337 3115 das Alter, in welchem Kinder
1696 3099 2743 3174 nationaler Curien mit großer Lebhaftigkeit. Solche nationale
2740 3102 3363 3188 zu besuchen brauchen, von 11
