3484 4256
21 2573 90 2672 ach
20 2741 136 2807 ein
-20 2767 132 2838 lander
-9 2829 82 2888 chni
-26 2963 115 3063 mishen
-10 3051 126 3111 ie diest
-10 3094 64 3152 ch
-22 3130 125 3211 rgschau
399 191 646 291 9. 4
2151 193 2643 303 box 15/5
623 180 2157 309 DerBrnene KakaduZykins
696 1346 787 1415 —
1206 1346 3353 1436 eruehmen.frei. Neten, sich und die öffentrliche Meinungf gegrunder, eine Landesanstalt zu ersetzen und beiden
432 1410 3355 1486 Da dies aber nicht geschehen ist, die officielle Bekannt= in Ungarn schon heute auf jenen Moment vor= Volksstämmen gleich zu dienen; deshalb wurde sie auch
431 1532 2449 1610 Sprache für den Stil der Comödie halten, welche bei ihr ertappt haben will. Ermordet hätte er ihn
2429 1528 3346 1620 Diesen „grünen Kakadu“ halte ich ungeachtet
433 1595 1411 1656 von den Stammgästen des „grünen Kakadu“ all¬
1401 1593 3350 1665 sogar! Und da die Zuhörer wissen, daß Leocadie in seines Titels „Groteske“ für eine der ernsthaftesten
426 1624 1411 1692 abendlich vorgeführt wird. Unter diesen Stamm¬
1408 1629 3346 1695 aller Wahrheit Beziehungen zu Cadiguan habe, sol Dichtungen, die je geschrieben wurden. Ich glaube
432 1689 1410 1747 gästen sind hervorragende schauspielerische Talente,
1399 1685 2366 1747 halten sie Henri's Spiel nicht für Comödie, sondern
2364 1685 3338 1739 nicht, daß es eine schneidigere und gedankenreichere
427 1718 2365 1787 darunte ein gewisser Henri (Herr Sonnenthal), der für Mittheilung eines wirklich vollbrachten Mordes.
2365 1730 3332 1786 Satire auf die zum Sterben reife Menschheit un¬
436 1767 1418 1839 sein Brot als Künstler auch auf einer regelmäßigen
1394 1768 2358 1831 Selbst der Wirth und Schauspieldirector Prospere
2358 1774 3339 1835 mittelbar vor Ausbruch der französischen Revolution
436 1812 1400 1873 Bühne gut verdienen könnte, sich aber hier, im
1405 1817 3328 1864 theilt diese Meinung und ruft seinem Künstler gibt, so viele Revolutionsdramen auch schon ge¬
438 1847 1413 1916 Stegreifspiele, besser gefällt. Ein merkwürdige Patron,
1406 1854 3344 1919 Henri zu: „Wahnsinniger!“ Denn der Herzog von schrieben worden sind. Schnitzler ist hier hoch hinaus
426 1892 1412 1957 dieser Henri! Ein verlumptes Genie, in dem die
1407 1899 3349 1967 Cadiguan ist ein Liebling des Königs und sein über Alles gewachsen, was er je zuvor geschrieben hat.
440 1936 2367 2008 guten und bösen Geister nur so wühlen. Er hat Mörder wird nicht geschont werden. Henri ist in
2425 1942 3346 2008 Ueber die ersten zwei Stücke darf ich mich
436 1980 3342 2049 soeben seine Collegin Leocadie (Frl. Witt) geheirathet, Folge dieses Zurufs Prospere's zunächst selbst ver= kürzer fassen, obwohl sie in ihrer Art nicht minder
441 2026 2372 2097 obwohl er weiß, daß sie eine gemeine Dirne ist. Er blüfft von der Wirkung seines Spiels, und als ihm
2353 2040 3338 2098 vollkommen sind, doch habe ich ihren Inhalt schon
428 2082 1421 2143 träumt echt rousseauisch davon, sich auf's Land, in
1399 2071 3352 2146 Prospere vollends zur Flucht räth, schreit er: Nein,kurz berichtet. „Paracelsus“ ist meisterlich in der
432 2109 1395 2174 eine Idylle zurückzuziehen, um das Glück der Liebe
1397 2121 3339 2189 es ist nicht wahr! Ich habe ja doch nur gespielt ! Charakteristik des Gegensatzes von seiner selbst ge¬
435 2163 1399 2214 ohne Störung mit ihr zu genießen. So toll ist er
1405 2168 3335 2232 Der Herzog lebt!" Im selben Augenblicke aber wissem, aber darum doch nicht bornirten Spieß¬
439 2206 1414 2264 in seiner Verliebtheit, daß er auch auf seine Kunst
1400 2209 3338 2280 dringt die Nachricht vom Falle der Bastille in die bürgerthum mit der skeptischen, aber darum doch
438 2250 1413 2308 verzichten will, so verblendet sich durch nichts von
1402 2254 2369 2309 Spelunke herein, man hört Kanonenschießen, die
2353 2255 3339 2316 auch nicht frivolen Boheme, die zwischen Himmel
435 2293 1413 2368 seinem Plane will abbringen lassen! Und dabei
1394 2288 2365 2362 Rufe: „Freiheit! Freiheit!“ Nun meint der Wirth,
2359 2301 3334 2358 und Erde mehr Geheimnisse sieht, als sich Profes¬
438 2344 2373 2405 eifersüchtig, wie ein Othello! ... Aber wir be¬ nachdem die königliche Herrschaft gestürzt wäre,
2360 2332 3345 2399 sorenweisheit träumen läßt. Die kleine Handlung
439 2382 1417 2451 finden uns am Abend des 14. Juni 1789, an dem
1393 2385 3349 2450 drohe Henri keine Gefahr mehr, und ruft ihm zu: dieses Einacters ist mit sehr viel Anmuth und
426 2408 3342 2496 die Bastille gestürmt wurde. Die Pariser Luft ist! Jetzt brauchst Du Dich nicht mehr zu fürchten, jetzt Feinheit geführt. Herr Robert hat nur leider in
440 2470 3345 2517 mit Sturm geschwängert. Eine Nervosität hat die kannst Du's in die Welt hinausschreien. Ich hätte seiner Darstellung des Paracelsus den Charakter i
436 2517 1418 2574 ganze Stadt überkommen, daß schon jedes Kind
1402 2514 3344 2582 Dir schon vor einer Stunde sagen können, daß siedüster aufgefaßt und dargestellt, indeß Schnitzler ihn
431 2553 3336 2618 fühlen muß: etwas Ungeheuerliches bereitet sich vor. die Geliebte des Herzogs ist. Bei Gott, ich bin nahe als einen kühnen Weltfahrer, zwar verwittert, aber
431 2589 3350 2661 Alles ist auf den Straßen, die Anarchie guckt schon daran gewesen, Dir's zu sagen.. Und die an=doch auch weltüberlegen gedacht hat. Roben#
423 2654 3343 2690 aus jedem Kellerloch heraus. Nur die Aristokraten deren Schauspieler bestätigen Prospere's Rede. Aber spielte eben nur wieder einen — guten Robert.
428 2690 2370 2739 merken das nicht, so wollen sich noch immer amn¬ damit macht er's noch schlimmer, denn nun erwacht
2351 2693 3340 2764 mittlere Einacter: „Die Gefährtin“ ist eigentlich
445 2734 2358 2794 siren, sie verachten noch immer das Volk von ihrer Henri vollends aus seinem künstlerischen Taumel
2366 2729 3333 2788 nur eine dramatisirte Novelle, eine Auseinander¬
441 2769 1405 2834 souveränen Höhe herab. Sie halten es für unmöglich,
1390 2775 2364 2841 und der Othello in ihm gewinnt die Oberhand. Im
2356 2786 3326 2840 setzung zweier Menschen mit einander über eine Ab¬
438 2812 1398 2875 daß sie, selbst im Kothe wandelnd, schmutzig werden
1400 2823 2353 2876 selben Moment kommt aber auch der Herzog Cadi¬
2348 2821 3345 2886 geschiedene. Aber mit solch technischer Vollendung,
429 2862 1407 2920 könnten. Diese Aristokratie hat Schnitzler mit wahrer
1402 2871 3348 2917 quan wieder in die Spelunke zurück. Da wirft sich daß man mächtig ergriffen wird. Herr Sonnenthal
428 2914 1406 2965 Meisterschaft knapp und scharf geschildert. Und nun
1395 2915 3348 2977 Henri mit einem Satze auf ihn und durchbohrt ihm spielte den alten Professor ausgezeichnet und wurde
432 2946 2356 3009 geschieht etwas Entsetzliches: im Hundumdrehen den Hals. So hal das Spiel mit dem Verbrechen
2353 2961 3345 3016 von Frl. Bleibtreu und Herrn Zeska ebenbürtig
425 3001 3338 3047 wird nämlich die Comödie zum blutigen Ernst und ein blutiges Ende genommen. Das Volk draußen secundirt. Dieser Einakter—Schnitzlers Abschied von
421 3040 3344 3088 die blinden Aristokraten zahlen die Zeche. Der jubelt über die erlangte Freiheit — die Aristokraten seiner „Anatol“=Poesie — machte die stärkste Wirkung.
428 3084 3341 3142 Schauspieler Henri, der wohl weiß, welchen Ruf aber — so deutet der Dichter die nahende Schre= Länger halten aber dürfte sich doch der „grüne
437 3121 3346 3205 seine junge Frau Leocadie hat, tragirt dem Publicumickenszeit am Schlusse an — waren unverbesserlich; Kakadu“, sobald nur die Burgschauspieler werden
430 3163 2787 3231 im „grünen Kakadu“ eine Eifersuchtsscene auf den sie mußten ganz weggefegt werden, um die Wieder= besser eingespielt sein.
3064 3178 3317 3249 M. N—r.
437 3215 2183 3291 Herzog von Cadiguan (Herr Reimers) vor, den erl geburt der Menschheit möglich zu machen.
