3436 4256
719 171 1279 246 uene Kakadu
439 184 572 249 De
210 174 1261 295 9.3
414 886 1296 973 Strindbirg und Schnitzler.
367 959 1346 1049 Neueinstudierungen im Lessingtheater.
1153 1021 1459 1083 „Der grüne
355 1020 1112 1093 „Fräulein Julie" von Strindberg —
250 1081 1458 1139 Katadu“ von Schnitzlei. Zwei Stücke Vergangenheit von sehr
251 1113 1464 1180 verschiedtner Ait, zusammengestellt durch die raune eines Theater¬
249 1156 1462 1212 abends: beide ein weng auf Aklugnilät hin aus der Versenkung
262 1199 448 1268 gehoben.
356 1211 1451 1288 „Fräulein Julie“ ist naturalistischer, theoretischer Stuind¬
253 1258 1464 1317 berg. Der spatele, der nur von sich redet, ist uns naher: das Spiel
270 1321 1464 1364 zwischen Fraulein Julie, der Absteigenden, und Jean, dem
272 1339 1465 1396 Aufsteigeneen, mit bewußter Technik von außen gestaltet,
1088 1378 1468 1433 das Theoietische
830 1384 1083 1442 wo duich
430 1389 803 1455 nur da noch,
261 1395 431 1449 spricht
263 1432 1461 1484 das Elementare durch bricht, der Haß der Geschlechter, der Wille
264 1471 1463 1529 des Tschandalamenschen zum Empor — wo der Naturalismus
258 1497 1467 1555 von Si#indbergzugen abgelöst witd. Die Geschichte dei Grafen¬
253 1544 1459 1594 tochter, die sich in der Jovannisnacht dem Diener gibt und dann
275 1573 1471 1647 hingeht und sich den Hals abschneidel, ist letzten Endes schon ein
283 1611 1471 1674 Stück Lileraturgeschichte: einen Schein von Attualität bekemmt nie
264 1657 1468 1714 durch den Gegensp eler Jean, den Protelarier, der hinauf will und
266 1692 1465 1756 doch unter dem Willen dei Höreren zusammenkntat. Aber das ist
271 1729 1470 1800 nur eine Lalbe Alualitat, die mben einem ebenso großen Stück
262 1773 1464 1847 Vergangenbeit steal. Es bleibt der despett vol der Kiast, die solch
266 1819 1477 1878 ein Stück Leben der blassen Liteialur der Ibsenzeil entgegenstellte:
274 1869 1063 1929 eine innere Berührung erglbt sich nicht mehr.
356 1900 1464 1949 Fiäulein Julie war Frau Durieux. Ebenso wie Gertrud
276 1939 1471 1987 Eyfoldt, die einst bei Reinhardt die Roue spielte, ein Fraulein Julie
273 1969 1473 2024 aus der Stadt, nicht vom Lande: Dekadenz nicht aus altem Beut,
268 2010 1466 2076 sondern aus eigenen Erlebnissen. Die Julie, die Frau Durteux in
266 2046 1471 2118 der ernen Hälfte gab, hätte sich über eine solche Kleinigkeit bestimmt
275 2103 1475 2151 nicht meht din Hals abgeschnitlen. (Dei Zuschauer dentt überhaupt
273 2143 1010 2197 zuweilen: Wozu der Läim in Gesühlen?)
354 2166 1469 2223 Seur eigenartig Herr Klopfet als Jan. So bewußt unsym¬
270 2202 1468 2264 path'sches Z vischenglied zwischen den Standen, daß die Beziehung
277 2238 1481 2308 nach oden wie nach unten, zu Julie wie zu Christtne, schwer ver¬
288 2282 1476 2347 sta dlich wald. Ausgezeichnet die innere Freude an der eigenen
289 2321 1482 2381 Brutalilät, an der er sich hält, das Versagen des Willens, das ge¬
285 2369 1473 2427 falscht Aristokratische; ein paar leere Stellen zeigten eine letzte
284 2395 1473 2454 Fremoheit dem Ganzen geger über. — Fläulein Stüning als Christine
285 2438 1478 2505 war ganz in sich geschlossene Selbstsicherheit: ein Mensch, dir noch
288 2477 1475 2546 die inneten Bande des Standes, die ihn tragen, nicht angekührt
291 2538 887 2584 hat und daium unverwundbar ist.
358 2554 1473 2629 Zum Saluß Schnitzlers „Grüner Kakadu“, die Reoo¬
287 2615 1474 2653 lut ourbariation übei das Trema: „Wir spielen immer; wer es weiß,
262 2648 1486 2723 Fift klug: Reine Lneiakur, zu Ansang scon etwa verstaubl, in der
278 2689 1489 2745 zweilen Hälste so geschickl gemacht, daß sie noch immer wirlt, troß
290 2716 1489 2777 der Pf#eu bultualital der Ba#lesturms. Unter den Darstellern wieder
294 2757 1485 2813 Hil K.öpfel sehr anmani all Tantenmnor er: nur daß er zu sehr
292 2812 1491 2860 Sgauspieter d#ied, statt mütig einen anderen Reoliiatsgrad zu tiingen.
514 2930 1263 3026 Pressekonzert im Reichstag.
374 3005 1486 3071 Der Abend im Reichstag, der nach altem Sinne alljährlich den
297 3059 1494 3114 eigentlichen Auftalt für den Berliner Getellschaftswinier gibt, war
291 3085 1491 3141 am Sonntag gleichteitig eine Art gesellschaftlicher Feuervrove der
299 3122 1487 3203 jungen Republit. Sie hat sie bestanden, auch ohne Umformen und
291 3155 1495 3236 ohne Lorbeerhaine; es sind im vergangenen Jahre genug Uniformen,
301 3201 1527 3289 allzuviel, in diesem Haus des deutschen Volkes gewesen! Ein!
401 3311 1421 3402 Deutsche allgemeine Zeitung, Berlin
754 3451 1099 3539 3—N0V 1975
1408 165 1846 253 box 15/3
2080 765 2785 873 110 Lessing=Theater. #.
1846 797 2069 895 (2-X000
2064 840 2675 918 Strindberg=Schnitzler=Abend.
1879 889 2831 956 „Fräulein Julie.“ —„Der grüne Kakadu.“
1918 943 2860 1014 Strindberg ist nicht tot, er lebt. Das bestätigte
1893 979 2867 1059 die Einstudierung des naturalistischen Trauerspiels
1890 1036 2770 1091 vom beklagenswerten Schicksal des Edelfräuleins.
1931 1049 2865 1126 Schnitzler stirbt ab. Das war die (nicht angenehme)
1887 1095 2872 1164 Entdeckung bei der Wiederaufunge der Groteske, die
1893 1135 2864 1221 uns immer als eine der lehendigsten Schnitzler=Arbeiten
1896 1185 2379 1264 in der Erinngstück gele##“
1923 1200 2873 1278 Zu sagen oleibt#skerdings: bei Strindberg half
1886 1260 2857 1323 wuchtigste schmtpielerische Kraft, bei Schnitzler ver¬
1908 1310 2371 1370 sähte die Schauspielkunst.
1937 1319 2869 1405 Bei Strindberg: Fräukein Julie: Tilla Durieux,
1902 1363 2881 1456 der Diener: Eugen Klöpfer. In Erinnerung
1907 1403 2875 1481 an seine Leistung sprach ich von wuchtigster
1910 1442 2875 1521 schauspielerischer Kraft. Er scheint der geborene Dar¬
1900 1493 2868 1563 steller für Viechkerls (ein schauspielerisch verfeinerter
1915 1528 2876 1597 Jannings). Man denkt daran, wie er in den Schablonen¬
1903 1567 2876 1642 schwank von den „Letzten Rittern“ einen solchen un¬
1898 1602 2873 1681 geschlachten Gesellen hineingestemmt hat. Den Diener
1904 1645 2883 1719 Jean bei Strindberg (der nicht gerade Erdgeruch an
1914 1690 2885 1758 sich hat, mehr gedachte Inkarnation aller Gesühls¬
1911 1718 2883 1794 roheit ist) faßt er etwas psychologischer an
2441 1759 2879 1824 Julie soll nicht als
1910 1768 2433 1834 und gibt ihm Nüancen.
1915 1798 2819 1880 die nach jedem Manne Lüsterne erscheinen,
2459 1827 2878 1901 ein gewisses Etwas
1908 1853 2384 1910 ihr Jean muß schon
1921 1874 2879 1939 haben, das ihren Trieb erklärlich macht. Wie Klöpfer
1920 1921 2882 1982 dies gewisse Etwas bringt (bis zur Verführung), das
1923 1949 2887 2023 hat unendlich viele künstlerische Reize. Er kopiert
1925 1993 2863 2060 den Mann von Welt, ohne die Niedrigkeit der Her¬
1913 2031 2884 2106 kunft ganz abstreisen zu können, mit solcher
1924 2075 2894 2135 Selbstverständlichkeit, daß es kaum noch verwunderlich
1916 2108 2888 2183 ist, wie das Fräulein ihm verfallen kann. Nachher
1925 2144 2889 2216 aber: mit rücksichtsloser Brutalität bricht das Mann¬
1921 2187 2895 2257 tier durch und peitscht durch alle Stadien kalter
1914 2226 2900 2289 Herzlosigkeit das Opfer in den Selbstmord hinein.
1921 2265 2903 2336 Unvergeßliche Unterbrechung: wie beim Klingelzeichen
1918 2321 2792 2363 des Grafen der Lakai ihm in den Nacken fährt.
1963 2327 2897 2413 Die Durieux das Opfer. Mit großem Elan ist
1920 2381 2905 2451 sie zur Bühne zurückgekehrt. Das durch die Johannis¬
1923 2418 2905 2493 nacht gesteigerte Triebhafte kommt ohne Prüderie, mit
1934 2458 2900 2525 animalischer Selbstverständlichkeit, — die Reue und
1942 2498 2911 2563 Ratlosigkeit, das völlige Verfallensein mit einer tragi¬
1940 2531 2899 2606 schen Kraft und Erschütterung, einer so völligen seeli¬
1943 2564 2907 2652 schen Hingabe, wie ich sie früher bei der Durieux nicht
1939 2631 2091 2694 erlebte.
1966 2633 2922 2715 Die Christine der Grüning steht neben beiden
1933 2691 2755 2749 in wertvoller künstlerischer Selbstbescheidung.
1962 2731 2908 2780 Nach der großen Strindberg=Erschütterung die große
1943 2767 2907 2829 Schnitzler=Enttäuschung. Enttäuschung infolge Absterbens
1935 2806 2918 2872 des Dichters oder Versagens der Darsteller oder der Regie?
1947 2847 2907 2916 Ich wage es nicht zu entscheiden, will nur sagen, daß
1942 2886 2909 2948 ich mir diese Groteske ganz, ganz anders gespielt
1950 2922 2923 2989 denke, als es hier geschah. Sollte es dafür
1951 2965 2915 3026 kein anderes Ausdrucksmittel geben als parodierendes
1946 3004 2917 3068 Pathos? Das nicht einmal immer erkennen
1945 3043 2918 3109 läßt, ob es parodistisch gemeint ist? Und nichts segte
1943 3083 2933 3147 vom großen Sturmlänten der Revolution durch die
1947 3119 2911 3179 Szeue, nirgends klaffte der soziale Gegensatz,
1944 3163 2915 3221 uirgends brach der grimme Humor durch, der
2819 3199 2917 3243 Die
1963 3200 2797 3265 sich hinter gespielter Grobheit verbirgt.
1948 3234 2923 3296 Aristokratie blaß, die revolutionären Schauspieler
2705 3276 2931 3329 Uebergang
1950 3281 2700 3345 ohne satirische Schärfe, und der
1957 3323 2921 3382 vom Spiel zum blutigen Ernst selbst in Konrad
1950 3352 2932 3416 Veidts Darstellung verpuffend. Ich werde diesen
1957 3387 2928 3456 Schnitzler lesen, um mich zu überzeugen, ob er wirklich
1957 3426 2935 3491 abstirbt oder ob ihn hier Schauspieler gemordet haben
1953 3479 2927 3534 (die den Strindberg, scheint's, noch lange am Leben
1951 3526 2288 3596 erhalten werden).
2572 3534 2950 3619 Franz Köppen.
