3484 4224
569 132 1058 215 Der Fruene
1056 135 1375 216 Kakadu
1511 128 1958 243 box 15/4
300 135 1380 262 9. 3 K u 4 I.  n aen n e enece uc .
901 920 2673 992 Aber durch das Spiel erfährt er von den entsetzten Kollegen, daß die
907 994 2651 1078 Untreue wahr ist, und als der Herzog eintritt, macht er den ge¬
911 1068 2635 1133 gespielten Mord (den jene schon glaubten!) auch wahr. Der Herzog fällt —
912 1113 2670 1188 der Herzog, Henris Widerspiel, der feinste der Genießer, der alle und alles
910 1176 2663 1248 versteht, der mit vierundzwanzig Jahren Ubersättigte, der die kleinen Theater¬
902 1236 2681 1291 dirnen mit seinem Degen spielen läßt — ihm wandelt sich das so geliebte
904 1281 1682 1373 Spiel jäh in tötliche Wirklichkeit.
1025 1361 2666 1445 Der Herzog fällt und die Bastille fällt. Und nun erhebt sich der
903 1423 2667 1517 königliche Kommissär, der so lange das Spiel prüfend ansah — und verbietet
914 1493 2675 1565 die Vorstellung! Und noch das ist nicht das letzte Wort dieser grausigen
920 1551 2668 1608 Groteske — das hat die Marquise, die höchst elegante Zuschauerin, die durch
918 1607 2667 1679 all dies „in Stimmung kommt“ und ihrem Liebhaber eine angeregte
915 1667 2674 1744 schöne Stunde verspricht — „man sieht nicht alle Tage einen wirklichen
907 1725 2671 1797 Herzog wirklich ermorden“! — Das ist das letzte Wort dieser ganz
909 1776 2655 1847 ästhetischen, ganz unethischen Menschheit, sie bleibt sich treu in spiele¬
895 1839 2672 1903 rischer Genußsucht —treu bis aufs Schaffot. „Sie werden uns nicht entgehen“,
901 1901 2034 1971 dies Wort des Freiheitsredners beschließt den Akt.
1025 1962 2673 2063 Es ist eines der seltenen Stücke künstlerischer Arbeit, in denen jeder
910 2048 2663 2118 Zug ein Meisterzug ist, wo keine Lücken klaffen, keine Fugen zu spüren
902 2104 2663 2169 sind. Alles ist zu völligster Geschlossenheit nach allen Seiten versponnen.
910 2155 2660 2226 Der kleine Junker vom Lande, an dessen Unerfahrenheit das ganze Chaos
912 2220 2665 2298 grell aufleuchtet, zeigt doch zugleich den adeligen Rest seiner todgeweihten
912 2285 2663 2363 Kaste, wenn er am Schlusse mit ererbtem Mut, den Degen in der Hand,
915 2333 2663 2398 den Seinen Abzug erzwingt. Der Tantenmörder Grain, der bei den Schau¬
913 2388 2668 2465 spielerreden wider die Richter den ungespieltesten Beifall ausjauchzt, bringt
913 2463 2674 2525 einen Hauch der Straßenwelt draußen hinein. Auch stiehlt er einem Marquis
912 2514 2673 2559 wirklich den Beutel, während dieser seinem jungen Freunde vom Lande
915 2570 2663 2623 beruhigend zeigt, daß das scheinbar gestohlene Geld der Verbrecherspiele
907 2626 2670 2690 aus Spielmarken besteht! Der echte Donner der Revolution draußen gilt den
907 2696 2666 2758 Gästen als Teil des Arrangements, der Wirt-Regisseur beginnt das zu echte
917 2745 2654 2825 Spiel seines Henri für Wirklichkeit zu halten, aus seinem zu echten Ent¬
914 2803 2660 2884 setzen liest der Spieler die Wahrheit seines Spiels. Und so brandet schließlich
922 2859 2650 2951 Wirkliches und Gespieltes zu einem Chaos zusammen. Ein Weltuntergang.
1022 2941 2664 3000 Schnitzler kommt in seiner Technik mehr von der gallischen als von
911 2996 2670 3054 der germanischen Linie des Dramas. Seine Gestalten setzen nicht Ideen in
901 3070 2661 3136 die Welt, seine Idee, seine Tendenz setzt Gestalten an. Wenn auch sein
906 3129 2674 3198 Leitmotiv so unscharf, lyrisch weich, stimmungshaft ist, wie kaum je bei
915 3172 2676 3227 einem Franzosen — es bleibt der Weg gallischer Konstruktion; und um des
917 3239 2667 3297 weicheren Kerns willen gewinnen seine Gebilde selten französische Schärfe
909 3306 2666 3371 und Sicherheit und Schlagkraft — bleiben in sehr liebenswürdiger Schwäche.
911 3350 2679 3428 Hier aber hat der Dichter einmal mit einer Gebärde wildester Verzweiflung
1728 3432 1851 3512 333
