3532 4192
2142 198 2594 289 box 15/5
361 205 2082 310 9.4. Der gruehe kakaqu ZvKInS
484 1605 1550 1674 Kitzel aus dem Reizmittel holen, sich Revolution und
1563 1631 3416 1694 nimmt im Stücke nur die Gestalt Henri's an, der Epochen des Dichters: Vergangenheit in
496 1656 1556 1724 Verbrechen von abgerichteten Schauspielern vorgankeln
1568 1660 2615 1735 die leichtlebige Leocadie an sich gebunden, naiv von
2628 1668 3416 1761 Gegenwart in „Die Gefährtin“, Zuk
495 1693 1546 1765 zu lassen. Und der Tag, an dem der Aristokrat durch
2631 1702 2967 1789 grüne Kakadu“.
1561 1717 2613 1785 dem ehrlichen Gelübde auch eine Aenderung ihrer
493 1751 1556 1820 den Stahl des Bürgers fällt, bringt dem Mörder
1577 1760 2614 1828 Sitten erwartend. Er schwelgt in Träumen von
2713 1737 3414 1840 Das letzte Stück stellt ungeheure?
485 1784 1551 1876 keine Sträfe mehr, herein stürmen die Banden, welche
1567 1808 2606 1871 häuslichem Glücke in ländlicher Zurückgezogenheit,
2626 1825 3414 1886 an die Regie, sowie an die einzelnen Schaf
488 1854 1553 1918 die Bastille zerstört haben, der Ruf „Es lebe die
1558 1857 2613 1934 denen sie nur zerstreut zuhört, schon nach neuem
2615 1870 3416 1921 Rollen alle klein, aber in jedem Worte
493 1898 1545 1956 Freiheit“ tönt über die blutende Leiche hinweg. Hier
1564 1908 2606 1964 Leben ausolickend. Es gehört zu den feinsten Zügen
2615 1907 3419 1985 voll sind. Der ganze Jammer über de
486 1945 1551 2017 hatte der Dichter die Aufgabe, mit Massen in's Große
1558 1960 2615 2021 des Stückes, wie sie, an der Leiche des Herzogs
2618 1968 3422 2048 sich immer wieder ein, wo ein neues
480 1990 1542 2069 zu arbeiten, er, der sich sonst in Kleinkunst zu ver¬
1564 2013 2603 2071 zusammensinkt und, dem rächenden Gatten zuruft:
2615 2015 3397 2079 das ein fieberhaftes Tempo fordert.
480 2041 1548 2117 tiefen liebt. Er hat es meisterhaft bewältigt, mit
1575 2068 2593 2118 „So viel bin ich mein Lebtag nicht werth gewesen!“
2612 2054 3406 2117 lähmt das Temperament der Dichtung i
487 2095 1554 2156 wenig Worten eine ganze Schaar scharf umrissener
1567 2105 2617 2171 In dem Streben nach Vollstimmigkeit hat der Dichter
2622 2116 3426 2184 steller. Die Volksscenen des Schluss
483 2138 1548 2214 Gestalten vorzuführen. Neben dem Wirth=Director
1550 2146 2613 2222 manchmal etwas zu viel gethan und einige Figuren,
2619 2164 3415 2232 bewegt, wenn geschrieen wird; so wie vor
487 2186 1539 2252 stehen die Mitglieder seiner Truppe, der brüllende
1562 2195 2601 2261 vor Allem Balthasar und Georgette, die nur Wieder¬
2622 2207 3424 2282 wird, bleibt die Menge plötzlich steif
497 2244 1541 2300 Scaevola, der weinerliche Jules, die munteren Dirn¬
1557 2253 2612 2312 holungen sind, ließen sich leicht beseitigen. Aber was
2627 2265 3415 2331 Den Heuri gab Herr Sonnentha
478 2288 1532 2354 chen, zu ihnen gesellt sich der echte Gauner Grain,
1554 2289 2603 2355 er wollte, hat er erreicht: ein Zeitbild in engem
2616 2295 3419 2369 Wirkung in der Schauspielscene; aus
489 2333 1541 2402 auch der „schreiende Bimsstein“ genannt, dem das
1557 2346 2599 2409 Rahmen zu geben, von einer, manchmal erschreckenden
2609 2362 3423 2426 eines jugendlichen Darstellers wären aber d
485 2396 1539 2463 Spiel gerne zur Wirklichkeit wird. Auf der aristo¬
1553 2407 2602 2455 Kühnheit, von der die Bühne freilich manches ab¬
2618 2402 3425 2474 schen Liebesworte, die nur in den Mun
489 2432 1549 2506 kratischen Seite predigt der flotte Herzog den Lebe¬
1569 2444 2613 2515 zuschwächen genöthigt ist. Neben manch zündendem
2619 2454 3386 2523 reifen, thörichten Jünglings passen,
494 2503 1546 2563 männern, denen sich in Tremouille ein kindlicher An¬
1566 2499 2605 2568 Witzworte, an denen das Stück überreich ist, hat
2612 2505 3419 2568 verklungen. Dasselbe gilt für die Ro
494 2538 1539 2608 fänger beigesellt, die Philosophie des Genusses; sogar
1556 2549 2606 2621 gar vieles versagt, dem die Explosivkraft geschmälert
2615 2565 3399 2639 Mitterwurzer (Marquise de
489 2586 1546 2662 die Marquise von Lansac steigt in den Keller herab,
1549 2588 2611 2658 worden. Immerhin aber ist das Werk selbst im
2660 2601 3381 2672 B. von Frau Reinhold gegeben,
482 2643 1544 2696 gierig sich Sensationen zu holen, die weder ihr lächer¬
1550 2645 2599 2706 Wesentlichen nicht beeinträchtigt worden, und es
2607 2651 3408 2727 übermäßigen Schärfe verlöre. Trefflich
489 2683 1538 2752 licher Gatte, noch ihr Cicisbeo, der fade Poet Rollin,
1552 2691 2607 2762 gebührt sowohl der Direction für das, was sie ge¬
2618 2701 3411 2773 Reimers (Cadignan), Herr H
483 2734 755 2802 ihr bringen.
1563 2745 2599 2811 geben, als auch der einsichtsvollen Censur für das,
2616 2739 3422 2814 (Rollin), Römpler (Wirth), Thim
592 2751 1541 2851 Und zwischen beiden Gruppen geht der Wirth
1547 2797 2599 2866 was sie nicht genommen, der aufrichtigste Dank.
2606 2800 3426 2854 und Zeska (Grain). Unter den jum
490 2835 1542 2889 hin und her, vertrauliche Grobheiten mit dem Pöbel
1550 2836 2604 2903 Der Dichter aber hat mit diesem neuen Werke ein
2619 2845 3420 2915 ist besonders Fräulein Witt (Leocadi
481 2879 1540 2943 tauschend, bissige Gemeinheiten dem adeligen Kreise
1547 2883 2597 2965 Versprechen geleistet, dessen Einlösung wir fordern,
2616 2899 3409 2981 heben, die ihre klein: Rolle mit meisterha
489 2937 1554 2991 hinschleudernd, der sie mit Jubel aufnimmt, ohne
1559 2934 2600 2997 diesen leidenschaftlichen Athem, diese Gestaltungs¬
2614 2939 3011 3023 teristik durchführte.
477 2979 1548 3044 ihren tiefen Ernst zu erfassen, und der sich im
1547 2994 2609 3034 kraft müssen wir bei ihm wiederfinden. So vereinte
3215 2980 3423 3079 A. v. A
478 3042 2616 3102 „Encanaillement“ begeistert wälzt. Breiten Raum! der interessante Abend in drei Stücken auch die drei
