3436 4256
1676 88 2714 133 [Dumont als Sensationen süchende vornehme Dame,
641 92 1673 144 sollen, gleichviel wer der Verfasser ist. Daß die drei
1679 114 2724 198 Frl. Elsinger, Fr. Eberty, Hr. v. Winter¬
638 131 1681 187 Werke Schöpfungen desselben Bühnendichters sind,
1874 154 2370 225 Herr Reinhardt,
1681 170 1888 220 stein,
2389 172 2553 232 alle
2540 168 2727 231 wirkten
643 158 1686 225 eines Bühnendichters, für dessen Schaffen wir uns
640 213 2731 263 lebhaft interessiren, das ist es, was den drei Werkenmit wahrer Freudigkeit mit. Das Stück, das
1675 260 2721 308 leine so vielbewegte, überkeck sich aufbauende, bizarre
645 253 1134 319 Reiz und Werth verleiht.
700 301 2738 345 Wenn man bei Erstlings=Schöpfungen um der Handlung aber weder Empfindungen, noch Leiden¬
633 323 2731 404 Dramen willen auch für den Verfasser sich interessirt, lschaften, noch Charakiere bringt, muther zuweilen an
1683 369 2731 429 wie ein Ideal=Librezio für einen Mascagni. Von
647 382 1684 430 so kommt später, nach einer Anzahl von Erfolgen, die
1690 414 2730 461 Herrn Lessing glänzeno, voller Leben und Bewegung
640 425 1672 469 Zeit, wo man um des Verfassers willen seinen
1683 452 2733 504 inscenirt, erzielte das Werk stürmischen Erfolg, der
637 457 1683 507 Arbeiten Theilnahme entgegenbringt, aus seinen Ent¬
1683 492 2734 551 den Verfasser sehr oft vor den Vorhang rief. In den
635 495 1678 555 würsen, Versu hen und Skizzen sein Wesen wie seine
1688 540 2728 607 hundertstimmigen Bravorufen ging ein Versuch zur
641 538 1673 591 Schaffensweise ergründen will. Arthur Schnitzler, der
1680 566 2174 636 Opposition völlig unter.
639 583 1679 639 mit „Liebelei" als Typus von ausgeprägter Eigenart in die
1730 607 2736 672 Nach dieser lauten, vielbewegten und absonderlichen
643 618 1686 670 Bühnenliteratur sich einführte und durch „Freiwild“,
1682 653 2724 710 Groteske hätte selbst ein starkes Stück den schwersten
644 665 1669 715 durch den Anatol=Cyklus, durch „Vermächtniß“ die
1689 701 2004 759 Stand gehabt.
646 700 1670 760 Aufmerksamkeit nur noch steigerte, ist jetzt wohl auf
2037 686 2734 755 „Paracelsus“ aber ist das
644 745 1679 789 dem Punkte, auf dem die Theilnahme für den Ver¬
1680 737 2733 790 schwächste Stück des Abends und recht dünn, recht
1688 779 2060 844 schwach überhaupt.
2079 773 2737 849 Schnitzler bringt hier wieder,
643 786 1675 849 fasser den Werken Sympathie und Beachtung sichert.
1681 828 1801 871 wie
1882 831 2730 888 Anatol, den Hypnotismus auf die
646 832 1364 889 Das hat der gestrige Abend bewiesen.
1678 866 2741 929 Bühne. Theophrastus Paracelsus wird von einem
694 854 1682 922 In allen drei Stücken ist Schnitzler nicht der
1688 905 2736 959 plumpen und allzu protzigen Handwerksmann
642 896 1682 959 Dichter, der, von einem Stoffe beherrscht, unter dem
649 959 2732 990 Zwange einer großen Stimmung die Ideen und beleidigt. Er rächt sich, indem er der Frau suggerirt,
631 987 2737 1023 Gestalten, die Empfindungen und Leidenschaften ins sie sei dem Gatten untren gewesen und sie dann eben¬
640 1030 2741 1096 Leben übersetzt; er ist hier der Künstler, derf falls in der Hypnose veranlaßt, dem Gattm allerlei
2460 1073 2730 1130 Die kleine
631 1070 2428 1116 die Kraft seiner Technik versucht, an mannichfachen!unangenehme Wahrheiten zu sagen.
1997 1095 2728 1177 Haus Sachs=Stil scheint eine
1674 1113 2007 1174 Schnurre im
644 1110 1684 1161 Stoffen sein Geschick übt und sich wie Anderen zeigen
1681 1149 2729 1212 ältere Arbeit Schnitzler's zu sein. Diese anti¬
633 1155 1673 1220 will, was er kann, wie vielerlei e konn. Und es ist
1680 1199 2736 1249 cipirte Suggestions=Humoreske begegnete nur
643 1203 1675 1252 wirklich sehr viel. In keinem der drei Stücke ist
652 1240 1690 1289 Schnitzler so völlig er selbst, wie etwa in „Liebelei“.]
1683 1240 2739 1293 geringem Interesse, obwohl Kainz in der nicht
1689 1275 2729 1341 eben dankbaren Titelrolle, Nissen, Fräulein
645 1283 1680 1344 Bald kommt er uns nordisch, dann wieder mißt er
1680 1313 2725 1365 [Dumont, Frl. Heims sich redlich Mühe gaben.
654 1316 1689 1375 seine Kräfte an einer so originellen wie ergiebigen,
1680 1357 2736 1423 Der Beifall, der auch jetzt nicht fehlte und den Ver¬
652 1367 1682 1427 phantastischen und kühnen Aufgabe, endlich versucht er
1673 1389 2734 1459 fasser hervorrief, war ein Postscriptum zum Erfolg
645 1409 1404 1478 sich auch einmal im Hans Sachs=Stil.
684 1452 2738 1489 Am meisten ist er in dem ersten der drei Stücke in vom „grünen Kakadu“. Der Einacter=Cyclus, der die
1678 1474 2728 1534 eheliche Treue zum Gegenstande hat, wäre weit er¬
637 1492 1672 1547 seinem Element. „Die Gefährtin“ nennt sich
1675 1517 2726 1593 folgreicher gewesen, wenn diese Groteske den glänzen¬
640 1535 1683 1589 das Schauspiel. Den schon einmal mitgetheilten Inhalt
1674 1566 2722 1647 [den Abschluß des Abends gebildet hätte. J. L.
643 1582 1673 1632 brauchen wir nur kurz in Erinnerung zu bringen. Das
647 1623 1687 1675 Thema von der Schuld der Todten, das oft erb#
627 1658 1693 1719 Tneuerdings von den Italienern sehr bevorzugte Thema, ist“
633 1697 1705 1767 hier eigenartig und in einer gewissen noblen, revo¬
632 1755 1695 1803 lutionären Moral=Auffassung behandelt. Prof. Pilgrim¬
637 1781 1696 1850 hat eben seine Frau verloren und ei betrauert sie.
639 1824 1694 1889 Eine Freundin will es verhindern, daß er nun aus
646 1858 1722 1909 aufgefundenen Briefen erfährt, wie seine Frau die
637 1904 1693 1953 Geliebte eines Anderen gewesen. Unnütze Mühe —
642 1936 1703 2007 er weiß es längst und begreift es. Er war nun
629 1979 1690 2044 einmal so viel älter, sie war zur Geliebten geschaffen,
1066 2031 1701 2089 Er hat nur Mitleid mit jenem¬
636 2021 1048 2087 nicht zur Gefährtin.
638 2065 1697 2123 [Anderen, den der Verlust so viel härter trifft. De¬
644 2105 1697 2163 kommt der Andere an und der Professor erfährt von
642 2148 1690 2207 ihm, daß er sich verlobt hat, mit einem Mädchen,
639 2195 1695 2252 welches er schon lange kennt. Er hat also die Frauf
649 2235 1702 2292 gar nicht geliebt, die sich ihm hingegeben. Nun
639 2273 1689 2335 erst lodert sein Zorn auf, nun erst fühlt er sich
645 2314 1703 2371 und sein Haus beschmutzt. Die Leidenschaft hätte
1340 2355 1705 2419 gemeine Buhl¬
644 2366 1323 2414 er verstanden und respectirt, di
643 2399 1704 2466 schaft erfüllt ihn mit Abschen und er muß
646 2453 1689 2492 erkennen, daß die Todte nicht blos für seine
643 2486 1704 2535 Liebe, sondern selbst für seinen Zorn zu tief stand.“
649 2516 1691 2578 Sie starb zwar in seinem Hause ober sie war ihm
641 2561 1702 2612 doch so fremd. Das Stückchen hat keine Spur von
650 2599 1651 2671 Handlung — es bringt eben nur eine Aufklärung, —
1532 2641 1704 2702 Größe
648 2650 1514 2715 dennoch fesselt uns die Freiheit und
632 2668 1707 2750 der Anschauung. Der Einfluß der Ibsen'schen
635 2729 1699 2791 Moral=Kritik ist nicht zu verkennen, und doch
643 2769 1704 2826 trägt das stille, feine Werk durchaus den Stempel;
650 2814 1703 2865 Schnitzler'scher Eigenart. Herr Nissen, der die
645 2842 1688 2894 Hauptrolle erst spät übernahm — sie war ursprüng¬
644 2891 1705 2956 lich dem inzwischen erkrankten Herrn Sauer zugedacht
658 2933 1696 2977 — spielte den Professor echt und fesselnd in jedem
652 2972 1692 3042 Zuge. Die Verwirrung sowohl wie den läuternden
643 3007 1707 3064 Scelenaufruhr bei der schmerzlichen Aufklärung stellte
638 3060 1707 3104 ser gleich wahr dar und Herr v. Winterstein wie
639 3090 1703 3153 Frl. Sarrow in der Rolle der feinempfindenden
638 3140 1704 3189 Freundin standen ihm bestens zur Seite. Das kleine
649 3174 1705 3240 Stück wirkte stärker als man nach dem stillen, rein
655 3215 1532 3273 innerlichen Vorgang hätte erwarten können.
701 3252 1694 3317 Um so kräftiger ist das scenische Leben, um so toller
637 3307 1706 3360 und bunter die Handiung in der „Groteske“, die nun
636 3344 1691 3401 folgte im: „grünen Kakadu“. Es ist das, wie
637 3389 1698 3441 man schon weiß, der Name einer Pariser Spelunke,
639 3435 1695 3490 in der um die Zeit der französischen Revolution eine
638 3457 1693 3528 Schauspielergesellschaft allerlei Verbrecher darstellt
652 3502 1700 3562 zum Ergötzen des vornehmen Publikums. Ein Schau¬
638 3546 1696 3598 wieler spielt den Gästen just die Seene, wie er da
634 3586 1705 3644 den noblen Geliebten seiner Frau erdolchte und muß
642 3625 1706 3677 cabei erfahren, daß es Wahrheit ist, was er eben
633 3671 1689 3727 zum Gaudium des Publikums zu erfinden meinte, daß
645 3697 1708 3770 seine Frau ihn wirklich mit jenem Herzog betrügt
638 3750 1704 3800 Jetzt wird zur Wirklichkeit, was er vorhin phantasirte.
647 3792 1703 3850 Erersticht den grade eintretenden Herzog und in dem Lärm,
635 3834 1704 3886 der Spelunken=Scene mischt sich von draußen her das¬
640 3872 1550 3927 anwachsende Brausen des Bastillen=Sturms.
1537 3868 1707 3934 Die
638 3903 1699 3967 vielbewegte Handlung ist von überwuchernd üppiger
645 3952 1696 4028 Phantasie. Mit reichem Humor ist das Schauspieler¬
