3484 4320
756 174 1274 261 uene Kakadu
207 193 1262 296 9.3. Der gruneen
1148 1476 1532 1582 Telephon 12801.
463 1638 1515 1762 MMTRTEEBmn
365 1744 1519 1807 O l. österr. behördl. konz. Unternehmen für Zeitungs-Ausschnitte
536 1783 1411 1890 Wien, I., Concordiaplatz 4.
771 1866 1191 1935 Vertretungen
378 1911 1512 1997 00 in Berlin, Budapest, Chicago, Christiania, Genf, Kopen¬
364 1963 1520 2039 hagen, London, Madrid, Mailand, Minneapolis, New-Vork,
462 2007 1483 2064 Paris, Rom, San Francisco, Stockholm, St. Petersburg.
780 2046 1180 2106 (Quelienangabe ohne Oewahr.)
358 2049 1525 2161 6 Ausschnite Wäger Deutsches agblatt, Wien
746 2137 1044 2235 13.4061907
356 2192 616 2300 # vom
390 2197 1411 2424 anstund Wisenschaft.
522 2367 1431 2471 Im Deutschen Volkstheater wurden
366 2411 1438 2541 gestern Oskar Wildes „Salome" und Schuitzler#
363 2465 1428 2572 „Der grüne Kakadu“ wieder gegeben. Die Dar¬
369 2506 1419 2619 stellung der „Salome“ ist bekannt. Fräulein Marberg
351 2541 1421 2675 hat schon im Vorjahre die Titelrolle gespielt und brachte
357 2600 1415 2718 auch gestern das Dämonische und das Perverse, das darin
346 2649 1415 2770 liegt, zu prächtigem Ausdruck. Herr Weisse Herodes
355 2684 1407 2820 und Herr Kutschera als Johanaan brauchen nicht auf.
339 2732 1406 2867 neue gelobt zu werden. In der Schnitzlerschen Groteske
345 2783 1401 2917 waren die Herren Klitsch, Achterberg und Asko¬
329 2843 1397 2954 nas und Fräulein Herbert neu. Sie fügten sich so
325 2899 1431 3029 gut in das Ensemble, als ob sie ihm längst angehörten.
333 2939 1333 3084 Das Haus war nicht voll und das ist zu bedanern.,
1408 168 1846 258 box 15/2
2004 1020 2906 1263 Ed re 1n
1858 1308 2905 1449 Mn Wm
1849 1399 2923 1491 I. österr. behördl. konz. Unternehmen für Zeitungs-Ausschnitte
1929 1451 2823 1574 Wien, I., Conco-diaplatz 4.
2158 1554 2595 1610 Vertretungen
1834 1583 2918 1670 In Berlin, Budapest, Chicago, Christiania, Genf, Kopen¬
1844 1628 2914 1715 hagen, Lonzion, Madrid, Mailand, Minneapolis, New-Vork.
1879 1686 2478 1767 Paris, Kom, San Francisco, Stoc
2188 1667 2891 1782 Aa Shly, St.Peiersburg.
1776 1772 2260 1864 Ausschnitt aus:
2239 1833 3046 1958 WIENER‘ABENDPOST
1781 1879 2027 1996 & vom:
1867 1997 2888 2084 # bestern ging, zum Teile neu besetzt, in Deutschen
1847 2056 2896 2133 Volkstheater die „Salome“ von Oskar Wilde
1835 2117 2889 2177 in Szene. Salome: Frl. Lili Marberg. Der junge,
1845 2153 2890 2242 syrische Hauptmann hatte recht: „Schön ist die Prinzessin
1846 2209 2892 2285 Salome heute nacht. ... Wir genossen eine Folge von
1840 2276 2893 2323 höchst malerischen Posen und fesselnden Gliederarrangements.
1839 2304 2894 2388 An Lenbach, Stuck, F. A. Kaulbach, sogar an Papperitz
1849 2355 2883 2433 ließ sich dabei denken. Lebende Bilder nit Worten — Ge¬
1848 2401 2901 2478 berden und Stellungen mit begleitendem Text! Dieser Salome
1852 2468 2903 2533 fehlt die Naivität der Ruchlosigkeit. Alle, ward so beiußt
1859 2503 2903 2580 und ahnungsvoll vorgebracht. Richard Strauß hat aus der
1853 2555 2907 2628 Salome eine Oper gemacht. Frl. Marberg macht eine
1859 2597 2934 2692 Ballett=Pantomime daraus. Aber schön war die Prinzessin.
1856 2654 2920 2728 Salome gestern nacht! ... Deshalb vermutlich konnten sich
1864 2718 2913 2780 die Söldner auch nicht entschließen, das reizende Ungeheuer
1865 2754 2919 2823 mit ihren Schilden zu erschlagen; die Komparserie und der
1869 2799 2906 2884 verspätete Vorhang dichteten einen neuen Schluß. Direktor
1869 2850 2914 2930 Weisse erfreute die Freunde seiner Kunst durch die
1861 2899 2915 2980 Wiedervorführung seines wackeren Tetrarchen und fand dies¬
1874 2976 2908 3026 mal an Frl. Schweighoser eine gleich gestimmte
2780 2995 2910 3071 Im
1872 3021 2725 3095 Partnerin. Kutschera predigte in der Wüste.
1871 3049 2909 3129 „Grünen Kakadu“ von Schnitzler, der auf
1879 3104 2920 3183 „Salome“ folgte, führt eine Truppe von schlechten Komö¬
1867 3156 2918 3226 dianten das lärmende Wort. Alles Unnatürliche wurde er¬
1876 3204 2930 3285 schreckend natürlich gebracht. „Wirklichkeit geht in Spiel
1861 3265 2791 3363 über — Spiel in Wirklichkeit“ — heißt's im Text.
