3484 4256
362 100 1579 154 eben nur Kurbel. Der Leiermann dreht sie, um uns zu zeigen,
364 145 1583 207 wie eine sehr brave Ehefrau vormals mit Gedanken an einen
368 197 1590 269 anderen in die Ehe getreten ist und jetzt wiederum nahe
357 252 1590 315 darau war, mit einem zweiten anderen ein Opfer ihrer Sinne
371 300 1587 367 zu werden. Das Problem, das ich das der „halbtreuen
359 340 1591 403 Ehefrau“ (im analogen Sinne wie „Demi-Vierge“) nennen
374 400 1572 462 möchte, ist ja sehr interessant. Aber es ist eben im „Paracelsus“
370 435 1595 519 nicht dramatisch gelöst, sondern spielt sich sehr glatt von den
371 486 989 560 Einlagewalzen des Werkels ab.
483 541 1579 597 Hoch über „Paracelsus“ steht „Die Gefährtin“. Aller¬
372 589 1595 667 dings entbehrt auch dieses Stück, insoferne, als es wenig
360 645 1594 705 Handlung aufweist, des dramatischen Lebens. Aber es gehört
370 699 1589 775 eben zu jenen modernen Stücken, die es mit den Seelen¬
366 756 1582 808 vorgängen fein civilisierter Menschen zu thun haben — mit
367 803 1574 862 Seelenvorgängen, für die Handlungen eine zu derbe, Züge ver¬
361 857 1574 906 wischende Versinnlichung sind, die vielmehr nur in Worten und
356 896 1592 968 Wortlosigkeiten ihren dramatischen Ausdruck finden können. Sieht
358 945 1590 1004 man die Sache so an, so ist „Die Gefährtin“ eine Leistung
364 989 1575 1040 ersten Ranges. Das Stück behandelt des Eheproblem, iuner¬
362 1039 1589 1105 halb desselben besonders aber die große Frage: Darf im
357 1093 1581 1155 Herzen des nach Geist und Gemüth höchstentwickelten
362 1134 1589 1181 modernen Menschen noch Platz für die E#efurcht sein.? Professor
364 1185 1581 1236 Robert Pilgram beantwortet diese Frage verneinend. Er ist
373 1238 1586 1308 eben vom Leichenbegängnisse seiner um vieles jüngeren Frau
370 1289 1579 1347 zurückgekommen. Er weiß, dass sie ihn betrog, mit einem
374 1338 1579 1397 seiner Schüler betrog. Er versteht sie, er versteht ihn. Und
354 1378 1587 1440 dann, sie war ihm ja auch eine „Gefährtin“ geworden. Schmerz
502 1431 1585 1478 er keinen. Erst, wie er jetzt erfährt, dass das ehe¬
345 1465 1589 1535 Drecherische Verhältnis auf beiden Seiten nicht Liebe, sondern¬
353 1539 1583 1592 ein loses, kurzfristiges Liebeln gewesen, ergreift ihn tiefes Leid
458 1576 1581 1634 um sein verfehltes Leben, das er nicht anders hatte ein¬
362 1620 1582 1697 richten wollen, um das vermeintliche Liebesglück der Beiden
366 1665 694 1746 nicht zu stören.
476 1781 699 1853 Von den
707 1775 1573 1852 ersten zwei Stücken sticht das letzte, „Der
1460 1831 1579 1892 mit
353 1830 1460 1894 grüne Kakadu“, vollständig ab: Eine Massenscene
355 1889 1569 1959 kräftigen, dramatischem Puls, aber doch dramatisch unzulänglich,
349 1937 1574 1990 weil aus dem kaleidoskopartigen Geschwirre Massen= und
1470 1980 1563 2037 Es
351 1981 1471 2043 Einzelschicksal nur theatralisch, nicht lebendig hervortritt.
365 2031 1573 2076 ist der 14. Juli 1789. In der Pariser Spelunke „Der
355 2073 1574 2138 grüne Kakadu“ sehen wir Schauspieler, die Verbrechertypen
352 2127 1575 2203 spielen und Adelsleute, die sich an den gespielten Verbrechen
365 2159 1580 2250 ergötzen. Dazwischen hinein ragt die große, starke Leidenschaft
366 2225 1573 2281 des männlichen Stars der Truppe, Henri, zu seiner Gattin,
362 2258 1586 2331 der leichtfertigen Schauspielerin Leocardie. Diese Leidenschaft
362 2331 1570 2395 führt den Heißblütigen, kurz, nachdem er den Mord aus
365 2366 1573 2451 Eifersucht gespielt, zum wirklichen Morde an dem Galan seiner
363 2415 1583 2482 Frau, einer Herzog. Vor aller Augen geschieht die That.
357 2474 1585 2536 Mit ihr und den unmittelbar darauf erfolgenden Hereinströmen
357 2514 1578 2589 des Volkes, das eben von der Erstürmung der Bastille kommt,
366 2569 1577 2632 schließt das Stück. Die Zeichnung des entfesselten Pöbelthums
359 2623 1577 2691 und der adeligen Entartung ist bis auf einige, zu dick auf¬
368 2669 909 2741 getragene Striche gelungen.
466 2690 1596 2763 Ob sich zwischen den drei Stücken ein Ideenband schlingt?
369 2769 1574 2828 Vielleicht! Möglicherweise die Eifersucht: Die Eifersucht des
357 2806 1578 2893 besitzstolzen Spießbürgers in „Paracelsus“, die Eifersucht des
366 2855 1579 2928 sedelgearteten, wenig civilisierten Instinctmenschen in „Der
367 2921 1587 2973 grüne Kakadu“ und die Ueberwindung der Eifersucht bei dem
365 2965 1478 3027 höchstentwickelten Civilisationsmenschen in „Die Gefährtin“.
482 3023 1588 3069 Die Darstellung war im allgemeinen eine sehr gute.!
354 3058 1570 3125 Herr Robert hatte als Paracelsus eine undankbare Rolle.
367 3105 1573 3167 Aber immerhin war es nicht nothwendig, in Maske und Spiel
369 3161 1579 3221 gar so sehr den „Medicinmann“ hervorzukehren. Herr Sonnen¬
372 3215 1580 3271 thal gab den Professor Pilgram mit gewohnter Meisterschaft
396 3257 1572 3308 — der abgeklärte, innerlich lebende Denkermensch, wie er leibt und
359 3289 1582 3382 lebt. Weniger gelang ihm der Schauspieler „Heuri“. Er scheint
365 3364 1579 3426 für diese Rolle doch schon zu alt zu sein. Besonders hervor¬
367 3416 1579 3464 zuheben wäre noch Frl. Bleibtreu als Olga Meerholm,
376 3457 1581 3513 eine Nachbarin des Professor Pilgram. Sie spielt die Rolle
370 3493 1578 3570 einer Beratherin, die gewiss zur „Gefährtin“ gepasst hätte,
1180 3550 1543 3619 Mathias Acher.
385 3548 987 3621 mit unnachahmlicher Discretion.
478 3612 1579 3663 (Raimund=Theater.) Die dreiactige Posse „Eheflüchtling“
354 3648 1580 3698 hatte bei ihrer Erstaufführung am 25. Februar guten Erfolg.!
373 3676 1588 3745 Herr Krug, der Autor des Stückes, hat mit Witz und Geschmack
375 3726 1578 3790 die Folgen, welche einem jungen Künstler aus einem Liebes¬
371 3762 1575 3809 verhältnisse entstanden, zum Inhalte der Posse genömmen. Er
363 3795 1577 3851 sowohl, wie auch Herr Natzler, der ein hübsches Couplet dazu
375 3842 1571 3894 schrieb, die Damen Theren und Lichten, verdienen volles
374 3880 1573 3938 Lob. In einer Episodenrolle hatte Herr Großmann Beifall.
375 3910 1584 3972 Die Musik, die Herr-Kodai geschrieben, ist einschmeichelnd und
1418 3962 1516 4021 —k.
372 3966 515 4030 gefiel.
2393 905 2688 996 Theater.
2108 977 3057 1057 Hof-Burgtheater. Wenn ein Mann von Geist und
2004 1044 3056 1094 Herz wie Arthur Schnitzler auf dem Plane erscheint,
2010 1075 3061 1133 Einer, zu dessen menschlicher Ehre nichts besseres gesagt,
2012 1124 3075 1192 werden kann, als dass er mit seinem klugen und guten#
2011 1159 3049 1216 Wort immer auf Seite der Niedrigen und Schwachen¬
2015 1199 3055 1257 zu finden ist, dann meinen wir immer, er habe uns etwas
2004 1226 3045 1298 Besonderes zu sagen. Anderen gestatten wir das Theater als
2014 1272 3060 1334 Selbstzweck, ihm darf es nur Mittel zu einem höheren
2013 1317 3054 1376 sein ... so verlangen wir es. Das ist äußerst schmeichel¬
2006 1355 3046 1412 haft und ehrenvoll, bildet gleichzeitig aber auch eine
2011 1399 3041 1449 Einschränkung der dichterischen Freiheit. Warum soll Herr
2015 1425 3044 1490 Schnitzler schlimmer behandelt werden als Herr Fulda
2007 1481 3049 1524 zum Beispiel oder Herr Philippi? Seit wann darf ein
2008 1516 3051 1557 Dichter nur dann dichten, wenn ihm etwas einfällt? Zum
2015 1548 3045 1596 Henker mit solchen Albernheiten! Wohin käme es denn
2006 1598 3044 1636 bei so unbilligen Anforderungen mit der deutschen Literatur?
2005 1635 3037 1674 Herr Schnitzler hat sich das auch gedacht. Morituri
2068 1667 2423 1723 gemischtes Milien
2488 1673 3041 1730 dreitheilige Garderobekasten¬
2009 1700 2140 1758 stücke
2200 1717 3051 1767 kann ich auch. Sonnenthal beneidet Kainz
2001 1751 3044 1816 um seinen Sudermann ... er soll wieder schlafen können
2057 1790 3050 1833 und das Publicum detto! Die Leute halten auf Sonnen¬
2005 1832 3043 1887 thal große Stücke, ergo genügt es, wenn man etliche kleine
2003 1872 3053 1925 für ihn schreibt. Auf diese Weise entstanden die drei Ein¬
2003 1911 3042 1954 acter „Paracelsus“, „Die Gefährtin“ und „Der
2001 1943 3048 1986 grüne Kakadu“. Denn ich wette meinen Kopf gegen
2003 1988 3052 2044 die Tantièmen, die Herr Schnitzler dafür erhält — soviel
2003 2025 3002 2065 dürfte er ja doch noch wert sein... mein Kopf nämlich
2014 2060 3052 2108 auch das erstgenannte Stückchen war ursprünglich für
2010 2100 3044 2157 Meister Adolf bestimmt, kam aber dank seiner besseren
2018 2143 3048 2196 Einsicht in andere Hände. Ueber die Güte der drei Piecen
2018 2180 3042 2227 sind die Meinungen getheilt. Leute, die das Theater vor
2014 2223 3052 2276 dem letzten Stücke verlassen hatten, dürften wahrscheinlich
2006 2259 3037 2312 dieses für das beste halten, andere, die zu spät kamen,
2012 2296 3052 2355 wieder das erste. Es ist manchmal recht schwer, das
2003 2338 3050 2382 Richtige zu finden. Sonnenthal war ausgezeichnet.
2015 2377 3048 2437 Sein „Güsse mich Leogadie!“ klang so weich wie ein
2014 2419 3045 2462 Gummischuh auf Filzplatten. Roberts schauerlich=schöner
2002 2445 3052 2496 Paracelsus erregte sämmtlichen anwesenden Comtessen die
2008 2501 3054 2560 gewohnte Gänsehaut. Sonst sind noch Frau Schratt,
2004 2526 3053 2591 Frau Mitterwurzer, Fräulemn Witt, Bleibtreu,
2015 2576 3048 2628 Haeberle und die Herren Hartmann, Krastel,
2013 2602 2843 2667 Römpler und Zeska lobeweise anzuführen.
2098 2651 3046 2719 Carl-Theater. „Jagag'müath“, Charakterskizze in
2004 2706 3048 2745 vier Acten von Philipp Haas. Herr Baron Haas,
2000 2729 3044 2799 dessen Haus schon so viel Gutes für die Menschheit ge¬
2002 2781 3047 2834 wirkt, das von der letzteren leider mit Füßen getreten
2011 2824 3040 2872 wird, hat für wohlthätige Zwecke eine Schnelldichterei in
2010 2852 3051 2911 seinem Hause eingerichtet, die mit schreckenerregender Rasch¬
2006 2898 3046 2952 heit produciert. Er will das menschliche Elend aus der
2010 2926 3054 2995 Welt dichten und es spielend beseitigen. Als seine Muse
2006 2980 3052 3032 zum erstenmale auf den Brettern des Carl=Theaters er¬
2004 3016 3054 3061 schien, wurde sie von allen Freunden kalter Küche auf
2000 3047 3051 3109 das freudigste bewillkommt. Das war endlich einmal eine
1999 3098 3046 3138 neue Richtung, die man sich gefallen lassen konnte! Panem
2005 3124 3043 3193 et Circenses! Aber die Menschen sind undankbar. So voll
2008 3168 3060 3248 als sie das Maul im Theater genommen hatten mit all
