3484 4256
752 161 1345 230 ruene Kakadu
1475 152 1920 250 box 15/4
270 149 1345 279 9.3. Der n
799 935 2553 1013 aber diese allmenschliche und alldichterische Frage hat bei ihm nicht
798 1003 2563 1069 Faustischen und auch kaum Ibsenschen Klang; es ist keine Frage mehr
798 1068 2555 1138 nach Wesen und Wert — es ist eine Frage nach Wirklichkeit. Die roman¬
802 1125 2560 1185 tische Skepsis, die aus der religiösen Tiefe in eine schwindelnd gefährliche
785 1170 2552 1229 Höhe sinnlicher Analyse steigt. Nicht, was ist, was soll unser Leben?
793 1237 2554 1300 sondern ist unser Leben überhaupt? giebt es Merkmale, die Traum vom
796 1296 2552 1359 Wachen, Spiel von Wirklichkeit, Ernst von Scherz unterscheiden? Ist Leben
792 1350 2568 1407 wirklicher als ein Schauspiel, ein Porträt unwirklicher als ein Original? Sind
793 1421 2560 1487 wir als empfindende Wesen etwas anderes als Windharfen, die auf die
799 1460 2559 1537 Stärke des Anhauches tönen — unbekümmert aus welcher Region der
798 1531 2554 1603 der Wind weht? Als nur empfindende Menschen! Es ist das Schicksal
808 1585 2531 1655 eines rein ästhetischen Geschlechtes, das Schnitzler aus sich herausstellt —
796 1646 2566 1718 ein Geschlecht, das ethisch nur die passive Tugend der Toleranz besitzt,
793 1706 2571 1781 aber keinerlei aktive, wertsetzende, scheidende Kraft — es trägt, erträgt
794 1768 2570 1842 alles. Für diese rein sensitiven, urteils- und zweckfeilen Menschen schwinden
801 1826 2566 1881 die Schranken zwischen Sein und Spielen. Und erst wenn der Tod sie in
790 1877 2565 1940 irgend einer Gestalt trifft, erfahren sie schrecklich den großen Unterschied,
801 1946 2555 2016 der doch gesetzt ist zwischen den Kategorien der Existenz. Dann wissen
1693 2000 2556 2077 — Das ist ihre Tragödie. Für diese
797 1995 1658 2081 sie plötzlich, „wo Germanien liegt“.
798 2062 2554 2128 Existenzen, die „den Tod in der eigenen Brust den sterbenden Fechter
799 2110 2550 2185 spielen“, gibt es kein reineres Symbol, als die Bajazzotragik. Gespielte
805 2176 2559 2247 Eifersucht, gespielter Mord wandelt sich in wirkliche Vernichtung. Dies
797 2232 2555 2301 Schicksal aber vom Einzelnen auf ein ganzes Geschlecht gewendet, die
799 2290 2364 2362 Bajazzotragödie eines ganzen Volkes: das ist „Der grüne Kakadu“.
916 2372 2558 2438 „Der grüne Kakadu“ ist ein Wirtshaus zu Paris am Abend des Bastille¬
794 2437 2561 2496 sturms; der Wirt, ehemaliger Theaterdirektor, läßt von seinen früheren
805 2477 2552 2548 Mimen zur Ergötzung der hochadeligen Gäste Verbrecherkeller spielen. Aber
797 2537 2560 2603 aus allen Poren des Spieles quillt Wirklichkeit: der theatralische Brand¬
793 2596 2562 2649 redner wird wirklich zum Volksaufwiegler und treibt zum Bastiliensturm; der
811 2654 2561 2727 vortreffliche Darsteller von Taschendieben greift auf dem Boulevard wirklich
801 2729 2561 2788 in den Beutel, während der echte Tantenmörder sich am Mörderspielen im
810 2766 2562 2843 „Kakadu“ beteiligen will — beide bleiben lächerliche Dilettanten! Ein zärtlich
800 2828 2558 2907 treues Ehepaar mimt Zuhälter und Dirne — während der genialste Spieler
795 2902 2553 2964 Henri aus der „geborenen Dirne“ Léocadie sich ein echtes Eheweib machen
795 2949 2547 3015 möchte! In Henri sind, eben weil er der genialste Spieler ist, noch Wirk¬
808 3077 2560 3143 entsühnenden Reinheit des Landes. Aber zu tief hat die Weltstadt seinen
798 3133 2545 3205 Instinkt korrumpiert, zur Gefährtin seiner erträumten Heiligung nimmt er
809 3183 2543 3238 sich diese Dirne und er selbst ist Komödiant, unethischer, reingenieße¬
798 3246 2554 3314 rischer Spieler genug, um die dumpf befürchtete Tragödie seines Lebens als
805 3316 2564 3372 „Abschiedsvorstellung“ zu mimen. Er spielt: „ich habe die neueste Untreue
806 3355 2571 3436 meiner Frau mit dem Herzog von Cadignan entdeckt und ich hab’ ihn ermordet“.
1614 3449 1755 3534 332
