3436 4256
283 150 694 234 9. 3. Der
773 159 1358 232 ruene Kakadu
1495 166 1932 246 box 15/4
2334 122 3081 185 hie di lin é un atto di intonazione
2339 155 3070 213 cristiano-socialista, composto con
2341 199 3067 246 cura descrittiva e con quniche buon
2339 243 3062 290 contrasto teatrale: ma il suo interes¬
2337 278 3073 337 se & piu cronistico-culturale che rap¬
2335 319 3070 368 presentativamente drammatico. Vi si
2341 360 3069 401 tratteggia una figura di vagabondo,
2337 399 3067 448 intinto di ideologia antiborghese, il
2333 440 3077 487 quale, avendo letto Marx, & convin¬
2333 473 3064 528 to che il furto sia soltanto un'espro¬
2337 510 3066 566 priazione e ruba in polemica contro
2333 552 3040 603 un capitalismo mal distribuito.
2333 588 3062 635 proprietari dell’isba, che gli hanno
2338 624 3067 679 offerto alloggio, essendo da jui de¬
2333 660 3068 721 rubati, gli perdonano anziché de¬
2329 700 3066 758 nunciarlo, in nome della pietà uma¬
2327 747 3077 799 nae di una sostanziale comprensio¬
2338 779 2819 844 ne delle idee espresse.
2357 831 3073 895 II lavoro ha circa cinquant’anni,
2331 868 3066 930 appartiene al periodo in cui iI Tol¬
2330 916 3060 965 stoi professava un socialismo di na¬
2330 956 3061 1006 tura poetica, in contrasto con quel¬
2327 983 3065 1044 lo ufficiale che predicava l'azione e
2321 1027 3074 1100 la battaglia; un socialismo aposto¬
2310 1069 3097 1121 lico culminante hella famosa formu¬4
2310 1109 3071 1168 la tolstoiane della violenza assiva
2327 1147 3065 1198 (vedi la scena del vagabondo che
2333 1186 3066 1230 vince la furia del bruto offrendosi
2320 1232 3060 1270 per farsi schiaffeggiare) che é poi la
2329 1273 3002 1319 violenza dei santi e dei mistici.
2350 1303 3061 1364 Mutile sottolineare quant’acqua
2317 1347 3059 1397 sia passata in tanti schiumanti an¬
2311 1382 3063 1439 ni,e come il contenuto scciale del
2305 1428 3062 1488 lavoro sia ormai lontano da noi.
2314 1462 3066 1517 Per questo il nostro pubblico lo pud
2319 1509 3064 1558 ascoltare con curiosità serena e let¬
2322 1540 2506 1590 teraria.
2343 1588 3050 1628 II Moissi vi prodigó un pittorlei¬
2311 1631 3058 1680 smo che aveva l’attento scrupolo e
2319 1664 3055 1719 la minuzia incisiva della miniatura,
2317 1707 3043 1771 trovandovi un houmor discreto ap¬
2315 1742 3013 1798 pena percettibile, gradevolissimo.
2343 1785 3053 1845 II secondo lavoro #ll pappagallo
2305 1818 3051 1877 verde n ha dato la fama teatrale,
2303 1865 3064 1901 se non m’inganno, allo Schnitzler
2315 1898 3042 1959 già provato da qualche rovescio. E'
2313 1934 3064 1994 una curlosa invenzione, nella socie¬
2312 1976 3063 2034 tà di Luigi XVI in pieno sgretola¬
2305 2019 3058 2078 mento, minata percossa traforata
2315 2054 2669 2107 dalle idee nuove.
2330 2083 3058 2152 In una & gargotten che lo snobi¬
2301 2112 3048 2193 smo elegante ha elevato all’onore
2304 2171 3047 2231 della moda, qualche attore, scrittu¬
2310 2201 3058 2271 rato dall’oste, finge passioni risse
2304 2253 3049 2306 delirii per il e frissonn delle belle
2298 2291 3036 2350 dame ignare della ghigliottina in
2301 2329 3047 2392 agguato. Qualcosa di simile prepa¬
2303 2372 3031 2428 rano ancora oggi i tavernieri di
2296 2416 3054 2466 Place Pigalle alla stupidità viziosa
2309 2448 2625 2501 internazionale.
2323 2489 3036 2548 Sempre per compiacere i presenti,
2295 2537 3032 2581 uno degli attori recita una gran sce¬
2300 2581 3035 2619 na di gelosia accusandosi di aver
2303 2606 3038 2662 ucciso l'amante della moglie; ma la
2301 2646 3046 2706 finzione e tanto ardente che, aven¬
2287 2688 3032 2739 dola scambiata per verità, l’oste
2291 2727 3024 2781 racconsola l’omicida rivelandogli,
2291 2773 3033 2818 senza volere, la reale tresca della
2295 2814 3027 2867 moglie. E allora l’attore uccide sul
2296 2844 2431 2896 ser10.
2323 2874 3028 2934 L’assunto é tanto Chiaro — anti¬
2295 2926 3032 2980 tesi e composizione della veritä e
2293 2969 3024 3018 della finzione, del sognoe della vi¬
2287 3010 3023 3052 ta vera — che é inutile indugiarvisi.
2293 3044 3036 3111 Luigi Pirandello ha poi esasperato
2289 3082 3033 3138 e moltiplicato tutto ciö: ma al tem¬
2293 3119 3031 3165 po in cui apparve, nel novantotto,
2296 3162 3029 3215 il lavoro dovette certo fare grande
2287 3200 3021 3263 impressione. Esso à ancor vivo, ed
2297 3237 2798 3294 interessante oggigiorno.
2323 3281 3016 3333 II Moissi ebbe qui violenza, forza,
2294 3322 3017 3375 esagitazioni nervose ardenti e liri¬
2292 3363 3013 3414 che. E piacque dopo il trasognare,
2285 3397 3019 3450 il suo impeto geloso, tutto mediter¬
2293 3432 2433 3483 ranco.
2319 3470 3017 3529 La signora Capodaglio, la Fab¬
2291 3508 3014 3565 bri, i1 Campi, cooperarono con la
2289 3550 3023 3599 bravurg notg all’eccellente spettaco¬
2289 3587 3007 3651 lo, orchestrato con cura registica di
2282 3628 3016 3693 stile tedesco, forse classica all’e¬
2288 3667 2416 3714 stero.
2322 3703 3017 3764 Questa sera #ll cadavere viven¬
2279 3747 3007 3813 ten una delle piü forti interpreta¬
2275 3786 2635 3837 zioni del Moissi.
2825 3828 2984 3900 s. g.
