3436 4256
548 187 616 247 D
774 178 1358 256 ruene Kakadu
1512 184 1935 270 box 15/4
285 173 1353 293 9. 3  eeneneeneneneee
1581 688 1921 772 Bühne und Welt.
913 794 1785 878 sturms, an dem die Handlung spielt, vor uns zu “
918 867 1762 919 sehen. In den Keller des „Grünen Nakudu“
910 913 1770 968 branden die Wogen der großen Revolution, die
909 973 1755 1027 nun ausgebrochen ist, und die portische Wirkung
907 1006 1760 1077 dieser Groteske ist — so wenig sie im übrigen
899 1044 1764 1122 mit dem „Fuhrmann Heuschel“ verglichen werden
901 1105 1763 1163 soll — doch weit packender und erhebender.
910 1160 1765 1220 Das kommt daher, weil der Standpunkt, den
894 1213 1770 1266 Schnitzler zu seiner Welt einnimmt, höher als
908 1259 1497 1325 der Standpunkt Hauptmantes ist.
1021 1313 1765 1376 Ob dieser sich wohl zu solcher geistigen
908 1363 1771 1421 Freiheit erheben wird? Es hat mir immer zu
899 1411 1751 1464 denken gegeben, was ich in Schleuthers Vio¬
898 1462 1760 1508 graphie von Hauptmann las, daß dieser Dichter
911 1505 1760 1562 von der plastischen Kunst her zur Poesie kam und
899 1554 1767 1617 daß der eminent konkrete Stil des Naturalisten
900 1620 1765 1665 Schlaf im „Papa Hamlet“ die dichterische Schaffens¬
908 1638 1777 1717 lust in ihm entbinden half. Plastiker ist Haupt¬
908 1717 1773 1763 mann bis auf den heutigen Tag geblieben.
905 1753 1762 1817 Er hat eine zur Zeit in Deutschland ohne Ver¬
902 1802 1762 1858 gleich dastehende Gestaltungskraft; was er ein¬
909 1849 1770 1922 mal gesehen hat, das kann er in überzeugendster
898 1900 1760 1956 Weise wieder vergegenwärtigen. Aber Haupt¬
909 1955 1841 2018 mann hat viel mehr Reigung zu gestalten, als
908 2000 1766 2068 zu sagen. Und in der Poesie kommt es nicht
908 2048 1758 2103 weniger auf das Sagen als aufs Gestalten an.
899 2108 1755 2162 Etwas absolut Eigenes, Neues, nie Gedachtes
909 2151 1766 2195 zu sagen, ist nicht Hauptmanns Art; vielmehr
906 2200 1763 2253 läßt er sich auregen von Büchern, von großen
899 2244 1771 2306 Dichtern, von sozialen und litterarischen Strömungen
893 2299 1755 2351 und gründet darauf seine Menschenbilder. Adolf
897 2345 1757 2410 Bartels hat in seinem sonst eben nicht erqnick¬
895 2404 1767 2458 lichen Buch über Hauptmann doch das, wie auch
909 2435 1770 2506 Richard M. Merer zugiebt, treffende Wort von den
914 2499 1765 2558 „Patenstücken“ geschaffen, die man zu Haupt¬
909 2536 1769 2599 manns Dramen finden kann. Der Dichter selbst
909 2585 1770 2664 hat in Wien kürzlich Colstois „Macht der Finster¬
899 2642 1763 2706 nis“ als eines jener Stücke bezeichnet, die ihn
906 2681 1765 2757 zuerst anregten. Ibsens Einfluß auf ihn, zumal
896 2733 1755 2806 in den „Einsamen Meuschen“ (durch „Nosmers¬
903 2783 1760 2850 holm“) wird nirgends geleugnet. Wo aber
903 2827 1760 2891 Hauptmann es versuchte, über die Gestaltung
892 2898 1762 2946 der unmittelbaren Gegenwart oder die Region
897 2935 1759 2998 des persönlich Erlebten, in der Jugend schon
895 2987 1756 3052 Erfahrenen und Erworbenen hinaus zu gehen,
906 3031 1751 3096 im „Florian Geper“, da ist er — mag sich
893 3094 1755 3143 auch Schleuther noch sehr dagegen sträuben — ge¬
902 3123 1758 3190 scheitert. Zur Geschichte hat Hauptmann kein Ver¬
896 3154 1771 3241 hältnis. Er findet nicht die Kunst der historischen
898 3231 1761 3293 Perspektive. Er hat sich in die Akten der Ver¬
899 3273 1752 3334 gangenheit mit redlichstem Fleiß begraben, aber
891 3345 1754 3388 der Stoff hat ihn erdrückt. Eine naturalistische
895 3371 1749 3438 Historie ist ein Widersinn. Das abkürzende
898 3419 1746 3488 Verfahren, nicht aber die sorgsame Wirklichkeits¬
897 3458 1765 3540 kopie des Naturalisten ist hier am Platze. Hier
899 3528 1799 3593 trat Hauptmanns Schranke an den Tag; geschicht¬
2035 3607 2373 3671 Gerhart Hauptmann
1893 3650 2501 3710 (Phot.: Atelier Jander & Labisch. Berlin W.)
