3436 4352
1433 90 2197 138 then-hild, Hannele. bliss Maude Halk“
1448 133 2181 174 was the Deaconess and the Apparition of
1432 162 2181 215 Hannele’s Mother; Miss Alice Butler was
1440 204 2193 243 the Sister Martha and Mr. Charles Rich¬
1446 238 2183 272 man was Gottwold the Schoolmaster and
1450 273 2199 322 The Stranger whom Mayor Gilroy and
1451 316 2065 355 others persisted in calling Christ.
1468 330 2188 382 Mr. Gerhardt Hauptmann, who was in
1446 380 2183 431 New York at the time for the purpose 01
1441 401 2186 454 witnessing the first performance in
1442 447 2194 488 English of his play, thought it necessarz
1430 480 2187 541 to deny that The Stranger was intended as
1446 521 2193 568 a representation of Christ. The Mayor,
1434 561 2183 608 unable to prove that Mr. Hauptmann wat
1436 600 2195 638 in error, contented himself with obita dicta
1434 631 2195 670 on ’saerilege' and on an age not in sym¬
1430 665 2187 709 pathy with “miracle plays,“ but he did
1432 701 2189 765 not further interfere with the arrange¬
1440 738 2191 780 ments. Of course the theatre was crowded
1442 772 1910 822 from stage to stairways.
1455 798 2195 859 Those times of much ado are now re¬
1447 841 2187 887 called to mark the broader state of the
1439 879 2203 944 public, the official, and the semi-official
1439 911 2203 957 mind of 1910. Nobody dreamed of beseech¬
1441 952 2189 1011 ing Mayor McClellan to preserve the city
1442 983 2198 1043 krom sacrilege when Mr. Charles Rann
1446 1023 2196 1071 Kennedy’s play, The Servant in the
1447 1056 2191 1109 House,“ was produced by Mr. Henry
1448 1093 2202 1142 Miller. Nobody felt called upon to prevent
1454 1131 2192 1185 the appearance of Mr. Forbes-Robertson
1441 1183 2198 1215 in The Passing of the Third Floor Back,
1433 1203 2198 1246 Talthough his Stranger or Passerby is quite
1437 1239 2194 1291 asimplous' for three hours as Haupt¬
1446 1280 2203 1329 mann’s is for fifteen minutes. No society
1438 1310 2202 1367 has considered it necéssary to guard the
1459 1347 2196 1392 #morals“ of the juvenlle actor who played
1444 1381 2206 1441 that fond and skilful cracksman, Jimmy
1444 1420 2205 1471 Valentine, at Wallack's the other day; no
1439 1460 2202 1512 clty fathers, reverend fathers, officers or
1439 1495 2193 1545 citizens forbade Mr. Ben Greet to produce
1468 1536 2208 1576 Dr. Faustus“ at the Garden Theatre, al¬
1446 1562 2200 1626 though in that drama, as inHannele,
1448 1600 2206 1660 “sacred names are used with much fre¬
1441 1631 2212 1711 quency,“ and there are“visions“ which
1451 1669 2208 1731 even a Mayor might be “unable to dis¬
1429 1704 2214 1773 Ltingulsh from real occurrences“; and no
1439 1742 2216 1805 enemy of The New Theatre was conscious
1457 1779 2214 1832 of an inner call to suppressSister
1442 1813 2216 1872 Beatrice“ as a “blasphemous attempt to
1456 1852 2216 1916 represent sacred things and feelings on
1445 1890 2216 1952 the stage.“ It will be observed that there
1437 1922 2158 1994 Is some senslble movement in the world.
1495 1968 2216 2009 Hannele“ is written and acted in as
1441 1992 2215 2051 Treverent a spirit as Sister Beatrice.“ It
1437 2031 2225 2089 Is not throughout so beautiful a spectacie
1449 2072 2214 2149 as Maeterlinck’s play, because in the latier
1439 2108 2220 2157 the action never departs from the Convent
1444 2143 2230 2196 of Dur Lady at Louvain. There the spec¬
1457 2180 2223 2234 tator is always in the presence of the sister¬
1462 2220 2210 2280 hood and before the shrine. In“ Hannele“
1458 2253 2222 2306 the scene is a bare and rickety room in a
1455 2292 2225 2364 mountam almshouse, and the spectator 18
1455 2314 2228 2400 Introduced to a ragged, dirty lot of odious
1456 2367 2218 2415 pauperé, some of whom are thieves and
1454 2405 2216 2460 some worse than thieves.“ To this repul¬
1453 2451 2214 2503 sive refuge, on a winter night, Gottwold
1458 2472 2211 2533 the Schoolmaster brings Hannele Mattern,
1463 2510 2219 2571 a girl of fourteen, whom Seidel the Wood¬
1456 2560 2212 2615 cutter has saved from drowning. Over¬
1455 2580 2226 2641 weighted with misery, the child has souaht
1457 2618 2220 2671 relief in death. Her mother is dead. Her
1459 2657 2212 2722 reputed father is a sot, who beats the child
1439 2692 2218 2744 and sends her out to beg. Berger, a pom¬
1441 2728 2217 2789 pous and hypecritical magisträte, is really
1445 2771 2219 2817 the child’s father, and, of course, he is
1445 2799 2217 2853 bound to inveke the law against child
1448 2837 2212 2897 Isuleide and the drunkenness of such good
1452 2879 2213 2923 Pfor nothings as Mattern the Mason. Mat¬
1447 2910 2224 2967 Itern, by the way, married Hannele’s mother
1452 2954 1914 3008 after Berger’s desertion.
1500 2963 2236 3037 While the law and medicine, thermunic¬
1453 3022 2226 3090 lpality and the Church are debating over
1460 3047 2228 3119 the course to pursue with the unfortunate
1457 3092 2235 3150 schild, Hannele falls into an iliness, has dé¬
1455 3125 2233 3187 lirlous moments and sees visions. She
1458 3170 2240 3217 sees the Angel of Death; she sees her own
1459 3205 2231 3273 mother, who must have been, she is quite
1466 3243 2220 3294 sure, the sweetest and best of women. She
1461 3275 2228 3331 sees the rum soaked Mattern, who is always
1457 3314 2216 3374 beäting her. Besides the Angel of Dark¬
1461 3352 2220 3409 ness, she sees Angels of Light. The only
1461 3386 2222 3447 kindness she has ever known is the kind¬
1464 3435 2224 3490 ness of Gottwold the Schoolmaster, and she
1465 3457 2225 3512 thinks Gottwold must be like Christ. She
1445 3498 2222 3549 knows now, too, the kindness of Sister Mar¬
1467 3532 2237 3585 tha, the Deaconess. By and by the child
1466 3565 2236 3624 sees the Lord in her vision, and the Lord
1468 3606 2240 3656 resembles the good, kind Gottwold and
1462 3643 2229 3695 speaks like him. And the Angels of Light
1453 3686 2223 3738 sing to her of heaven. Death is beautiful,
1462 3720 2231 3785 and she wants to die. They bring her a
1468 3754 2234 3803 crystal coffin and a bridal gown, such a
1464 3805 2231 3849 gown as she would have worn had si#
1476 3824 2233 3873 married Gottwold. But now she is to be
1463 3867 2232 3919 the Bride of thé Lord. Her poor little brain
1461 3897 2221 3951 is tangled up with memories of earthly
1476 3939 2231 3986 wretchedness and heavenkz bliss, with
1476 3964 2234 4026 crude theology and the real dream world
1478 4012 2238 4056 of childhood. She sees herself dying, dead:
1475 4051 2257 4094 sees her funeral, hears people say that she##
2221 4080 2291 4139 1
2204 89 2944 165 Se u Helen ente re. r1e e.    e
2209 147 2951 198 a ducal lover. And so he enacts a scene
2205 179 2957 221 of wild revenge, in which he kilis an
2211 213 2950 254 imaginary duke. Never has he acted with
2211 249 2953 297 such passion. And at its height a crowd
2199 276 2963 337 roars inté the cabaret, yelling: “The Bas¬
2214 314 2964 377 tile has fallen!“ And, behold, in comes
2212 360 2963 397 his grace the duke, upon whom Henri falls
2214 392 2959 437 murderousty. letting out bis life. There
2217 434 2950 474 arefall kinds of eriminals and scurvy
2214 466 2960 521 knaves, and noblemen and dusty revolu¬
2200 509 2950 565 tionarles, king’s men, and people's men.
2216 530 2977 585 nolsy patriots who are humbugs, and qulet
2208 567 2964 615 ones who may be anything you like—but
2213 614 2972 651 what do they in this galley? There are
2209 648 2974 691 demagogues and persons of fashion, there
2213 678 2972 724 Is Prospere, keen for revolution and pieces
2212 721 2976 763 of gold; there is a conwict-knave, there is
2199 756 2971 791 Henri, the mime, a nalve actor, and there
2204 787 2966 842 is the woman. And the woman kneels by
2219 832 2971 870 the murdered duke and moans: Never
2212 868 2766 907 was I worth so much as this!“
2217 896 2972 953 Schnitzler’s piece is ingenlous in both idea
2210 946 2976 985 and execution—a model curtain raiser. It
2212 970 2978 1020 gives Mr. Blinn another impressive part
2209 1007 2974 1061 as the chief actor in the café and provides
2217 1032 2981 1110 a lively series of eramatic contrasts. Its
2216 1086 2404 1136 cast was:
2216 1119 2989 1167 Emlle, Duc de Cadignan..... Edward Mackay
2214 1163 2953 1200 Françols, Vicomte de Nogeant. Cyril Chadwick
2222 1182 2967 1226 Albln. Chevaller de la Tremouille. Gregory Kelly
2213 1201 2971 1241 Marquis de Lansac Fuller Mellish
2213 1233 2967 1270 Severine Merle Maddern
2213 1256 2972 1293 Rollin R. W. Tucker
2221 1287 2969 1316 Prospere Henry Stephenson
2214 1312 2961 1338 Heuri Holbrook Blinn
2230 1333 2973 1368 Quillaume R. Owen Meech
2218 1358 2961 1396 Scaevola Paul Scardon
2209 1379 2967 1416 Jules Harold Matthews
2220 1407 2967 1438 Michette Helena Van Brugh
2222 1436 2961 1472 Flipote Veda MeEvers
2216 1464 2967 1492 Loocadie Allee John
2217 1480 2964 1517 Grasset Sheldon Lewis
2217 1511 2953 1540 Lebret Robert Ower
2226 1532 2961 1571 Grain Wilfred Buckland
2225 1559 2987 1596 The Commissalre  T. N. Heffron
