3392 4352
1389 148 1800 239 box 15/1
679 149 1238 226 ruene Kakadu
177 159 1247 267 9.3. Der  n nsuneh.
984 532 1026 606 2
701 517 801 621 1
864 596 1480 686 RAd R
1618 688 2503 771 laient en parties voir les émeutes et les
803 675 1580 788 Les Premières
1609 747 2487 816 incendies. Prosper, un ancien comé¬
1618 786 2486 854 dien, tient dans un sous-sol une ma¬
722 792 1584 869 THEATRE-ANTOINE. — La Guerre au village,
1610 833 2476 901 nière de cabaret montmartrois. ou, com¬
748 856 1585 904 pièce en trois actes de M. Gabriel Trarienx.
764 892 1586 933 — Au Perroquet vert, sotie en un acte d’Ar¬
1601 881 2486 935 me chez Bruant autrefois, les gens
745 921 1568 975 thur Schintzler, traduction de M. E. Lutz.
1601 917 2491 986 chics, les hommes et les femmes du bei
750 961 1584 1015 Henriette Pastorel, institutrice laique
1606 968 2483 1020 air, viennent se faire engu... injurier,
715 1004 1597 1075 dans une petite ville de province, eut
1608 1007 2481 1075 et assister à des scènes ou des compar¬
723 1047 1590 1119 jadis une heure de jeunesse et d’oubli
1608 1047 2494 1115 ses jouent au criminel et simulent les
724 1099 1581 1156 un enfant est né de cette heure. Le sé¬
1610 1091 2486 1159 escarpes. Un jeune chevalier, nouvelle¬
733 1135 1589 1199 ducteur, avant cette naissane, avait
1602 1131 2491 1200 ment arrivé à Paris, s’étonne de l’accent
720 1187 1582 1248 déjà abandonné la pauvre fille, et ne
1602 1183 2486 1253 de vérité qu'ont tous ces acteurs à gages
1609 1224 2486 1288 et peu à peu, pendant que les Lansac et
719 1228 1578 1290 s’était jamais inquiété meme de connai¬
1606 1270 2506 1327 les Nogent apprécient et s’extasient, lui
717 1270 1580 1329 tre le sexe du batard. Depuis, Henriette
1604 1313 2486 1369 s’épouvante, éperdu, entre la fiction et
715 1319 1587 1357 a vécu tout entière consacrée ä ses de¬
1607 1351 2486 1401 la réalité, jusqu'à ce que Didier, le comé¬
720 1363 1588 1406 voirs d’éducatrice, élevant son fils loin
1606 1408 2486 1452 dien, qui dans son role raconte le meur¬
720 1394 1583 1450 d’elle, sur ses faibles émoluments, ai¬
1614 1436 2483 1508 tre supposé d’un duc de Cadignan, poi¬
718 1447 1585 1514 dant son vieux père, et payant de temps
1608 1480 2492 1553 gnarde tout d’un coup et pour de hon
715 1486 1587 1554 à autre les dettes de jen de son frère.
1608 1530 2486 1593 celui-ci, qui vient de survenir, et qu'un
712 1542 1581 1594 Elle est aimée naivement et timidement
1604 1581 2478 1635 mot imprudent lui a révélé comme
718 1587 1580 1642 d’un grand diable broussailleux de pro¬
1600 1612 2486 1686 Tamant de Léocadie, sa femme, une fille
715 1632 1579 1668 fesseur de seconde, et lui fait tirer le
1610 1663 2495 1724 d’opéra. La comédie est flnie; la réalité
714 1669 1584 1734 seau de sen puits dans le jardin de l’é-
1602 1706 2497 1775 étreint les frivoles seigneurs, tirant enfim
718 1708 1577 1777 cole pour arroser ses fleurs. Puisqu’ily
1597 1746 2488 1810 leurs épées de parade contre l’envahis¬
710 1751 1581 1809 a des fleurs, nous voici en pleine églo¬
1600 1796 2487 1855 sement tumultueux des vainqueurs de
718 1803 1577 1854 gue, et celle-ci est charmante, alternée
1605 1835 2479 1898 li Bastille, prise pour de bon, elle aussi.
718 1851 1581 1900 comme une virgilienne de demandes et
1628 1887 2483 1941 Ce mélange de vérité et de fiction, qui
713 1882 1589 1940 de réponses qui s’attendrissent à mesu¬
1601 1929 2489 1974 procure un peu T’impression qu’on res¬
704 1931 1575 1998 re. Le professeur Masseron fait sa de¬
1593 1974 2487 2028 sent dans un muséc de flgures de cire,
709 1980 1582 2045 mande, et on sent bien qu’Henriette ac¬
1603 2013 2485 2072 et dont T’action principale d’ailleurs rap.
718 2016 1574 2082 cepterait d’étre sa femme, sanstce passé
1608 2051 2485 2108 pelle l'admirable Tabarin, de Mendès,
714 2064 1269 2122 que T’amoureux ignore.
1599 2103 2482 2149 est combiné avec la plus exacte préci¬
740 2103 1582 2171 Mais voici son amie, Suzanne Lebou¬
1600 2145 2484 2194 sion de mise en scène et la plus franche
718 2143 1580 2213 tillier, qui entre, la fille de monsieur le
1601 2189 2493 2248 et süre intensité d’ensemble. On ne peut
708 2201 1582 2251 maire, personnage important et dont la
1595 2232 2483 2278 guère citer de moms dans ce fouillis tra¬
708 2240 1579 2293 protection, peut-être pas trop désinté¬
1597 2267 2476 2331 gique, dont Part précisément est de
720 2290 1584 2341 ressée, a jusqu'ici couvert l’institutrice.
1596 2314 2478 2377 brouiller indistinctement les personna¬
719 2325 1574 2390 L’heureuse Suzanne vient annoncer à
1592 2367 2480 2411 lités. II faut remarquer cependant M.
709 2372 1582 2423 Henrietle une grande nouvelle; elle se
1590 2410 2493 2462 Antoine, si net et mesuré dans un bout
708 2423 1578 2464 marie, elle épouse un homme charmant,
1602 2448 2514 2492 de röle; M. Marquet, qui montre de la
715 2467 1577 2517 plein d’avenir, qui sera demain député
1601 2495 2480 2556 violence et de l’autorité; MM. Matrat et
711 2513 1569 2559 de l’arrondissement, M. René Dubreuil.
1590 2534 2490 2595 Mosnier, qui flgurent à merveille l’um
713 2551 1577 2611 A ce nom, Henriette a pali; quand M.
1591 2588 2481 2641 une façon de Santerre et l’autre une ma¬
709 2600 1571 2653 Leboulillier parait à son tour, elle lui de¬
1599 2623 2478 2683 nière de Lauzun; Mlle Jeanne Lion est
710 2640 1575 2687 mande un entretien particulier et lui
1597 2668 2480 2726 un tres gentil petit chevalier de la Tré¬
702 2686 1581 2747 révele oue ce Dubreuil fut son amant,
1593 2712 2487 2775 moille et Mme Grumbach une très délu¬
705 2731 1571 2787 qu'il est le père de son enfant. Cela n’é¬
1596 2749 1917 2815 rée marquise.
709 2767 1581 2818 mouvrait pas beaucoup le magistrat
1626 2784 2487 2860 Mais comme cette pièce m’a parn
711 2818 1578 2863 municipal, si une note perfide du Clo¬
1604 2837 2479 2900 symbolique, et comme nous savons,
708 2863 1579 2920 cher journal clérical, ne semblait faire
1602 2885 2481 2946 nous aussi, nous amuser aux bagatelles
710 2906 1574 2955 prévoir une divulgation scandaleuse à
1601 2929 2487 2991 du faux crime, en allendant qu'on
710 2943 905 3010 ce sujet.
1597 2970 2285 3035 prenne les dernières Bastilles!
811 2988 1584 3057 II faut donner votre démission, or¬
1978 3013 2440 3073 FRANCOTS DE WION.
699 3009 1583 3095 donne Thonnéte homme qui, un peu
701 3081 1578 3129 plus tard, et comme compensation, pro¬
2048 3092 2397 3170 u Sichehee
705 3125 1574 3188 posera à Mlle Pastorel d’ètre chez lui
699 3165 1577 3232 institutrice de sa jeune fllle.., et mienx
709 3205 929 3266 que cela.
746 3238 1577 3304 On sent que la lutte va s’engager entre
707 3289 1579 3356 Henrielte et Dubreuil, venu imprudem¬
698 3344 1583 3399 ment réclamer ses lettres et menacer
705 3379 1582 3425 T’abandonnée, et que celle-ci, bafouée
697 3420 1572 3486 dans son recours à ses supérieurs, tra¬
697 3469 1579 3530 hie par tous et livrée à la malveillance,
693 3520 1578 3570 aux insultes, aux charivaris de la petite
706 3561 1574 3604 ville, doit succomber, subir sa révoca¬
698 3597 1567 3670 tion et se voir subitement remplacée,
694 3646 1568 3707 sans mème un avis préalable. Son dé¬
688 3684 1585 3750 sespoir alors la fait se jeter dans les
699 3733 1582 3792 bras de Masseron qui, on ne sait trop
698 3771 1587 3835 pourquoi, refusé d’abord ce qu'il prend
697 3821 1578 3885 pour un sacrillce, propose de se consa¬
700 3872 1581 3933 crer à l’enfant, et finalement épouse
698 3904 1391 3968 Henriette vaincue et heureuse.
734 3939 1593 4017 Je ferai remarquer qu’Hfenriette est
705 3996 1583 4056 libre-penseuse, d mange de la viande le
714 4048 1582 4102 vendredi , et que c’est surtout à cause
702 4079 1594 4129 de tout cela que l’opinion publique et
