3484 4480
231 155 1831 235 9•4. Der gruene Kakaun—Z#klus
762 1044 1158 1115 Telefon 12801.
468 1125 1500 1228 Unternehmen für Zeitungs-Ausschnitte.
1348 1169 1547 1248 Ausschnitt
634 1213 1620 1368 „OBSERVER“ Nr. 5
357 1265 569 1369 223
268 1332 1705 1446 I. österr. behördl. conc. Bureau für Zeitungsberichte u. Personalnachrichten
420 1405 1539 1508 Wien, IX/1. Türkenstrasse 17.
656 1499 1336 1583 Filiale in Budapest: „Figyelé“ —
343 1562 1628 1656 Vertretungen in Berlin, Chicago, London, Nowyork, Paris, Stockholm.
264 1718 800 1805 Ausschnitt aus:
647 1806 763 1899 7/ 7
556 1801 668 1946 42
281 1867 577 1966 vom %
702 2186 1281 2269 Kleines Feuilleton.
1052 2247 1500 2331 Frankfurt, 6. April.
487 2305 1551 2362 In. [Mannheimer Brief.] Man schreibt uns vom 6. ds.
451 2366 1555 2431 aus Mannheim: Es hat ein bischen lange gedauert, bis die
448 2403 1548 2448 Schnitzler'schen Einakter den Weg in unser Hoftheater fanden.
445 2432 1549 2498 Nun aber spiellen sie sich harmonisch ab, wie die sein empfundenen
454 2476 1552 2537 Sätze einer Sonate: Allegro=Adagio=Presto. Und der Erfolg?
450 2527 1542 2585 „Paracelius“ interessirte die Gefährtin“ exschütterte, „der grüne
441 2533 1565 2611 Kakaon Aberaschte. Den Abend in seiner Gesammtwirkung darf¬
447 2598 1555 2659 das Theater zu seinen Ehrenabenden rechnen, an denen Darstellung
456 2644 1557 2695 und Regie zu gleichen Theilen partizipiren. — Im Apollo=Saal
455 2673 1557 2738 spielt das Meßthaler=Ensemble ein Programm im modern=realisti¬
450 2715 1558 2784 schen Geschmack ab. Bis jetzt wurden „Gespenster", „Therese
451 2754 1557 2817 Raquin“ und „die Haubenlerche“ gegeben. Obgleich es diesen:
458 2816 1556 2872 Aufführungen an allem äuseren Aufputz, theilweise sogar an den
443 2847 1549 2905 nothwendigsten Dekorationen und Requisiten gebricht, erhebt sie
450 2891 1553 2952 doch künstlerischer Ernst und intimes Zusammenspiel weit über das
450 2933 1548 2984 herkömmliche Niveau. Herr Emil Meßthaler geht, wie wir hören,
449 2974 1539 3023 für die nächste Saison mit seiner Truppe nach Nürnberg. — Die
458 3007 1548 3058 bildenden Künste, die sich bei uns vorerst noch total auf die Ma¬
447 3040 1553 3108 lerei beschränken — Skulpturen und Erzeugnisse des Kunstgewerbes
450 3080 1552 3146 fehlen ganz — nehmen, wenigstens auf dem Gebiet des Bilder¬
447 3117 1557 3191 handels einen rechten Ausschwung. Wirklich künstlerischen In¬
460 3166 1543 3211 teressen trägt aber der Kunstsalon Heckel Rechnung, der eine Kollek¬
1538 3158 1714 3229 iclusive
316 3206 440 3271 Für
436 3200 1692 3265 ktion Thoma vereinigt hat Außerdem interessiren die eigenartig=Porto.
415 3243 1545 3296 16 weltfernen Landschaftsbilder von Emil Lugo, denen er auch noch
1544 3256 1712 3310 Zahlbar
418 3281 1534 3334 20 so seltsam=gedankenschwere Titel mitgibt. Hans Rudolf Käser
1563 3291 1741 3356 Voraus.
409 3316 1547 3370 54 (München) hat mehrere tüchtige Porträts aus der hiesigen Gesell¬
361 3357 1546 3415 „ 100 schaft und eine Anzahl von liebenswürdigem Geist belebte Skizzen
1546 3347 1778 3424 te ist das
455 3402 1000 3466 im Kunstverein ausgestellt.
345 3402 1788 3499 Abonnement durch keine bestimmte Zeitdauer begrenses — auen Ltcht es den
341 3478 1643 3552 Abonnenten frei die aufgegebenen Themen zu ergänzen oder zu ändern.
1988 127 2423 218 box 16/1
2067 748 2856 918 Paracelsus.
2212 887 2718 970 Versspiel in einem Akt
2113 940 2802 1066 Die Gefährtin.
2193 1041 2731 1128 Schauspiel in einem Akt
1881 1096 3033 1239 Der grüne Kakadu.
2220 1200 2730 1282 Groteske in einem Akt
2168 1290 2773 1378 Arthur Schnitzler.
1847 1392 3104 1492 Erstaufführung am Residenz=Theater zu Wiesbaden.
1906 1488 2867 1586 Ueber den glänzenden Erfolg wird berichtet:
2206 1566 2724 1642 „Rheinischer Courier“:
1906 1610 3120 1687 Arthur Schnitzler ist neben Hermann Bahr der bedeutendste Ver¬
1841 1671 3117 1721 treter des jungen Wiener Pociengeschlechts. Aber während jener ewig
1843 1705 3112 1762 wechseinde, in allen Farben schillernde, sich selbst ironisirende Weltmensch
1854 1745 3117 1802 im Virtnosenum realistischer Einzeldarstellung meist stecken bleibt, sehnt
1851 1785 3123 1859 sich Schnitzler hinaus aus der sich selbst zersetzenden Decadence¬
1837 1817 3124 1902 gesellschaft in die Welt der Wahrheit und einfachen Natur. Und einmal
1838 1872 3108 1920 wurde diese Sehnsucht Gestalt! es gelang ihm sein Drama „Liebelei“,
1842 1907 3112 1965 eins von den Bühnenwerken unserer Zeit, die auch im neuen Jahr¬
1850 1956 3118 2001 hundert noch bleiben werden. Was die graziös blasirten Anatole¬
1855 1981 3110 2046 seenen als Typus des modernen Stimmungsmenschen so einzig dar¬
1855 2020 3125 2085 stellten, dieser überfeinerte Kultus der nervösen Einzelpersönlichkeit, das
1856 2062 3119 2131 ist in „Liebelei“ überwunden von der einfältigen reinen Liebeskraft
1855 2102 3126 2163 einer aufopfernden Frauennatur, deren Wesen dem Drama jenen un¬
1846 2129 3129 2203 sagbaren lyrischen Dust verleiht, den wir ja auch hier auf uns ein¬
1850 2180 3122 2238 wirken lassen dürften. Aber Schnitzler ist doch moderner Mensch,
1907 2220 3126 2276 h. ein Suchender, Ruheloser, und so tritt er diesmal wieder als ein
1854 2253 3129 2313 anderer vor uns hin mit seinen drei Einaktern. „Paracelsus“. Wie
1850 2307 3128 2381 Traum und Leben, Spiel und Wahrheit geheimnißvoll ineinanderfließen,
1861 2343 3064 2405 zeigt das Drama, dessen Held der berühmte Wunderthäter des 1
1846 2377 3130 2444 Jahrhunderts, Theophrastus Bombastus Paracelsus von Hohenheim
1954 2434 3129 2474 Den Mediziner Schnitzler reizte es, hier die peinliche natur¬
1857 2455 3130 2522 wissenschaftliche Genanigkeit in der Darstellung hypnotischer Experimente
1853 2493 3125 2559 mit jener alten poctisch=romantischen Idee zu verbinden. Zugleich aber
1860 2529 3129 2598 ließ er auch das moderne Problem von der rechten, in innigster Geistes¬
1855 2569 3123 2640 gemeinschaft geheiligten Ehe im Gegensatz zum äußerlich sanktionirten
2421 2613 3119 2677 Sicher ein geistreiches Werk, diese
1861 2625 2427 2687 Rebeneinanderleben anklingen.
1853 2656 3125 2727 drämatisirte Novelette, ein Spiel mit Menschenseelen. Rückhaltlose An¬
2972 2691 3124 2745 ist ein
2878 2708 2915 2740 10
1856 2698 2883 2757 erkennung verdient das zweite Werk; „Die Gefährtin“.
1856 2744 3118 2803 in gedämpften Farben gehaltenes Seelengemälde voll feiner Wirklich¬
1860 2769 3132 2838 keitskunst, in seiner Art etwa Sudermanns „Fritzchen“ vergleichbar,
1868 2812 3134 2874 und gleich diesen wirkt es wie ein erschütterndes Erlebnis mit echter
1857 2847 3124 2922 Tragik. Herrn Dr. Rauch aber verdient wieder besonderen Dank, daß
1861 2892 3136 2962 Der diese interessanten, wenn auch nicht leicht zugänglichen Dichtungen
1859 2946 2158 3018 Enns vermittelte.
2107 2985 2862 3057 „Wiesbadener General=Anzeiger“:
1927 3043 3132 3106 Arthur Schnitzler, der Dichter der „Liebelei“, hat mit seinen
1865 3086 3134 3143 drei Einaktern „Paracelsus“, Die Gefährtin" und „Der grüne
1866 3144 3146 3198 Kakadu“ einen neuen litterarischen Erfolg zu verzeichnen. Es war
1870 3164 3133 3236 eine wahre Erquickung, die drei gehaltvollen Stücke nach der reich¬
1869 3211 3138 3288 jhaltigen Schwankernte dieses Winters im Residenztheater begrüßen zu
