3436 4256
1649 141 2410 203 Wnge e   e  rece
806 171 1633 230 Joan Pereira was amusing as a verv outspoken
1646 184 2441 233 in dhe wine cellar of the Green Cockatco
815 199 1624 266 rural Freuch maid. The old Scotch mother of
1649 229 2445 277 the antics of a band of unemployed actors ape¬
802 238 1620 299 Miss Elspeth Dudgeon seemed to have stepped
1649 266 2459 316 ing erime, apeing revolution for the delecta¬
813 275 1626 325 out of the frame of a familv portrait. She was
1653 298 2446 343 tion of the noblesse. Even the actors them¬
801 308 1623 367 a splendid specimen of fossilised humanity. For
1655 333 2458 370 selves did not know how far the fun meant
805 349 1624 394 the rest, there were errors of casting and the
1648 365 1982 413 serious bueiness.
1998 353 2455 418 When Henri, the pet
807 376 1628 435 huddled stage-management which destrovs
1643 405 2451 454 tragedian, newly wedded to Leccadie, and
800 411 1632 467 stage-pictures. Mme. Yavorska should be
1649 439 2452 484 deadlv jealous, feigned the murder of his rival
813 447 1630 513 better advised and better employed. All
1635 472 2458 532 the Duc, he hardly realised that, in a few
810 504 1249 555 around her seems awry.
1645 519 2453 558 minutes, he would hear that what he had
1643 549 2454 589 mimicked was the truth. The truth which im¬
1627 579 2455 624 pelled real murder When sthe Duke came to
886 557 1570 633 (2) COURT: “ The Shadow.“
1639 618 2445 652 the cellar to join his companions, who ap¬
851 602 1608 686 By Eden Phillpotts. Monday, October 20.
1636 652 2444 699 plauded when he fell at his effort in acting.
1645 690 2449 731 Nor would they believe the maniac when he
841 688 1627 759 Dartmoor is Phillpotts’s land. The very
1648 717 2455 763 stormed in and told them incoherently that
815 744 1626 792 breath of upland breezes is in his books, hie
1656 755 2445 796 thhe Bastille had fallen. Had not the people
813 776 1624 836 people are redolent of heath and heather, and
1648 792 2448 843 without uttered murderous cries they wouid
806 807 1632 861 their characteristics those of rugged soil. His
1654 828 2454 873 have gone on carousing with their folk
812 846 1630 907 play,“ The Shadow, is germane to this
1638 866 2456 903 enemies. Now they Leat a hasty retreat. Let
800 900 981 943 nature.
1642 900 2454 937 themtgo, said the companions, their time will
844 905 1619 970 A rich farmer and landowner has been killed
1655 937 2456 987 came eure enough. I: was weird and wonder¬
815 952 1631 1007 The next day Elias Wavcott, his nephew,
1658 966 2456 1012 ful. It taxed the brain, it kindled imagina¬
809 992 1632 1035 comes and woos Hester, the daughter of the
1649 1007 2443 1046 tion. How mad, yet how tragic it was. Wha
819 1024 1627 1080 village storekeeper. He almost apologises for
1659 1042 2458 1084 boldness of dramatie painting—it reminded
818 1054 1631 1113 his love, and Hester, who admires strength,
1649 1079 2460 1119 one of Meissonier—painted in words; and the
802 1096 1635 1149 passion, and brute force, rejects him in favour
1660 1118 2460 1155 translation of Miss Penelope Wheeler never
811 1132 1634 1196 of Philip Blanchard, the local butcher, a
1647 1149 2456 1189 betrayed foreign origin. It might have been
817 1165 1634 1230 tempestuous lover. Into their happv married
1647 1182 2458 1248 an English play; I wish it had been that and
812 1203 1634 1256 life falls blight—Waycott’s body is diecovered,
1650 1218 2053 1281 just a little shorter.“
809 1248 1636 1291 Elias ie charged with murder, as being the
1673 1259 2450 1301 It may seem to my reader that this some¬
819 1283 1633 1320 most interested party, and Philip Confesses
1661 1294 2452 1331 what enthusiastie impression was derived from
809 1308 1635 1349 to his wife his mad moment of anger and the
1652 1331 2450 1377 the production at the Vandeville. And I wish
808 1344 1636 1384 blow with which he felled and killed his ancient
1656 1362 2450 1413 that I could give the reply affirmative. But,
804 1381 1632 1422 landlord. Before the trial, when the two men
1655 1403 2462 1444 unfortunately, what I write above is the ap¬
819 1415 1634 1469 meet in the cells, Elias gives out the truth, but
1653 1435 2456 1480 preciation of the remarkable production of
812 1449 1640 1496 both men, for the sake of Hester, refrain from
1651 1468 2459 1521 the Stage Society, which introduced Schnitz¬
821 1486 1629 1536 a publio confession. Elias would have beer
1649 1512 2449 1547 ler’s work to England. Although it was in no
812 1526 1639 1569 innocently hanged by the arm of the law, but
1663 1547 2455 1587 wise perfect, there was at least an attempt at
808 1565 1641 1610 elects suicide, and Philip would have taken his
1660 1582 2460 1624 orchestration of voice and situations; there
812 1591 1643 1638 own life but for Hester’s timelv interference;
1659 1610 2478 1664 was, to a certain extent, to be observed thé¬
816 1617 1634 1682 ehe follows her husband to a dreary tor and
1662 1653 2459 1689 dominating hand of a stage manager with a
819 1664 1639 1714 induces him to face life with her—for the sake
1649 1692 2456 1735 definite conception of the play. In the re¬
823 1704 1209 1762 of her unborn child.
1651 1724 2457 1775 vival there was nothing of that kind; it was
854 1718 1640 1784 The play is admirably written—it is as true
1657 1760 2470 1804 a picture of the French Revolution as it has
812 1777 1634 1820 as the raw odour of Mother Earth; there are
1662 1796 2461 1838 lived for years in ridiculous absurdity in the
812 1813 1646 1858 moments of perfervid intensity; there are, on
1655 1825 2465 1867 traditions of the theatre. The French Revo¬
812 1852 1641 1900 the other hand, scenes which fail to grip, be¬
1654 1864 2467 1905 Iution was emphatically not an orgy of beer
814 1880 1640 1926 cause small talk hampers the action. The
1663 1908 2467 1959 and alcohol, it was an orgy of fanaticism,
819 1913 1645 1957 fault of Mr. Phillpotts’s characters is that, in
1664 1932 2476 1976 roused by the oppression of centuries. The
823 1950 1639 1997 the heat of passion, idealistic utterance runs
1665 1972 2471 2016 artist who wishes to picture this on the stäge
811 1986 1640 2045 away with their realistic nature. And then,
1660 2011 2474 2059 should bear in mind the difference of effect:
811 2019 1641 2064 artistically, there is an unsatisfactory ending,
1665 2044 2456 2088 mere drunkenness leads to hullabaloo,
821 2064 1635 2102 with which the tragedy really begins. Hitherte
1664 2079 2453 2126 frenetichenthusiasm for a cause graduates intc
824 2086 1644 2138 the butcher, accustomed to killing and en¬
1667 2114 2464 2166 tumult like a rising storm. At the Vaude¬
814 2132 1637 2174 dowed with Herculean force, had beld under
1667 2144 2475 2205 ville it was all noise, te say nothing of the
817 2164 1637 2208 the attack of conscience. Now, at the end,
1669 2183 2472 2238 handicap öf a small stage and clumsy setting.
819 2204 1643 2242 we see two people burdened for ever with the
1663 2227 2459 2271 Words were drowned and characters seemed
824 2232 1646 2279 responsibility of two lives for the sake of one
1657 2264 2458 2311 to express themselves powerlessly in general
819 2264 1640 2312 yet to come. It is the most horrible idea con¬
1659 2295 2459 2346 vociferation. Such as could rise above the
825 2304 1633 2351 ceivable. As I said to a neighbour, if we saw
1664 2335 2456 2380 din, like Mr. Norman MeKinnel, powerful
815 2336 1642 2386 this play on a gray London dav when one’s
1667 2367 2476 2408 as the actor, like the Duke of Mr. Malcolm
824 2362 1640 2426 own icy of living is interfered with by the
1666 2405 2461 2444 Cherry, a figure 'of distinction in a motley
814 2411 1644 2453 atmosphere, it would send us home in unspeak¬
1666 2443 2460 2487 atmosphere, left fragmentary impressions of
818 2450 1648 2503 able misery and haunt us for days. It is more
1660 2475 2465 2526 what the play really was. But, on the whole,
815 2483 1637 2525 awe-inspiring than Zola's“ Thérèse Raquin,
1667 2511 2464 2554 Schnitzler’s work had become melodrama in¬
821 2518 1647 2558 and if we surmount its effect it is because we
1659 2551 2455 2596 stead of a subtle vision in miniature of a new
821 2558 1647 2598 lnow that the solution ie beyond humanity.
1672 2580 2123 2640 epoch in French history.
825 2596 1650 2627 When we had seen Philip Blanchard in the
829 2625 1657 2666 pangs of remorse we knew that there was but
823 2657 1649 2706 one issue—swiftly, determinedly, regardless of
1760 2657 2382 2734 (4) LES VENDREDIS DE
817 2689 1627 2734 the babe to come, and a wife s protestations.
1919 2709 2195 2779 COMEDIA.
869 2724 1646 2772 The acting was up to that natural standard
825 2758 1651 2797 which we are wont, to expect in the Manchester
832 2795 1655 2835 School. Mr. Jules Shaw’s Philip Blanchard
1689 2777 2467 2848 The idea is ingenious. With a finishing
836 2835 1640 2879 was che butcher to the life, but for a slight
1672 2831 2463 2885 touch and assiduous rehearsal it should become
829 2871 1643 2913 absence of restraint. And restraint was the
1663 2873 2463 2921 fashionablv popular. London is always inte¬
817 2900 1642 2944 keynote of Miss Sybil Thorndike’s quietly im¬
1673 2906 2459 2950 rested in Paris, and the babble of the boule¬
821 2933 1642 2984 passionate creation of the sorely-stricken
1669 2946 2466 2982 vard and the coulisses sounds like music to
835 2973 1653 3007 Hester. The others all deserve praise—the
1664 2977 2466 3022 ladies who love to be called chic, to men in the
830 3009 1651 3066 whole performance was worthy of a National
1665 3023 2475 3066 swim. And Mr. Froyez knows exactly what
835 3040 1153 3100 Theatre to come.
1646 3051 2474 3098 is wanted. He talks brightly about many
1661 3087 2464 3129 things in general and the theatre in particular.
1663 3126 2461 3169 He presente to us clever people, divine manne¬
1035 3124 1470 3197 (3) VAUDEVILLE.
1651 3144 2464 3202 quins, and a fine singer in M. Perol. He pro¬
1657 3191 2469 3243 auces fragmente of plays wich some clever
915 3216 1566 3278 * Between Sunset and Dawn.“
1655 3229 2465 3278 actors—for instance, we really enjoyed the two
1667 3274 2459 3315 scenes from Porto-Riche'’s“ Amoureuse,“ in
880 3263 1612 3316 A Play in Four Scencs by Hermon Quld.
1663 3308 2463 3346 which Mlle. Scialtiel plaved the wife with
996 3328 1528 3390 “ The Green Cockatoo.“
1669 3338 2467 3384 charm and feeling, Mr. Reinato Mariani the
1664 3373 2470 3417 husband with polish and sincerity. He intro¬
829 3362 1645 3423 A Grotesque in One Act by Arthur Schnitzler,
891 3416 1643 3454 translated by Penelope Wheeler. Thurs¬
1672 3411 2465 3454 duces a coming prima ballerina of Covent
880 3435 1207 3493 day, October 23.
1665 3441 2466 3486 Garden, Mlle. Karina Karinowa, who dances
1656 3486 2459 3528 the famous“ Cygnés?' with exquisite grace.
1661 3515 2458 3569 After this Revue of events and artists the twe
868 3522 1652 3581 Among the troubadours of the Cabaret, Ger¬
1672 3554 2461 3598 worlds before and behind the footlights at the
840 3570 1648 3613 trude Rolffs and Anton Dressler occupy the
1665 3586 2465 3627 Grafton Galleries commingled at convivial tea
834 3608 1651 3646 first rank in Germany. At the Vaudeville
1664 3630 2471 3669 and ca marche. Compared with the five o'clock
839 3643 1644 3692 where they raise the curtain their recep¬
1678 3664 2465 3707 of the ordinarv British pattern these inter¬
841 3677 1651 3724 tion was courteous but lukewarm. And
1672 3697 2465 3742 national gatherings of Comoedia are an oasis
841 3717 1647 3760 no wonder. Rhine-wine, loses its savour
1670 3728 1919 3785 in the desert.
839 3746 1648 3790 in tankards, as ale would in ahock glass. These
842 3782 1659 3832 German ballads of soldiery, Bohemianism,
1685 3809 2471 3854 Atthe Haymarket on Friday afternoon, Novem¬
839 3823 1651 3865 misery when roughly translated and hammered
1673 3847 2474 3889 ber 7, Princess Marie Louise of Schleswig-Holstein
837 3859 1644 3904 on the piano, sung stentoriouslv or in strident
1678 3882 2471 3921 will distribute the annual essay and elocution
840 3891 1655 3929 soprano, grate unon the ear. We cannot appre¬
1672 3913 2475 3951 prizes and certificates to members of the British
843 3928 1649 3970 ciate them nor do we take in the humour of
1669 3945 2463 3985 Fmpire Shakespeare Society. Preceding the prize¬
839 3969 1658 4005 heavy Mephistophelian manners at the instru¬
1671 3979 2465 4026 gving, Mr. G. C. Ashton Johnson will give his
843 3997 1655 4039 ment and affected impassiveness d 7a Yrette
1667 4009 2461 4050 lecture entitled,“ Shakespeare and Music,“ illus.
845 4035 1654 4076 Guilbert of former days, when artienlation and
1668 4046 2472 4091 trated on the piano. Mr. Heury Arthur Jones has
1328 4067 1656 4115 Whoever advised
838 4070 1288 4114 pronuncation are hazy.
1677 4074 2475 4116 been elected a vice-presidont of the society 10 äll
832 4105 1655 4151 these artists to try a tour de Force mode a great
1680 4108 2478 4166 the vacancy caused by the death of Professer
846 4130 1827 4190 mistake. Countries have their artistic Dowden.
2469 192 2586 253 Davi
2473 242 2593 277 Elea
2486 269 2598 309 Myfa
2481 299 2594 331 Jane
2472 325 2589 359 Mose
2483 352 2597 389 Nanc
2478 379 2582 416 Rev.
2483 425 2588 477 Capt.
2479 472 2602 534 Thon
2481 524 2584 575 Wili'
2480 563 2579 610 Hug
2463 593 2571 642 Acts
2465 633 2588 679 Llynw
2465 668 2589 714 Pen-Il.
2512 719 2587 780 „ W
2466 765 2592 815 the H
2476 841 2606 887 has de
2475 875 2609 926 new p
2478 940 2610 999 The
2473 983 2613 1033 act pla
2476 1023 2615 1067 at the
2481 1053 2600 1096 from
2470 1087 2611 1131 Kaiser
2475 1125 2614 1163 many
2467 1185 2640 1229 the righ.
2465 1219 2634 1262 or, in o
2473 1248 2634 1290 cast will
2473 1281 2647 1326 0 Malley
2482 1314 2656 1351 and Mise
2478 1343 2642 1392 Sun' wil
2478 1380 2641 1424 new one¬
2476 1408 2612 1468 Austin.
2490 1479 2653 1536 A speci
2479 1520 2662 1570 will be gi
2477 1559 2664 1620 aid of the
2494 1635 2654 1682 The cas
2479 1669 2667 1717 Pursuit o
2476 1703 2668 1748 drenne an
2473 1734 2679 1791 Tuesday.v.
2491 1778 2658 1819 Alan Gr
2490 1811 2660 1848 Peter L
2493 1839 2664 1880 John De
2497 1865 2640 1907 Doctor
2494 1892 2634 1930 Fah-Nl
2496 1914 2668 1956 Haranol
2499 1946 2657 1985 Janet
2497 1974 2658 2010 Ume Satt
2498 2002 2655 2040 Nurse T.
2493 2029 2652 2080 Pamela
2479 2061 2642 2116 The play
2477 2103 2658 2149 J. Cliffor
2493 2165 2660 2233 Mr. Lor
2485 2211 2663 2265 in a Frei
2476 2251 2647 2298 Maurice
2478 2286 2650 2330 English v
2485 2307 2658 2370 Real Thir
2506 2388 2677 2442 Since 1
2480 2414 2670 2480 * People 1
2484 2463 2662 2505 has effect
2480 2496 2657 2539 result thaf
2489 2531 2659 2583 and brigh
2501 2575 2666 2642 Over 15.
2468 2617 2659 2688 at Drury¬
2503 2695 2666 2748 The Ge
2466 2726 2638 2792 Drury
2476 2770 2679 2812 Christie's
2483 2801 2654 2840 has been
2489 2829 2662 2878 W. Samp.
2482 2866 2645 2910 inchsion
2481 2894 2650 2943 running
2487 2935 2646 2975 however,
2488 2964 2654 3006 Lane sta
2479 2997 2661 3055 Sealed
2503 3062 2608 3108 Mr.
2480 3079 2662 3144 appearan
2486 3133 2661 3172 Friday er
2483 3161 2654 3218 Welch he
2502 3210 2647 3274 Matiné
2481 3260 2657 3305 Husband
2489 3293 2657 3339 Wednesd
2485 3328 2647 3383 as forme
2496 3377 2646 3442 Mr. P.
2486 3432 2640 3476 most of
2486 3458 2635 3507 Girl in
2487 3499 2631 3545 cluding!
2479 3532 2630 3572 Messrs.
2483 3556 2639 3616 Frederic
2506 3614 2639 3672 Owing
2490 3657 2635 3703 Mr. Ken
2485 3692 2634 3738 the cast
2496 3730 2625 3770 Mary
2475 3760 2630 3804 verv cap
2482 3789 2638 3846 C. Brow
2512 3852 2628 3908 Miss
2491 3894 2637 3941 characte
2487 3922 2647 3974 play“
2491 3957 2636 4007 originall
2489 3995 2628 4036 br Mr.
2487 4023 2644 4081 offer fro
2512 4096 2642 4147 Tang
2483 4135 2645 4185 Ambassa
