3436 4224
318 194 553 274 9. 4
2086 204 2551 306 box 15/5
558 221 2075 313 bergruche KakaduZukins
893 803 1239 856 Telefon 12801.
574 887 1528 971 Unternehmen für Zeitungs-Ausschnitte.
1522 883 1800 976 Ausschnitt
2404 916 2749 980 Telefon 12801.
1489 974 1801 1075 Nr. 93
726 951 1439 1068 „OBSERVER“
3111 1010 3325 1088 Ausschnitt
2113 1008 3057 1092 Unternehmen für Zeitungs-Ausschnitte.
255 1058 1790 1121 # l Sösterr. behördl. concess. Bureau für Zeitungsberichte und Personalnachrichten¬
3157 1096 3318 1185 40
2279 1080 3133 1198 „OBSERVER“ N.
622 1135 1494 1226 Wien, IX/1 Türkenstrasse 17.
1849 1188 3316 1259 I. österr. behördl. concess. Bureau für Zeitungsberichte und Personalnachrichten
566 1213 1568 1307 Filiale in Budapest: „Figyelö“, VIII. Josefsring 31 a. —
2158 1259 3026 1361 Wien, IX/1 Türkenstrasse 17.
2101 1347 3083 1416 Filiale in Budapest: „Figyelö“. VIII. Josefsring 31a. —
309 1345 793 1446 Ausschnitt aus:
1043 1363 1411 1461 ensiakt. W
2656 1418 2913 1550 Zellenig,
1846 1482 2338 1561 Ausschnitt aus:
324 1444 800 1585 ## 73 7).
1869 1609 2250 1712 vom /300
566 1616 1421 1714 Theater und Kunst.
400 1693 1710 1760 (Burgtheater.) Arthur Schnitzler hat uns gestern mit
292 1743 1729 1811 drei neuen Einaktern unterhalten. Fast könnte man sagen: amüsirt,
2020 1763 3190 1838 „ Wien, 2. März. (Eig. Mitth.) Arthur Schnitzler hat
290 1784 1711 1843 obgleich er in allen dreien ein sehr ernstes Gesicht macht. Zwei davon
2018 1824 3190 1897 gestern im Burgtheater mit drei Einaktern Erfolg gehabt. Sie
289 1836 1726 1897 sind richtige Tragikomödien, und diese haben am stärksten gewirkt. Nach
2016 1862 3176 1934 sind indeß im Werth ebenso verschieden wie in Stoff und Form.
295 1891 1713 1947 dem Schauspiel: „Die Gefährtin“ hatte der Dichter eine Menge Hervor¬
2028 1909 3180 1964 „Paracelsus“ muthet wie eine Jugend=Arbeit an, die durch
290 1930 1721 2002 rufe, und auch die Groteske: „Der grüne Kakadu“, die den Schluß
2019 1939 3189 1996 Geistreichelei die noch mangelnde Gestaltungkraft zu ersetzen sucht.
287 1990 1723 2047 machte, erwies sich dankbar. Doch beginnen wir bei dem Einleitungs¬
2024 1990 3186 2039 Sie zeigt uns den berühmten Theophrastus Bombastus als Hyp¬
2013 2019 3179 2082 notifeur, der mit seinen Künsten eine kleine Frau zwingt, die
296 2033 1710 2098 stück: „Paracelsus“. Es ist eine in hübsche Verse gebrachte Anekdote,
2019 2059 3183 2125 geheimsten Wünsche ihres Herzens auszuplandern. Das Stück ist
299 2080 1711 2127 wie Paracelsus die tugendsame Frau eines Waffenschmieds in regel¬
2020 2121 3190 2155 nicht viel mehr als eine Paraderolle, um die ein Endchen Handlung
288 2129 1717 2184 rechter Hypnose alle ihre sündhaften Anwandlungen ausplaudern läßt.
2016 2138 3193 2199 herumgedichtet ist. Herr Robert spielte den Wundermann
304 2179 1707 2243 Herr Robert war selbstverständlich ein unheimlicher Hypnotiseur und
2024 2189 3178 2232 in der Maske des Paufanias, interessant, aber wohl zu schwer.
2024 2217 3190 2273 In dem zweiten Stücke, das ich für das bedeutendste von den
306 2218 1711 2282 Frau Schratt ein desto anheimelnderes Medium. Herr Thimig
2015 2254 3183 2330 dreien halte, erkennt man den Einfluß der modernen italienischen
295 2275 1722 2315 wurde als Stadtarzt von damaliger Pedanterie nicht recht warm. Das
2022 2294 3196 2356 Schule. „Die Gefährtin“ nennt es Schnitzler. Ein grau¬
298 2315 1716 2359 Schauspiel „Die Gefährtin“ ist ein kleines Meisterstück. Eine mit so
2031 2345 3102 2391 haarige: Gelehrter hat soeben seine junge Frau begraben.
291 2357 1720 2424 vollendeter innerer und äußerer Oekonomie dramatisirte Novellette, daß
2032 2374 3126 2426 weiß, daß sie nie seine Gefährtin war und daß er auch ih
297 2404 1728 2459 selbst die pessimistische Pointe ihr nicht schaden konnte. Ein Professor
2030 2414 3185 2469 äußerliche Tieue bald nach der Vermählung verloren hatte. Als
2018 2449 3189 2507 vornehme und milde Natur verstand er ihre Liebessehnsucht
302 2448 1725 2508 hat soeben seine Frau begraben. Er weiß, daß sie ihm nicht tren
2035 2493 3159 2555 und duldete ihre Beziehung zu seinem Assistenten. Ja,
304 2504 1712 2560 gewesen ist. Er ist alt und sein Assistent weit jünger. Er hat sich als
2034 2528 3196 2593 er hatte erwartet, das junge Paar werde seine Freiheit
298 2552 1717 2609 Philosoph uns Physiologe von Anfang an darein ergeben. Er hätte
2413 2575 3181 2628 In einem Gespräch mit dem von
2029 2581 2418 2635 von ihm erbitten.
297 2596 1714 2656 Die Frau soge frei gegeben, damit die Beiden sich heiraten können.
2020 2613 3183 2673 einer Ferienreise zurückkehrenden jungen Manne erfährt er, daß
305 2643 1705 2706 Mun aber: lt ihm der Assistent mit, daß er sich kürzlich verlobt hat.
2022 2651 3182 2709 dieser schon seit Jahren verlobt sei und daß ihn also nicht die
2026 2704 3191 2743 Liebe zu der nun Verstorbenen getrieben habe. Er weist ihm die
293 2693 1714 2740 Der Profenor ist entrüstet. „Also nicht Deine Geliebte, nur Deine
2033 2727 3182 2793 Thür, und jetzt entdeckt eine Freundin seiner Frau ihm, daß diese
297 2739 1716 2817 Dirne hast Du aus ihr gemacht?" Er jagt ihn hinaus. Er
2032 2765 3181 2830 mit der Verlobung einverstanden war und daher nicht nur ihrer
306 2790 1710 2850 glaubt die Frau an diesem Betrüger gerächt zu haben. Da
2036 2804 3183 2856 Schuld wegen, sondern auch in ihrer Gesinnung des Gatten
301 2830 1715 2882 sagt ihm ihre vertraute Freundin, daß die Frau von der
2026 2840 3184 2892 unwerth gewesen sei. Alle diese rein innerlichen Vorgänge hat
305 2882 1724 2929 Verlobung ihres Galans gewußt hat. Ihr war bas so recht.
2035 2884 3180 2951 der Dichter mit großer Feinheit und Wahrheit knapp und spannen
2021 2924 3181 2983 geschildert, so daß das heitle und gefährliche Thema in der von ihm
297 2926 1749 2985 Der Professor stürzt aus den Höhen seiner Auffassung tief hinab:“
2031 2956 3189 3020 gewünschten Stimmung sich sicher entwickelte. Die Darstellung durch
292 2991 1740 3044 einmal, zweimal. Daß diese Leute diese Dinge so leicht nehmen, hat:
1998 2987 3200 3065 „ die Herren Sonnenthal und Zeska und Fräulein Bleibtreu
1899 3012 1998 3092 Für
291 3012 1754 3088 er doch nicht geahnt. Die kleine Geschichte ist voll von der Grau¬“
1979 3027 3296 3121 10 war meisterhaft. Beifall und Oppesition, zumeist aber Ver- usive
302 3071 1790 3149 samkeit der Thatsachen. Sie hat die Zuschauer stark gepackt. Allerdings gus
1975 3080 3271 3148 20 wunderung und Befremden erregte das dritte Stück: der von der ##o.
3159 3105 3286 3143 albar
1973 3136 3309 3184 50 Berliner Zeusur verbotene „Grüne Kakadu“. Wir befinden voraus
303 3121 1783 3189 war Herr Sonnenthal als Professor vorzüglich. Auch Herr Zeska den
1961 3155 3181 3224 100 uns am Tage der Erstürmung der Bastille in einer Pariser Spe¬
301 3165 1707 3224 in der schwierigen Rolle des Assistenten. Fräulein Bleibtreu als
2034 3195 3323 3262 lunke, wo die verlotterte vornehme Welt sich an den Späßen st im
300 3210 1712 3269 Vertraute sei nicht vergessen. Das dritte Stück: „Der grüne
2037 3238 3322 3301 einer seltsamen Komödiantenbande ergötzt, die unter großem es den
292 3265 1698 3330 Kakadu“ kennzeichnen wir am kürzesten, wenn wir es einen „Bajazzo“
1915 3256 3244 3340 #honn Zulauf in der Maske von Verbrechern allerlei Schnick¬ u,
295 3312 1703 3363 ohne Leoncavallo'sche Musik nennen. Oder einen anderen „Tabarin“.
1927 3312 3190 3366 vonn schnack treibt. Der Hauptspieler, der einen Mörder aus
2042 3357 3198 3411 Eifersucht darstellt, macht aus dem Scherz Ernst und
299 3357 1716 3421 Eine Variante des Themas von der gespielten Eifersucht, die zur blutigen
2038 3387 3198 3442 streckt seinen Gegner zu Boden. Das Episodenbeswerk,
295 3403 1709 3477 Wahrheit wird. Bei Schnitzler spielt die Sache in der Spelunke „zum
2039 3432 3201 3501 das neben dieser an „Bajazzo" und „Tabarin“ erinnernden
285 3444 1720 3519 grünen Kakadu“, an dem Tage, da die Pariser die Bastille stürmen.
2031 3477 3196 3526 Handlung üppig und breit wechert, bringt einzelne ebenso kühne
299 3517 1719 3566 Der Komödiant, der den verführerischen Herzog ersticht, ist eine
2038 3508 3202 3569 wie treffende Zuge aus jener wildbewegten Sturmzeit. Leider ist
293 3537 1712 3619 Meisterrolle Sonnenthals. Vielleicht hat Schnitzler das Stück
2026 3550 3200 3618 aber das ganze Bild fahrig und unsicher durchgeführt, zahlreiche
2041 3588 3196 3647 Wiederholungen ermüden, und eine Unmenge lediglich grotesker
296 3591 1708 3649 nur geschrieben, um ihm diese dankbare Szene zu machen. Als
2037 3619 3210 3689 Einfälle lähmt schließlich die dramatische Wirkung, so daß endlich
289 3638 1713 3702 Rahmen dazu dient ein Zeitbild von jenem tin de siecle, aus dem
2039 3664 3195 3723 auch der politische Rummel keinen anderen Eindruck macht als
295 3678 1718 3748 eine blasirte Marquise (Frau Mitterwurzer) besonders hervor¬
2030 3701 3205 3764 den eines geschickt inszeuirten Theaterlärms. Die Darstellung
287 3740 1714 3801 ragt. Die Sache kommt aber trotz guter Einzelheiten nicht recht in
2037 3735 3059 3802 stand auch in diesem Stück zumeist auf vornehmer Höhe.
287 3795 1737 3857 Zug, erst die große Sonnenthal=Szene lohnt das Spiel. Diese aber
294 3826 503 3898 reichlich
