3392 4256
2145 157 2607 257 box 15/6
362 155 2003 259 9.4. Der gruche kakadn zyklus
708 1266 1102 1342 —
2067 1252 2351 1350 —.——
1325 1324 1652 1395 (Nachdruck verboten.)
1767 1336 2872 1395 Augenblick, da es nur noch eines muthigen Handgriffs
949 1335 1349 1438 Teuillekon.
1777 1373 2874 1440 bedarf, um ihr den Schleier abzureißen, ist ein Manko
1771 1424 2879 1487 der dichterischen Seele Schnitzler's. Es wäre interessant
1765 1461 2884 1526 und der Mühe werth, genan darzulegen, wieso heutzutage
614 1463 1581 1566 ## Berimer Theaterbrief.
1771 1517 2871 1572 gerade ein Oesterreicher leicht der Versuchung erliegen
364 1403 616 1613 N
1369 1539 1625 1605 30. April.
1774 1542 2868 1623 kann, sich vor seinem eigenen Wissen zu fürchten und die
682 1565 1711 1651 Der erfolgreichste und an Talent nicht ärmste von
1763 1589 2868 1648 unerbittlichen Realitäten seiner Zeit, die er nur allzu
591 1632 2868 1704 der aufkeimenden Wiener Literatengemeinde, Arthur1 genau erkennen mußte, sich zu verheimlichen. Aber dies
610 1676 1710 1729 Schnitzier ##tgestern wieder einmal seine Visstenkarte
1764 1683 2872 1745 gehört in die Politik, und die Zensur hat das
593 1721 1703 1769 ###er ulis im Deutschen Theater abgegeben. Er wurde
1781 1716 2880 1790 Hauptstück des gestrigen Abends, die Groteske „Der
593 1765 1709 1822 empfangen wie ein liebgewordener Bekannter von außer¬
1776 1771 2872 1832 grüne Kakadu“ unter den sorgfältigsten Kaulelen
601 1813 1709 1859 halb, dessen fremde Art interessirt und der für gewöhn¬
1764 1816 2869 1879 nur deshalb endlich freigegeben, weil sie sich überzengt
610 1855 1704 1912 lich einige nette Neuigkeiten erzählt, sich manierlich be¬
1779 1861 2870 1930 hatte, daß Schnitzler wirklich nur ein literarisches und
607 1890 1712 1955 nimmt und in den großen Taschen seines Dichtermantels
1788 1909 2873 1964 nicht ein politisches Stück haue schreiben wollen. Man
607 1943 1709 2000 allerhand Spielzeng für die nachsuchenden artigen Kinder
1766 1950 2874 2008 muß nicht immer klüger sein wollen als die Polizei.
603 1982 1716 2039 mitgebracht hat. Seine neuesten Auekdoten hörte man
1767 1992 2867 2057 Vielleicht ist der grüne Kakadu wirklich nur künstlerisch
594 2025 1707 2084 mit behaglichem Lächeln an und ward des Beifalls nicht
1769 2032 2871 2089 zu betrachten. Und auch dann, wenn man außer Acht
606 2077 1714 2133 müde. Eine Schnurre aber war darunter, die sich plötzlich
1796 2084 2873 2127 äßt, daß ein Oesterreicher das Stück geschrieben hat,
600 2121 1705 2180 aus aller Lustigkeit zu bitterstem Ernst zu gestalten schien.
1767 2123 2872 2189 bleibt es merkwürdig und betrachtenswerth genug. Nur
602 2171 1721 2225 Von den Gesichtern der Personen, die Schnitzler uns
1767 2163 2878 2216 muß man sich erinnern, daß Arthur Schnitzler bisher zur
600 2201 1711 2260 vorführte, schienen wie auf ein gegebenes Zeichen die
1783 2211 2855 2265 Gruppe der sozialen Tendenzdichter gehörte, daß „Liebelei“,
604 2251 1717 2305 neckischen Masken zu sinken, statt des grotesken Lachens
1788 2257 2873 2308 „Vermächtniß“ und besonders „Freiwild“ Kampfstücke
600 2287 1719 2355 könte der Klang der Sterbeglocken und aus den jauchzen¬
1770 2302 2872 2367 gewesen sind und daß er, dessen bestes Werk, die Novelle
607 2330 1712 2390 den Tänzern wurden gespenstische Schemen, die zu
1786 2349 2874 2399 „Sterben“ in erschütternder Weise die brutale Armselig¬
609 2362 1712 2426 unheimlichen Melodien einen danse macabre vorführten,
1771 2372 2870 2441 keit unseres physischen Lebens erhellt, von Berufswegen
607 2422 1715 2478 der alle dummen Töffel das Gruseln lehren konnte. Als
1841 2428 2823 2487 denn Dichten ist doch nur eine Kunst — Arzt ist.
612 2470 1717 2526 aber Schnitzler sein Publikum so weit hatte, daß es ihn
1862 2457 2863 2538 Der grüne Kakadu ist unter diesem Gesichtspunkt
600 2505 1704 2564 erschreckt anblickte und irre wurde an der Bonhomnie,
1773 2503 2872 2577 eine Abkehr von seines Schöpfers Vergangenheit. Schon
607 2540 1712 2614 die er als Wiener doch ex officio haben muß, da wurde
1774 2556 2870 2608 die Wahl und Ausgestaltung des Stoffes führt weit weg
605 2601 1699 2652 ihm selbst ein bißchen bang vor seinem Spuk, und er
1764 2606 2874 2654 von der modernen Welt, in die Schnitzler bisher streng
598 2632 1717 2712 beeilte sich, die muthwillig beschworenen Geister wieder
1766 2647 2866 2715 nach den Lehren des Realismus, bloß mit einem Zuschuß
591 2688 884 2758 loszuwerden.
1764 2691 2871 2739 liebenswürdiger Nachsicht, unsgeführt hat. „Der grüne
691 2726 1709 2785 Diese Furcht vor den geahnten letzten Konsequenzen,
1775 2735 2869 2791 Kakadu“ ist eine Kellerkneipe in Paris. Ihr Wirth
611 2769 1713 2845 das Zurückweichen vor der lang gesuchten Wahrheit im
1779 2778 2872 2841 Prospère, ein früherer Schmierendirektor, ist auf den guten
1714 2863 1932 3054 (9
2738 4077 2959 4157 AA
2940 1332 3354 1401 Einfall gekommen, ise
2944 1390 3358 1445 bande spielen zu lasse
2936 1435 3350 1492 abendlich die vornehm
2948 1477 3356 1528 Die meisten wissen
2948 1519 3358 1575 ihnen stehen, mitunt
2932 1555 3354 1621 täuschen und wissen
2942 1601 3361 1669 Spiel ist. Besonder
2933 1643 3352 1702 Truppe, dem Schau
2932 1688 3360 1750 wesen seines Direktor
2942 1737 3350 1797 schöne, verworfene #
2942 1774 3353 1846 Jahre schon in ihr
2928 1819 3361 1887 will ihre Vergangen
2926 1868 3314 1927 anderen, vergessen.
2931 1906 3356 1970 zu erhalten, und desh
2931 1949 3356 2017 weil er dumpf fühlt,
2928 1994 3336 2047 machen kann von
2927 2044 3346 2100 übrigens ganz berechti
2934 2083 3347 2139 zufällig erfuhr, sofor
2934 2131 3345 2184 mit seinem vornehms
2939 2166 3355 2232 Der Direktor ist unt
2930 2212 3352 2273 aber dieser verspricht
2935 2255 3354 2317 ruflich letzten Auftret
2928 2301 3348 2362 mal seine Kunst a
2930 2330 3343 2406 ihr Theater, und a
2927 2382 3346 2457 kratischen Zuschauer
2936 2432 3344 2489 Dame ist dabei. Ab
2933 2472 3302 2540 bald in Entsetzen.
2925 2511 3353 2579 Weise, wie er, von in
2935 2567 3345 2621 umgekehrt, als er Leo
2932 2607 3354 2664 in ihrer. Garderobe
2932 2645 3334 2709 getroffen — und die
2940 2695 3283 2754 Entsetzen ist nur e
2932 2734 3346 2796 seiner Seele die Arist
2938 2778 3352 2856 Er beglückwünscht He
