3436 4224
957 163 1260 234 Kakadu
451 170 595 238 Der
671 180 725 237 r
201 170 1233 270 9. 3   HSe
536 1159 942 1282 PO
338 1262 697 1365 Telephon 12801.
526 1333 1220 1474 „OBSERVER
330 1445 1457 1525 österr. bohördl. konz. Unternehmen für Zeitungs-Ausschnitte
540 1508 1276 1596 Wien, I., Concordiaplatz 4.
760 1589 1066 1647 Vertretungen
350 1604 1463 1704 in Berlin, Budapest, Chicago, Christiania, Genf, Kopenhagen,
342 1661 1475 1747 London, -Madrid, Mailand, Minneapolis, New-York, Paris, Rom,
529 1706 1300 1788 San Francisco, Stockholm, St. Petersburg.
708 1753 1129 1833 (Quellenangabe ohne Gewähr.)
359 1848 744 1946 Ausschnitt aus:
744 1862 1299 1977 cinziger Tagblatt
715 1941 970 2039 K
373 1966 514 2021 vom:
366 2255 1521 2333 Arthur Schnitzlers „Grüner Kakadu“ der vor mehreren
389 2349 1510 2419 Jahren im Burgtheater auf höheren Wunsch vom Reperloire abge¬
399 2386 1510 2444 setzt werden mußte, wurde in seiner Erstaufführung im Deutschen
395 2418 1513 2495 Volkstheater in Wien mit demonstrativem Beifall aufgenahnmen.
396 2459 1439 2545 Schnitzler wurde stark gerufen und erschien wiederholt. 4
1449 2493 1512 2559 5
1439 150 1759 241 box 15
1937 1255 2291 1336 Telephon 12801.
2106 1315 2805 1451 „OBSERVER‘
1912 1444 3043 1513 I. österr. behördl. konz. Unternehmen für Zeilungs-Ausschnitte
2118 1500 2854 1590 Wien, I., Concordiaplatz 4.
2337 1574 2648 1634 Vertretungen
1922 1633 3040 1671 in Berlin, Budapest, Chicago, Christiania, Genf, Kopenhagen,
1933 1664 3050 1726 London, Madrid, Mailand, Minneapolis, New-York, Paris, Rom,
2103 1704 2875 1764 San Francisco, Stockholm, St. Petersburg.
2279 1746 2705 1810 (Quellenangabe ohne Gewähr.)
1930 1800 2948 1898 Ausschnitt ausviener Mittags-Zeitung
1940 1890 2434 1997 vom: 16 10. 1905
2093 1985 2929 2122 Theater und Kunst.
2011 2085 3072 2180 (Deutsches Volkstheater.) „Der zerbrochene
1911 2135 3077 2231 Krug“ und „Der grüne Kakadu“, Heinrich Kleist
1909 2188 3061 2267 und Arthur Schnitzler. Die seltsame Mischung gab einen
1909 2267 3059 2322 vollen, schönen Klang. Kleists klassisch=simples Lustspiel mit
1910 2298 3049 2377 seinem gesunden, derb gewürzten Realismus und Schnitzlers
1919 2352 3051 2411 schillernde Groteske mit ihrem hypermodernen, neurasthenisch¬
1902 2402 3041 2463 furiosen Naturalismus. Beiden eigenartigen Schöpsungen wid¬
1911 2451 3044 2529 mele sich die Regie mit großer Zärtlichkeit, dort der behäbigen,
1897 2487 3040 2574 kollernden Komik in Perücke und Goldhaube, hier dem wilden,
1907 2549 3054 2612 gellenden Aufschrei einer im Sturze lachenden Welt. Aber der
1905 2596 3044 2673 „zerbrochene Krug“, fiel dabei in Scherben, der „grüne Lakadu“
1911 2645 3044 2725 flatterte leuchtend auf. Herr Höfer war eben zu gut für den
1908 2696 3070 2767 von tausend Aengsten gepeinigten Dorfrichter Adam, er schuf
1902 2723 3042 2807 einen trefflichen Charakter und vergaß das Körnchen Salz da¬
1904 2801 3052 2868 bei. Die Herren Birron, Weiß, Amon, Fräulein Galafres und
1899 2835 3046 2909 Frau Thaller waren von pröchtiger Frische, konnten aber den
1904 2898 2902 2957 erfrorenen Humor nicht mehr wärmen. Umso kräftiger se
1901 2930 2897 3000 das Ensemble in dem zweiten Einakter ein, lautes, spr
1895 2974 2887 3061 Leben tobte und schäkerte über die Bühne. Neben der lie
1888 3016 2879 3099 Wildheit des Herrn Kramer und der rasselnden To
1895 3096 2899 3157 Herren Raeder, Russeck u. a. die Filigranzierlich
1902 3136 3015 3206 Fräulein Lißl und die schöne lockende Sünde in Gestalt des
1891 3184 2973 3261 Fräuleins Galafres, ein wundersames Bild greller#
1888 3234 2769 3321 traste, in dem jede Figur, jede Szene klappte.
2904 3240 2962 3336 0
