3436 4352
981 139 1300 215 Kakadu
763 150 968 219 uene
470 142 637 219 Der
234 150 1289 260 9. 3    eiesc. enhe
2122 82 2826 153 Tcompanion. The housewives come
2116 126 2838 195 and, laying flowers on the easket of
1445 131 1868 221 box 15/3
2115 179 2830 236 erystal and silver, reconnt the manz
2123 217 2648 279 good qualities of the child.
2148 248 2836 331 Then Gottwald, the Christ of Han¬
2117 316 2841 385 nele's dream, raises the child and.to
2112 341 2841 434 music such as she has never heard
2115 394 2834 464 showst her a dazzling golden path,
2122 445 2828 509 between two long lines of singing
2111 481 2833 554 angels, and with her hand in his
2113 529 2845 596 Hannele starts the ascent toward
2118 569 2629 634 Heaven and her mother.
2135 610 2832 689 For à monat darkness and then
2096 657 2826 728 agaln the dirty room in the alms¬
2100 711 2829 780 house. From above there is the noise
2105 753 2835 831 of brawling beggars and drunken
2084 795 2836 866 pwomen. Sister Martha and Gettwald.
2095 832 2842 905 ithe schoolmaster, lean over the bedf
2113 889 2824 943 on which Hannele lies. The filthy
2107 918 2823 999 coyerlid more####e,wore over (an.
2109 954 2862 1030 rul breast, but onsthe whlte ae
2107 1006 2723 1076 there is the Joy ore- dreams
1469 1018 2068 1104 „ MI THEATRE. —“ Hannele,“
2129 1050 2847 1121 It is no ensy tastt toseovertne
1450 1068 2088 1134 play by Gerhart Hauptmann, pre¬
2102 1097 2842 1174 footlights in tangible form a poem
1450 1108 2098 1162 ceded by Arthur Schnitzler’s one-act
1444 1153 1975 1206 play, The Green Cockatoo.“
2107 1140 2830 1211 play as dreamlike and mystical as
1623 1185 1922 1248 ·HANNELE.“
2103 1183 2836 1250 this of Hauptmann's. No one could
1390 1206 2103 1286 Hannele S Mrs. Fiske
2105 1219 2823 1310 have done it better than Mr. Fiske,
1393 1266 2092 1322 Gottwald Holbrook Blinn
2110 1286 2829 1359 and we are to be congratulated that,
1385 1302 2098 1357 Sister Martha Miss Allce John
2112 1319 2828 1382 with“ Hannele“ in his possession, it
1387 1333 2092 1401 Tulpé Miss Florine Arnold
2115 1372 2828 1432 was made possible for us to see Mrs.
1390 1368 2096 1425 Hedtrig. Miss Mabel Reed
1395 1413 2093 1468 Pleschke Sheldon Lewis
2106 1407 2833 1479 Fiske in the role of the dreaming
1393 1442 2095 1514 Hanke. AR. W. Tucker
2099 1458 2832 1519 child. In voice and mannerism she¬
1388 1482 2093 1543 Seidel Edward Mackay
2105 1506 2835 1571 was suceessful in conveying thechild¬
1380 1518 2093 1580 Berger Paul Scardon
1386 1561 2097 1607 Schmidt P. N. Heffron
2115 1547 2821 1609 ish misery and poetic exaggerated
1393 1584 2100 1652 Dr. Wachler Heury Stephenson
2102 1596 2819 1667 imagination of Hauptmann’s child
1380 1628 2101 1674 Mattern Fuller Mellish
2103 1632 2297 1691 heroine.
1382 1664 2100 1712 Awoman's figure Miss Virginia Kline
2130 1661 2833 1743 Hannele“, is fated to be buffetea
1393 1694 2106 1751 Atall, dark angel. Wilfred Buckland
1381 1730 2091 1782 First angel. Miss Merle Maddern
2107 1729 2823 1795 about by the many, but thé few who
1390 1763 2097 1813 Second angel... Miss Veda MeEvers
2103 1769 2809 1828 like it will wax enthusiastie over 1r.
1392 1800 2090 1861 Third angel Miss Helena Van Brugh
2106 1817 2783 1870 The former are the unthinking
1380 1833 2096 1888 Sister Martha. Miss John
2102 1839 2817 1910 those who could not quite understand
1382 1864 2092 1944 The village tallor.R. Owen Meech
2105 1887 2793 1957 Mr. Barrie's“Peter (Pan.“ The few
1472 1913 2021 2006 ·THE GREEN COCKATOO.“
2104 1937 2810 1995 are the students and those whohaye
1395 1982 2801 2035 Emlle. Duc de Cadigan. Edward Mackaythe welfare and advancement ôt our
1385 2015 1983 2088 Francols, Vicomte de Nogeant.
2099 2027 2790 2095 stage at heart; of the latter group
1820 2048 2102 2130 Cyrfl Chadwick
2098 2067 2807 2134 Mrs. Fiske is idol—the actress to
1379 2074 2040 2158 Francols, Vicomte de la Tremoullle,
1827 2109 2799 2176 Gregory KellyWhom a famous English critic, leav¬
2106 2163 2810 2225 ing for England after the dedication
1374 2136 2105 2210 Marquis de Lansac Fuller Mellish
1386 2206 2808 2266 Severine Miss Marle Maddern exereises at the New theatre, re¬
1392 2242 2821 2295 RollihR. W. Tucker lferred as “that wonderful, wonderful
1384 2287 2834 2368 Prospere. Heury Stephenson!woman, of yours, Minnie Mäddery
1390 2305 2104 2366 Henrl. Holbrook Blinn
2109 2331 2259 2399 Fiske.“
1396 2345 2100 2395 Gulllaume R. Owen Meech
1389 2367 2107 2440 Scaevola Paul Scardon
2125 2351 2829 2442 To Holbrook Blinn fell some ofsthe
1387 2408 2814 2487 Jules Harold Mathewsmost exquisite passages in Hannele“
1399 2458 2096 2512 Michette. Miss Helena Van Brugh
2111 2464 2815 2531 and he read them beautifully. Alice
1401 2493 2096 2547 Flipote. Miss Veda MeEvers
2104 2506 2833 2569 John was an admirable Sister Martha.
1388 2528 2087 2586 Leocadie Miss Allee John
1389 2564 2101 2617 Grasset Sheldon Lewis
2135 2557 2814 2621 Hannele'’ was preceded by a one¬
1376 2584 2098 2642 Lebret Robert Owen
2098 2586 2813 2664 act play by Arthur Schnitzler,The
1386 2636 2090 2683 Grain Wilfred Buckland
1395 2661 2817 2713 The Commissaire. T. N. HertronGreen Cockatco An amusing enpüghi
2095 2695 2816 2758 story 5r Paris in 1789 is told imrather
1415 2731 2812 2810 At the Lyceum theatre last night long-winded fashion,—but on the
1383 2753 2801 2834 Mrs. Fiske presented Gerhart Haupt- whole the piece is amtsing. It für¬
1392 2825 2828 2869 mann’s poem-play,Hannele.“ Near- nished Edward Mackay, Holbrook:
1388 2857 2821 2942 Iy fifteen years ago this same Haupt- Blinn, Alfred Buckland, Allce John.
1383 2904 2812 2966 mann play had an inadequate produc- Henry Stephenson and Fuller Mellish
1382 2947 2825 3013 tion here in New Vork, one year after some excellent acting opportunities,
1393 3000 2834 3076 its premiere on the continent. Sine,, of which they availed themselves well.
1391 3055 2107 3112 that Broadway production, howerer,
1391 3086 2118 3159 facilities for mounting an entertain¬
1392 3133 2141 3192 ment made of such delicate fiber have
1387 3177 2119 3238 improved vastly, and it is needless te
1381 3225 2113 3286 say that Harrison Grey Fiske has
1381 3273 2130 3339 taken advantage of every excellent
1388 3313 1972 3371 facility in admirable fashion.
1414 3332 2125 3422 Into a squalid room in the little
1385 3393 2119 3466 almshouse of a Silesian' village, in
1382 3443 2118 3507 the heart of arterrific storm, a child
1378 3481 2119 3560 is brought, her body covered with
1376 3525 2120 3595 scars, She is Hannele, the little
1382 3566 2111 3634 daughter of Mattern, the village bully
1379 3619 2116 3685 and drunkard. Beaten and starved
1381 3655 2119 3727 since her mother’s death a few weeks
1384 3714 2120 3772 before, the girl, after being sent out
1361 3752 2130 3828 into the storm by Mattern, throws
