3392 4352
1168 805 1278 873 Für
1273 163 2547 216 der Buchausgabe voranstellte: „Wir spielen immer; wer es weiß, ist klag.“
1276 201 2557 263 Vielleicht hätte er seine Absicht, faßt möchte ich sagen die Tendenz, noch
1266 249 2548 319 klarer ausgedrückt, wenn er den Satz im Zusammenhange abgedruckt hättz,
1262 299 1852 363 in dem ihn Paracelsus spricht:
1515 328 2310 401 Es fließen in einander Traum und Wachen,
1520 385 2321 435 Wahrheit und Lüge. Sicherheit ist nirgends.
1509 415 2322 476 Wir wissen nichts von Anhern, nichts von uns.
1511 461 2269 520 Wir spielen immer, wor es weiß, ist klug.
1324 492 2548 548 Vielleicht auch hätte eine andere Stelle aus dem Paraceisus die Ider
1278 548 2554 616 aller drei Stücke noch klarer ausgebrückt: „Mehr als die Wahrheit, die da
1282 592 2554 643 was und sein wird, ist Wahn, der ist. ...“ Alle drei Stücke sind
1276 645 2557 711 Glossen zu demselben Thema: die ganze Welt, die Menschen und Dinge um
1282 680 2566 738 uns sind für uns nur das, was wir von ihnen wähnen. Schnitzler hat in
1271 734 2564 798 den drei Stüicken vie drei Fälle entweder auf Grund absichtlicher Be¬
1285 782 2569 848 rechnung und Konstruktion oder nur auf Grund dichterischer Inspiration
1281 828 2567 895 gesondert behandelt, denen am ehesten sich Schein und Wahrheit, Traum
1287 876 2569 937 und Wirklichkeit verwischen. In der „Gefährtin“ handelt es sich um eine
1284 928 2581 978 Tragödie der Autosuggestion, um den Wahn, in dem ein Mann
1286 958 2569 1029 sich das Bild seiner treulosen Gattin bis zu ihrem Tode als das einer
1291 1022 2625 1081 Märkyrerin ihrer Liebe ionstruirt. Im „Paracelsus“ wird die ganzda¬
1284 1062 2623 1127 moderne Form der Suggestion in der Hypnose, um etwa vier Jahr= den
1283 1116 2573 1169 hunderte zurückgeschraubt, in den Mittelpunkt der Handlung gestellt. Der¬
1287 1170 2569 1223 berühmteste Charlatan Theophrastus Bombastus Paracelsus zeigt einem
1292 1209 2636 1272 biedern, prahlsichtigen, philiströs stolzen Baseler Waffenschmied, auf wie mmn
1291 1265 2572 1315 schwachen Füßen sein Glauben an die Wirklichkeit eines felsenfesten Glückes
1278 1307 2562 1360 steht, er zeigt ihm, daß ein Traum oft mehr Wahrheit enthält, als wir uns
1288 1348 2570 1404 in Wahrheit träumen lassen. Im „Grünen Kakadu“ sind es bereits eine
1290 1400 2572 1456 Art Wahnvorstellungen fieberhaft erregter Geister, die die Grenzen
1281 1444 2580 1504 zwischen Sein und Schein, zwischen Spiel und Leben verwischen. Die
1288 1500 2574 1558 beiden anderen Einakter reichen an die dichterische Bedeutung und dra¬
1282 1533 2574 1595 matische Wirksamkeit des grünen Katadu niat heran, winn sie auch ihre
1281 1588 2580 1621 eigenen hoben Reize haben. In der „Gefährtin“ bewundern wer die feine
1290 1632 2578 1687 intime Kunst, mit der uns die triulose Dahingeschiedene greifbar deutlich
1281 1679 2558 1730 in ihrem selisamen Liebeswesen vor die Augen gezaubert wird. Im „Para¬
1284 1716 2560 1764 celsus“ bewundern wir die elegante Gewandheit, mit der der Dichter mit
1288 1761 2559 1821 Worten und Gedanken spielt; es erschient fast selbstverständlich, daß
1289 1811 2573 1875 der Dichter für diese Gedantenspielerei die Versform gewählt hat, die
1290 1858 2566 1919 alles glitzernder, zierlicher erscheinen läßt. Leider verpuffte grale
1281 1897 2565 1962 im „Paracelsus“ manches Schöne durch die Darstellung. Die feine Zur
1283 1945 2572 2010 spitzung des Kontrastes zwischen Körper und Geist, zwischen dem stolzen,
1291 1998 2570 2063 stttlichen gefesteten Waffenschmied mit seiner fast brutalen strotzenden
1291 2041 2564 2121 Kraft und Gesundheit und dem hypaotikrinten Arzt, der durch die dämo¬
1286 2094 2568 2156 nische Kraft seines Geistes alle anderen Ceister unterjocht und und in
1293 2144 2582 2204 einem Kampfe siets Sieger bleiben wird, sobald er es selbst nur ernstlich
1291 2183 2577 2255 will. Here Lehrmann gab den Cyprian doch zu sehr als gutmnüthigen
1283 2240 2575 2302 Prahlhans, als daß is für einen Pararelsuß sehr der Mühe hätte lohnen
1295 2295 2568 2349 können, ihn seine Macht fühlen zu lassen. Und nun erst der Paracelsus
1295 2331 2580 2405 des Herrn Höfer. Das war ein schnurrig's Gemisch von Basilio aus
1297 2386 2568 2439 dem „Figaro“ und einem civilisirten Mephisto. Herr Höfer ließ sich als
1293 2423 2577 2485 gebildeter Mann vermuthlich durch die historische Auffassung des Paracelsuk
1297 2475 2568 2542 als eines kecken Gauklers und prahlerischen Cyarlatans beirren. In den
1293 2523 2552 2599 Schnitzlerschen Stücke ist der berühmte Mann aber einer von den wirklich
1291 2566 2569 2640 Großen im Reiche des Geistes; wie ein Sturmwind kommt er, der die
1291 2613 2570 2674 Thore der Seelen für einen Augenblick aufreißt und jeden einen Blick hinein
1300 2675 2564 2736 thun läßt in diese sonst verschlossenen Regionen. Die weibliche H auptrolle
1303 2719 2562 2777 die Justina, war bei Fräulein Gabri gut aufgehoben; Fräuleir
1297 2773 2555 2830 Jurberg sekundirte ihr als Caecilia gleichfalls ganz gut, wenn auch bi
1294 2810 2555 2867 offiziell: Backfischdarstellerin hier wohl besser am Platze gewesen wär
1303 2858 2551 2921 Herr Träger gab den Junker Anselm mit gutem Anstand und warmer
1287 2904 2568 2957 Ton. — Die Darstellung der „Gefährtin“ war einheitlicher in der Stim
1296 2955 2570 3030 mung. Herr Johow gab den armen Professor, der erst nach dem Tob
1301 2998 2567 3063 der Frau Klurheit gewinnt, wie unendlich fern sie ihm gestanden, di
1301 3054 2575 3110 „zufällig in seinem Hause gestorben“ in vornehmer Zurückhaltung un
1301 3110 2569 3163 männlichem Selbstbewußtsein. Die kleinen Rollen wurden durch Fräulei
1299 3143 2565 3220 Gabri und Herrn Lettinger gut durchgeführt. Wenn trotz der Fein
1307 3190 2568 3269 heit des Stückes und der im allgemeinen stimmungsvollen Darstellung
1295 3240 2568 3304 am Schlusse einige Leute glaubten zischen zu müssen, was übrigens nur dei
1299 3299 2574 3349 Beifall der großen Majorität verstärkte, so ist dem wohl kaum erheblich
1305 3334 2570 3391 Bedeutung beizumessen. Es giebt im Theater immer Leute, die klatschen
1310 3385 2578 3455 wenn etwas sehr Tugendhaftes gesagt und gethan wird, im umgekehrter
1309 3450 2575 3505 Falle aber ihre sittliche Entrüstung über moralische Defekte äußern. Offen¬
1310 3471 2581 3530 bac verschnupfte es einige, daß sich der Professor Pilgram mit so viel
1306 3531 2580 3583 Seelengröße und Seelenruhe in sein Schicksal fand; vermuthlich hatte
1309 3584 2579 3636 man gehofft, daß er mindestens einen todischießen würde, im Nothfalle sich
1305 3622 2584 3697 selbst. Aber so! — Den Schluß der Vorstellung bilde „Der grüne
2358 3660 2595 3754 ——
1309 3682 1497 3750 Kakadu“.
1458 3710 1624 3777 E
