3484 4256
781 169 1323 246 uene Kakadu
247 176 1306 278 9.3. Der #Ke
1018 1174 1531 1242 „. Nbr Velerdungsmog¬
436 1212 1519 1278 # mm Huchlfragen von heute und für die Zukunft“ sprechen.
390 1267 1526 1313 Im Rahmen der Märkischen Vorträge wird Oskar Bolle am
367 1280 1519 1355 November, abends 8¼ Uhr im Hörsaal des Kunstgewerbe¬
345 1345 1528 1391 useums „Die Spree“ auf einer malerischen, von 110 Licht¬
346 1383 1486 1424 ildern in natürlichen Farben begleiteten Wanderung schildern.
390 1424 1515 1465 Die Ortsgruppe Wilmersdorf der Deutsch¬
346 1457 1520 1510 Kationalen Volkspartei veranstaltet am 6. November,
309 1476 1523 1556 Ibends 8 Uhr im 4. Lyzeum, Weimarischestr. 21—24, Ecke Mainzer¬
339 1538 1522 1590 raße, eine öffentliche Versammlung, in der Graf Westarp
346 1619 418 1659 Shre
356 1633 1031 1729 in Pradssische #-lien Nel
1036 1586 1532 1761 WH
421 1759 1222 1841 ADTRus den Theatern.
368 1828 1518 1895 f Sch. Im Lessingtheater schien am Sonnabend die demnächst
346 1872 1523 1936 eider scheidende Spielleitung Barnowsky uns den Abschied
350 1918 1522 1967 besonders schwer machen zu wollen, denn sowohl die Strindberg¬
343 1960 1523 2005 Aufführung des „Fräulein Julie“ wie die Schnitzler=Dar¬
329 1993 1526 2057 Stellung des „Grünen Kakadu“ atmeten einen künstlerischen
319 2055 1527 2098 Geist und edlen Ernst, den man in der zweifelsohne immer übler
318 2076 1527 2130 werdenden Zukunft Berlins schwer wird missen wollen. Ueber alle
307 2116 1515 2172 #Maßen gelungen war die starke Strindberg=Aufführung insofern,
329 2157 1523 2211 als sie die schwüle Luft der Johannisnacht, die hoffnungslos=irre
324 2198 1532 2260 Angst der so tief gefallenen Aristokratie in geradezu herzbeklemmen¬
323 2228 1518 2286 der Weise festzuhalten wußte. Mochten Fran Dupien“ — man
320 2260 1524 2310 wird bei ihr die für einen ganz bestimmten Kunstzweig hoch¬
324 2307 1524 2374 begnadete Könnerin und die werktätige Gönnerin des Kommunis¬
330 2360 1522 2409 mus von nun an immer unterscheiden müssen — und Herr
321 2399 1520 2449 Klöpfer mitunter die Farben zu stark aufgetragen haben, die
339 2429 1522 2479 tie#sringliche, atemraubende Wirkung dieses dramatischen
357 2483 1527 2527 #rstückes haben sie uns geradezu eingehämmert. In ihrer
323 2507 1515 2542 j#Emen Erscheinung war Frau Durieux gewiß nicht der In¬
329 2544 1512 2598 begriff einer Tochter aus adeligem Hause, aber wie sie die Ver¬
327 2586 1521 2644 irrung einer irregekei#en Weibesnatur, wie sie die jagende Angst
342 2620 1516 2678 einer Tiefgefallenen verkörperte, das war große und reife,
333 2664 1515 2705 war allerstärkste Kunst. Von Frau Ilka Grüning darf man,
337 2708 1532 2761 wenn man sie schätzt und liebt, diesmal ausnahmsweise nicht
343 2726 1523 2789 sprechen, Klöpfer war so sehr Domestik (viel zu wenig vielleicht sieg¬
339 2786 1521 2839 hafter Mann an sich), daß man förmlich schmerzhaft mitfühlte, wie
340 2831 1516 2874 so Einem der Klingelruf des Herrn durch Mark und Bein geht. ...
334 2863 1517 2917 Schnitzlers köstlich=groteskes Sittenbild aus den Tagen der Revo¬
337 2901 1513 2960 lution erschien nach der einheitlichen Stimmung des Strindberg¬
334 2944 1506 2992 Aktes-etwas zu laut, zu kraus, zu bunt, zu sehr auf äußerliche Wir¬
338 2977 1518 3028 kung gestellt. Und doch wehten durch das Durcheinander der halb¬
345 3012 1524 3072 trunkenen Revolutionäre, der wirklichen und der echten Verbrecher,
338 3058 1520 3111 der hochmütig=höflichen Aristokraten der Klang der Carmagnole
339 3081 1530 3147 und der Pesthauch der Revolution. Am echtesten wurden freilich
337 3136 1526 3187 die Schauspieler dargestellt (wie sollte das auch Schauspielern nicht.
345 3171 1529 3236 gelingen), die Aristokraten dagegen waren meist zu matt im Touf
340 3215 1523 3262 und in der Farbe und ihre Darsteller (Frau Durieux wieder aus¬
346 3254 1528 3304 zunehmen, die eine glaubhafte Marquise des vorrevolutionären!
346 3295 1520 3361 Frankreich war) ließen nicht genug davon ahnen, wie stolz der
337 3321 1414 3390 Adel Frankreichs unter dem Fallbeil zu sterben wußte. ...
395 3372 1524 3444 Deutsches Opernhaus. Verdis unverwüstlicher „Trouba¬
338 3428 1526 3472 dour“ konnte bei seiner jüngsten Aufführung wieder einmal
347 3469 1545 3528 seine ganze urwüchsige Kraft entfalten. Dir Wirkung auf die
343 3502 1535 3581 Hörer bleibt doch immer dieselbe In der übarfnmnsaled#., c#
1458 165 1874 250 box 15/3
1932 479 3035 554 = Berliner Theater.] Für Frau Tilla Durieux, die
1864 533 3034 612 nach einem bewegten Münchener Zwischenspiel heimg'funden hat
1873 593 3027 639 (diesmal ans Lessing=Theater), wurden Strindberg und
1870 625 3017 671 Schnitzler ausgeboten. Beide Pale hatte sie eine wurmstichige
1859 651 3024 727 Artstökratt##splelen — in „Fräulein Julie“ die Com¬
1858 699 3021 762 tesse, die zur Domestikendirne wird, im „Grünen Kakadu“
1860 741 3013 790 die Marquise, die sich in Revolutionsstürmen einen blutjungen
1873 780 3010 838 Dachs aufgreift. Beide Male schlen sie Anregungen von den bil¬
1865 814 3023 871 denden Künsten empfangen zu haben und weiterzugehen: bei
1866 851 3015 901 Steindberg erinnerte sie an gewisse moderne Plastiken mit exorischem
1867 891 3020 950 Einschlag, bei Schnitzler wirkte sie wie aus einem Fragonard
1860 931 2632 978 herausgeschnitten. Sie ist im Zeichnerischen
2786 931 3016 989 Außenlinien,
1869 947 3028 1017 in der Geste Meisterin geblieben mägreut es ihr versagt war, für die
2740 1022 2807 1082 1
2965 1015 3072 1102 M
1883 1046 3066 1147 gestrauchelte Grafentochter Aeßtes Mitleid zu werben. An dem
1911 1096 3065 1168 Diener mit Emporkömmlingsneigungen bewährte sich  die urge¬
1910 1124 2679 1204 schlachte Kraft des Herrn Eugen Klöpfes
2763 1155 3067 1213 silich das Ge¬
1898 1173 3067 1236 walttätige stärker betonte als das Verführerische seiner Knechts¬
1906 1206 3056 1291 gestalt. Wenn Jean nur der gemeine Kerl ist, wird es schwer
1908 1251 3069 1347 glanbhaft, daß das Edelfräulein zu ihm herniedersteigt. Schnitz¬
1900 1288 3059 1376 lers virtuose Groteske, in der, wie vor zwanzig Jahren, Herr
1897 1326 3060 1412 Hanns Fischer seine Abart des groben Gottlieb zeigte, wurde
1901 1367 3051 1450 am Schluß durch den jetzt hierorts üblichen Pfiff ausgezeichnet.
1903 1401 3059 1488 Vielleicht lehnten sich die von der Gegenwart aufgeklärten Miß¬
1898 1443 3064 1532 vergnügten wider die Spielerei dieses artistischen Revolutions¬
1892 1477 2166 1526 stückchens auf.
2652 1689 2729 1781 □
2042 1702 2621 1818 Theafer und Musik
2643 1677 3067 1848 Tulnenet
2112 1786 2523 1873 Lessing=Theater
1806 1854 2926 1940 „Fräulein Julie“ von August Strind¬
1730 1908 2912 1991 berg. „Der grüne Kakadu“ von Arthur
1721 1967 2907 2038 Schni#ler= Spielleitung: Viktor Barnowsky.
1793 2022 2911 2091 Tilla Durieux hät den Schauplatz gewechselt. Von der
1723 2056 2905 2127 Münchener Räterepublitluft in den harmlosen Dunstkreis des
2928 2108 3055 2157 1 Ch
1729 2098 2891 2168 Berliner Theaters. Sie hat zugelernt seit sie einst von uns und
2910 2123 3006 2184 —2
1718 2123 2898 2216 der königsich preußischen Hofbühne schied. Unter Eisner und Lan¬
2895 2167 3070 2236 S
1717 2192 2900 2258 dauer hat sie ihr Röllchen gespielt und wahrt sich ihr Thema auch
1722 2236 2886 2302 unter Barnowsky Revolutionszauber hinter und vor den Kulissen.
1716 2278 2904 2343 Das Leben ein Spiel, das Spiel ein Leben! So ein offen be¬
1725 2309 2904 2389 tontes Bekenntnis gibt Nimbus und sorgt für Gesprächsstoff. Das
1723 2366 2900 2411 ganze Parkett spitzt das Ohr, wenn die Fortschrittsfreundin ins
1716 2408 2910 2477 Publikum ruft: „Es lebe die Freiheit!" (Als Edeldame bei
1721 2459 2908 2523 Schnitzler im Chorus des tobenden Pöbels). Und wenn sie das
1715 2487 2900 2574 gräfliche Fräulein mimt, das dem Lakaien verfällt. Fallender
1719 2544 2899 2609 Stand vom steigenden übertrumpft. Daz heißt feste Linie, das
1724 2581 2910 2659 fügt sich zusammen. Strindberg hat selbst gewünscht, daß sein
1724 2639 2891 2707 „Fräulein Julie“ vor Revolutionsmännern gespielt werde. Es
1723 2673 2895 2740 sind gesalzene Lehren darin, die ganz vortrefflich in soziale Um¬
1722 2706 2314 2771 kremplungszeiten hineinschallen.
1795 2754 2889 2809 Einige zischten zum Schluß nach dem Freiheitsruf. Durch¬
1714 2793 2903 2865 aus kein Anlaß. Das Spiel war unterhaltsam, wenn auch nicht
1715 2845 2896 2915 ganz in Bewegung. Die Durieux ist noch immer (oder jetzt erst
1722 2897 2896 2966 recht) Nummer Eins. Nicht ihr Bestes wird offenbar, wenn sie
1715 2925 2902 3004 geduckt, gedemütigt, qualzerkniescht einherwinseln muß. Ihr Ruhm
1711 2981 2899 3027 ist das tätige, nicht das leidende Sein. Ansangs, beim Sviel mit
1710 3020 2900 3099 dem Feuer zuckt es aus ihrem Rassekopf, wenn sie reizt, leckt
1718 3067 2892 3140 und die Fangarme auswirft. Dann nach dem Fall sinkt sie zu¬
1711 3113 2891 3175 sammen, schlapp, tränenzerflossen, mattgehetzt, hilflose Beute des
1713 3150 2895 3228 brutalen Bezwingers. Sie entgistet Strindberg. Er will keine
1710 3203 2884 3270 reumütige, er will eine sündhafte, wurmstichige Julie. Auch
1703 3226 2888 3316 Eugen Klöpfer nimmt der Strindbergschen Strenge die ätzende
1709 3278 2887 3354 Kraft. Sein Diener sprickt schwer wie ein Professor. Ein Tänzer,
1700 3329 2893 3396 Mädchenberücker und einstiger Hotelober hat schmiegsameren Ton
1717 3375 2893 3440 und leicht.ven Sinn. Ilka Grüning als Köchin Ch istine stand
1712 3407 2223 3475 diesmal an falscher Stelle.
1776 3459 2885 3527 Schnitziers genialer Revolutionsfilm flitzte geräuschvoll
1706 3493 2877 3556 in allen Farben vorüber. Witz, Dämonie, Schauer und Lust, die
1708 3550 2871 3612 im spukhaften Wirvel aus der Spelunke „Zum grünen Kakadu“.
1702 3590 2881 3662 herausgeistern, kamen grell, wenn auch lange nicht mit dem
1701 3639 2889 3709 nötig n grimmigen Gelächter zur Geltung. Hanns Fischer als
1704 3678 2880 3748 Wirt Prospäre, Dagny Servacs als Leocadie und Eugen
1702 3718 2873 3782 Klöpfer als Tantenmörder stellten die treffendsten Typen in
1697 3753 2927 3846 das wilde G webe ron Trug und Wirklichkeit. Conrad Veidt
1696 3808 2874 3896 bleibt der Kainzrolle des Henry mancherlei schuldig. J. L.
