<?xml version="1.0" encoding="UTF-8" standalone="yes"?>
<PcGts xmlns="http://schema.primaresearch.org/PAGE/gts/pagecontent/2013-07-15" xmlns:xsi="http://www.w3.org/2001/XMLSchema-instance" xsi:schemaLocation="http://schema.primaresearch.org/PAGE/gts/pagecontent/2013-07-15 http://schema.primaresearch.org/PAGE/gts/pagecontent/2013-07-15/pagecontent.xsd">
    <Metadata>
        <Creator>prov=University of Rostock/Institute of Mathematics/CITlab/Gundram Leifert/gundram.leifert@uni-rostock.de:name=ONB_Newseye_GT_M1+(htr_id=10810)::::v=2.4.2
prov=University of Rostock/Institute of Mathematics/CITlab/Tobias Gruening/tobias.gruening@uni-rostock.de:name=de.uros.citlab.module.baseline2polygon.B2PSeamMultiOriented:v=2.4.2
prov=University of Rostock/Institute of Mathematics/CITlab/Tobias Gruening/tobias.gruening@uni-rostock.de:name=/mnt/transkribus/LA/DEA/URO/LA_news_onb_att.pb:de.uros.citlab.segmentation.CITlab_LA_ML:v=2.4.2
Transkribus</Creator>
        <Created>2019-10-07T11:43:48.641+02:00</Created>
        <LastChange>2019-10-08T23:05:30.794+02:00</LastChange>
        <TranskribusMetadata docId="223987" pageId="9504406" pageNr="619" tsid="16613974" status="IN_PROGRESS" userId="40391" imgUrl="https://files.transkribus.eu/Get?id=ERDZQAZOEYVMKPCIIZWLHNKF&amp;fileType=view" xmlUrl="https://files.transkribus.eu/Get?id=ZKWOHUXHXLLBWQFIFUCVRBHL" imageId="6194620"/>
    </Metadata>
    <Page imageFilename="223987_0619.jpeg" imageWidth="3436" imageHeight="4256">
        <ReadingOrder>
            <OrderedGroup id="ro_1711447563463" caption="Regions reading order">
                <RegionRefIndexed index="0" regionRef="r1"/>
            </OrderedGroup>
        </ReadingOrder>
        <TextRegion orientation="0.0" id="r1" custom="readingOrder {index:0;}">
            <Coords points="214,199 214,3449 3355,3449 3355,199"/>
            <TextLine id="r1l1" custom="readingOrder {index:0;}">
                <Coords points="1938,240 2127,245 2172,227 2211,244 2280,232 2378,245 2403,241 2402,168 2210,167 2168,192 2119,168 1937,181"/>
                <Baseline points="1957,230 1982,228 2007,226 2032,224 2057,224 2082,223 2108,223 2133,223 2158,223 2183,223 2208,223 2233,223 2259,223 2284,223 2309,223 2334,222 2359,221 2385,219"/>
                <TextEquiv>
                    <Unicode>box 16/1</Unicode>
                </TextEquiv>
            </TextLine>
            <TextLine id="r1l2" custom="readingOrder {index:1;}">
                <Coords points="195,252 1752,267 1829,257 1830,187 195,168"/>
                <Baseline points="214,223 298,232 382,239 466,244 550,247 634,250 718,250 803,251 887,250 971,249 1055,247 1139,245 1223,244 1308,243 1392,242 1476,241 1560,242 1644,243 1728,246 1813,250"/>
                <TextEquiv>
                    <Unicode>9. 4. Der gruene Kakadu Zyklus</Unicode>
                </TextEquiv>
            </TextLine>
            <TextLine id="r1l3" custom="readingOrder {index:2;}">
                <Coords points="1941,1297 2175,1290 2173,1231 2131,1228 2114,1236 2065,1216 2019,1225 2009,1218 1992,1236 1974,1229 1964,1240 1940,1241"/>
                <Baseline points="1958,1276 1986,1273 2014,1271 2042,1270 2071,1269 2099,1269 2127,1269 2156,1270"/>
                <TextEquiv>
                    <Unicode>K</Unicode>
                </TextEquiv>
            </TextLine>
            <TextLine id="r1l4" custom="readingOrder {index:3;}">
                <Coords points="1740,1305 1831,1299 1826,1236 1792,1242 1780,1232 1735,1239"/>
                <Baseline points="1757,1283 1784,1279 1811,1279"/>
                <TextEquiv>
                    <Unicode>miert</Unicode>
                </TextEquiv>
            </TextLine>
            <TextLine id="r1l5" custom="readingOrder {index:4;}">
                <Coords points="1493,1312 1664,1308 1662,1231 1585,1233 1572,1244 1554,1240 1530,1248 1492,1249"/>
                <Baseline points="1511,1289 1538,1291 1565,1291 1592,1291 1619,1289 1646,1286"/>
                <TextEquiv>
                    <Unicode>S </Unicode>
                </TextEquiv>
            </TextLine>
            <TextLine id="r1l6" custom="readingOrder {index:5;}">
                <Coords points="2182,1331 3363,1302 3330,1258 2181,1293"/>
                <Baseline points="2200,1329 2257,1328 2314,1327 2371,1326 2428,1324 2486,1323 2543,1320 2600,1319 2657,1316 2714,1314 2772,1311 2829,1309 2886,1307 2943,1305 3000,1303 3058,1302 3115,1301 3172,1300 3229,1300 3286,1300 3344,1301"/>
                <TextEquiv>
                    <Unicode>das erste Mal, um ihr im Schlafzustand den Wahn einzu#lcelsus“. Viell</Unicode>
                </TextEquiv>
            </TextLine>
            <TextLine id="r1l7" custom="readingOrder {index:6;}">
                <Coords points="1244,1363 2190,1335 2189,1290 1243,1314"/>
                <Baseline points="1260,1356 1305,1354 1351,1353 1396,1352 1442,1350 1488,1349 1533,1347 1579,1346 1625,1344 1670,1343 1716,1341 1762,1340 1807,1338 1853,1337 1899,1335 1944,1333 1990,1332 2036,1330 2081,1329 2127,1327 2173,1325"/>
                <TextEquiv>
                    <Unicode>zitternden Stimmungen weiß er so duftig und zart in</Unicode>
                </TextEquiv>
            </TextLine>
            <TextLine id="r1l8" custom="readingOrder {index:7;}">
                <Coords points="2176,1379 3360,1337 3327,1300 3092,1290 2175,1338"/>
                <Baseline points="2194,1374 2251,1371 2308,1368 2366,1366 2423,1363 2481,1361 2538,1358 2595,1356 2653,1354 2710,1352 2768,1351 2825,1349 2882,1347 2940,1345 2997,1344 3055,1342 3112,1341 3169,1339 3227,1339 3284,1337 3342,1336"/>
                <TextEquiv>
                    <Unicode>flüstern, sie habe ihrem gestrengen Eheherrn mit einem Kontraft der be</Unicode>
                </TextEquiv>
            </TextLine>
            <TextLine id="r1l9" custom="readingOrder {index:8;}">
                <Coords points="1250,1400 2176,1392 2184,1328 1248,1351"/>
                <Baseline points="1267,1394 1312,1394 1357,1393 1402,1393 1447,1392 1492,1391 1537,1389 1582,1388 1627,1387 1672,1385 1718,1384 1763,1382 1808,1380 1853,1379 1898,1377 1943,1375 1988,1374 2033,1372 2078,1371 2123,1369 2169,1368"/>
                <TextEquiv>
                    <Unicode>Worte zu verkörpern, daß wir ihm unsere Bewunderung</Unicode>
                </TextEquiv>
            </TextLine>
            <TextLine id="r1l10" custom="readingOrder {index:9;}">
                <Coords points="2171,1425 3361,1380 3359,1338 2169,1373"/>
                <Baseline points="2189,1413 2246,1410 2304,1407 2361,1405 2419,1402 2477,1400 2534,1399 2592,1396 2650,1394 2707,1393 2765,1390 2823,1389 2880,1387 2938,1385 2996,1384 3053,1382 3111,1381 3169,1379 3226,1377 3284,1376 3342,1374"/>
                <TextEquiv>
                    <Unicode>galanten Junker die Treue gebrochen; das zweite Mal, da- hier ergeht, zi</Unicode>
                </TextEquiv>
            </TextLine>
            <TextLine id="r1l11" custom="readingOrder {index:10;}">
                <Coords points="292,1423 1187,1427 1263,1401 1262,1325 874,1356 769,1330 651,1364 385,1345 292,1385"/>
                <Baseline points="310,1417 356,1417 403,1417 450,1417 496,1417 543,1417 590,1417 636,1417 683,1417 730,1416 777,1416 823,1415 870,1414 917,1413 963,1412 1010,1410 1057,1408 1103,1405 1150,1402 1197,1400 1244,1396"/>
                <TextEquiv>
                    <Unicode>Ein Schnitzler=Abend im Residenztheater.</Unicode>
                </TextEquiv>
            </TextLine>
            <TextLine id="r1l12" custom="readingOrder {index:11;}">
                <Coords points="1247,1444 1656,1420 1655,1385 1634,1382 1246,1402"/>
                <Baseline points="1265,1433 1291,1432 1318,1432 1345,1431 1371,1430 1398,1429 1425,1429 1452,1429 1478,1428 1505,1428 1532,1427 1558,1426 1585,1425 1612,1424 1639,1423"/>
                <TextEquiv>
                    <Unicode>nicht versagen können.</Unicode>
                </TextEquiv>
            </TextLine>
            <TextLine id="r1l13" custom="readingOrder {index:12;}">
                <Coords points="2185,1451 3365,1419 3364,1381 3102,1368 2184,1409"/>
                <Baseline points="2202,1445 2259,1444 2316,1442 2373,1440 2430,1439 2488,1437 2545,1435 2602,1433 2659,1432 2716,1430 2774,1428 2831,1427 2888,1425 2945,1423 3002,1422 3060,1420 3117,1418 3174,1416 3231,1415 3288,1413 3346,1410"/>
                <TextEquiv>
                    <Unicode>mit sie einmal ihrem Gemahl die volle Wahrheit sage — Holzschnittmar</Unicode>
                </TextEquiv>
            </TextLine>
            <TextLine id="r1l14" custom="readingOrder {index:13;}">
                <Coords points="1287,1472 2153,1455 2181,1451 2180,1402 1819,1396 1733,1426 1697,1400 1618,1430 1286,1441"/>
                <Baseline points="1303,1467 1346,1467 1389,1467 1432,1467 1475,1467 1518,1466 1561,1465 1604,1464 1647,1463 1690,1461 1733,1460 1776,1458 1819,1456 1862,1455 1905,1453 1948,1451 1991,1449 2034,1447 2077,1446 2120,1444 2163,1442"/>
                <TextEquiv>
                    <Unicode>Ein alter Professor, der um die Untreue seiner viel</Unicode>
                </TextEquiv>
            </TextLine>
            <TextLine id="r1l15" custom="readingOrder {index:14;}">
                <Coords points="2184,1492 3203,1475 3362,1422 2182,1447"/>
                <Baseline points="2202,1484 2259,1482 2316,1480 2373,1479 2431,1477 2488,1476 2545,1474 2602,1473 2660,1471 2717,1470 2774,1468 2831,1467 2889,1465 2946,1464 3003,1461 3060,1459 3118,1457 3175,1455 3232,1453 3289,1450 3347,1446"/>
                <TextEquiv>
                    <Unicode>die Wahrheit, daß sie einst Paracelsus heiß geliebt, jetzt gute Portion #</Unicode>
                </TextEquiv>
            </TextLine>
            <TextLine id="r1l16" custom="readingOrder {index:15;}">
                <Coords points="333,1505 1255,1464 1254,1436 1156,1414 332,1443"/>
                <Baseline points="352,1491 396,1488 440,1486 484,1484 529,1482 573,1481 617,1479 662,1478 706,1478 750,1477 795,1476 839,1476 883,1475 927,1475 972,1474 1016,1473 1060,1472 1105,1471 1149,1470 1193,1469 1238,1467"/>
                <TextEquiv>
                    <Unicode>„Die Gefährtin“ — „Paracelsus“ — „Der</Unicode>
                </TextEquiv>
            </TextLine>
            <TextLine id="r1l17" custom="readingOrder {index:16;}">
                <Coords points="3108,1508 3157,1497 3168,1504 3258,1495 3280,1505 3318,1493 3367,1496 3366,1447 3327,1451 3310,1462 3226,1453 3216,1461 3146,1462 3139,1455 3108,1467"/>
                <Baseline points="3125,1496 3153,1493 3181,1490 3209,1489 3237,1488 3265,1487 3293,1488 3321,1489 3349,1491"/>
                <TextEquiv>
                    <Unicode>z. B. Herrn ##</Unicode>
                </TextEquiv>
            </TextLine>
            <TextLine id="r1l18" custom="readingOrder {index:17;}">
                <Coords points="1243,1523 2186,1493 2184,1430 1242,1477"/>
                <Baseline points="1261,1510 1306,1509 1351,1509 1396,1508 1442,1507 1487,1506 1532,1505 1578,1504 1623,1502 1668,1501 1714,1500 1759,1499 1804,1497 1849,1495 1895,1494 1940,1492 1985,1490 2031,1488 2076,1486 2121,1483 2167,1481"/>
                <TextEquiv>
                    <Unicode>jüngeren Gattin gewußt, aber als weiser Lebenskenner</Unicode>
                </TextEquiv>
            </TextLine>
            <TextLine id="r1l19" custom="readingOrder {index:18;}">
                <Coords points="2178,1530 3111,1505 3109,1456 2177,1485"/>
                <Baseline points="2197,1521 2241,1521 2286,1520 2331,1519 2376,1519 2421,1518 2466,1517 2510,1516 2555,1515 2600,1514 2645,1513 2690,1511 2735,1510 2780,1508 2824,1506 2869,1504 2914,1502 2959,1500 3004,1498 3049,1496 3094,1494"/>
                <TextEquiv>
                    <Unicode>aber in ihrer ruhigen Ehe mit Meister Cyprian recht glück¬</Unicode>
                </TextEquiv>
            </TextLine>
            <TextLine id="r1l20" custom="readingOrder {index:19;}">
                <Coords points="591,1532 741,1546 786,1528 814,1548 846,1537 870,1551 940,1521 975,1548 1041,1547 1040,1477 1005,1464 967,1493 925,1476 590,1486"/>
                <Baseline points="607,1528 633,1527 659,1526 685,1524 711,1524 737,1522 763,1521 789,1521 816,1519 842,1519 868,1519 894,1518 920,1518 946,1519 972,1519 998,1520 1025,1521"/>
                <TextEquiv>
                    <Unicode>grüne Kakadu“. 11</Unicode>
                </TextEquiv>
            </TextLine>
            <TextLine id="r1l21" custom="readingOrder {index:20;}">
                <Coords points="3106,1540 3172,1537 3187,1551 3221,1535 3263,1533 3270,1540 3277,1533 3309,1552 3319,1541 3361,1536 3359,1494 3265,1491 3223,1504 3157,1496 3105,1509"/>
                <Baseline points="3125,1537 3152,1535 3179,1532 3207,1532 3234,1530 3261,1530 3289,1529 3316,1528 3344,1526"/>
                <TextEquiv>
                    <Unicode>ganz und gar</Unicode>
                </TextEquiv>
            </TextLine>
            <TextLine id="r1l22" custom="readingOrder {index:21;}">
                <Coords points="1255,1550 2173,1528 2172,1489 1254,1519"/>
                <Baseline points="1273,1552 1317,1550 1361,1549 1405,1548 1449,1546 1494,1545 1538,1545 1582,1544 1626,1543 1670,1542 1715,1541 1759,1540 1803,1539 1847,1537 1891,1535 1936,1534 1980,1532 2024,1529 2068,1526 2112,1523 2157,1518"/>
                <TextEquiv>
                    <Unicode>großmüthig dazu geschwiegen hat, erfährt nach dem Tode</Unicode>
                </TextEquiv>
            </TextLine>
            <TextLine id="r1l23" custom="readingOrder {index:22;}">
                <Coords points="2191,1570 3068,1546 3102,1537 3101,1496 2190,1528"/>
                <Baseline points="2208,1561 2251,1561 2295,1559 2339,1559 2383,1557 2427,1556 2470,1555 2514,1553 2558,1552 2602,1551 2646,1549 2689,1547 2733,1546 2777,1544 2821,1543 2865,1542 2908,1540 2952,1539 2996,1537 3040,1537 3084,1535"/>
                <TextEquiv>
                    <Unicode>lich sei. So rächt sich der edle Wunderdoktor an dem Zunft¬</Unicode>
                </TextEquiv>
            </TextLine>
            <TextLine id="r1l24" custom="readingOrder {index:23;}">
                <Coords points="3102,1574 3179,1579 3200,1561 3228,1578 3249,1570 3284,1576 3315,1561 3350,1568 3353,1533 3318,1533 3300,1520 3286,1534 3167,1534 3101,1550"/>
                <Baseline points="3121,1573 3147,1572 3174,1572 3201,1571 3228,1571 3255,1570 3282,1569 3309,1568 3336,1567"/>
                <TextEquiv>
                    <Unicode>ihn beim</Unicode>
                </TextEquiv>
            </TextLine>
            <TextLine id="r1l25" custom="readingOrder {index:24;}">
                <Coords points="345,1589 1267,1572 1266,1517 1234,1503 1193,1536 1056,1511 1008,1536 547,1525 505,1551 466,1520 439,1549 344,1526"/>
                <Baseline points="364,1577 408,1580 452,1582 496,1584 540,1585 585,1585 629,1585 673,1585 717,1585 761,1584 806,1582 850,1580 894,1579 938,1577 982,1575 1027,1573 1071,1571 1115,1569 1159,1567 1203,1566 1248,1564"/>
                <TextEquiv>
                    <Unicode>* Die Wienek Dichtung ist ein ganz sonderbares Misch¬</Unicode>
                </TextEquiv>
            </TextLine>
            <TextLine id="r1l26" custom="readingOrder {index:25;}">
                <Coords points="1269,1595 2117,1574 2187,1569 2186,1530 1267,1550"/>
                <Baseline points="1285,1587 1329,1586 1373,1586 1417,1585 1462,1584 1506,1584 1550,1583 1594,1582 1639,1581 1683,1580 1727,1579 1771,1578 1816,1577 1860,1575 1904,1573 1948,1572 1993,1570 2037,1567 2081,1565 2125,1563 2170,1560"/>
                <TextEquiv>
                    <Unicode>seiner Frau, daß auch diese neue Liebe für beide Betheiligten</Unicode>
                </TextEquiv>
            </TextLine>
            <TextLine id="r1l27" custom="readingOrder {index:26;}">
                <Coords points="2183,1606 3088,1597 3115,1592 3114,1536 2182,1565"/>
                <Baseline points="2202,1603 2246,1601 2291,1600 2336,1599 2380,1597 2425,1596 2470,1595 2514,1593 2559,1591 2604,1589 2649,1588 2693,1587 2738,1585 2783,1584 2827,1582 2872,1580 2917,1579 2961,1577 3006,1576 3051,1574 3096,1573"/>
                <TextEquiv>
                    <Unicode>meister, der in seinem nüchternen Sinn den Werth des</Unicode>
                </TextEquiv>
            </TextLine>
            <TextLine id="r1l28" custom="readingOrder {index:27;}">
                <Coords points="3101,1624 3119,1623 3129,1612 3143,1619 3237,1617 3300,1613 3317,1602 3339,1614 3359,1610 3357,1568 3321,1559 3294,1575 3270,1576 3202,1559 3183,1578 3098,1572"/>
                <Baseline points="3119,1615 3146,1611 3174,1608 3202,1606 3230,1604 3257,1603 3285,1602 3313,1602 3341,1601"/>
                <TextEquiv>
                    <Unicode>Bombastus</Unicode>
                </TextEquiv>
            </TextLine>
            <TextLine id="r1l29" custom="readingOrder {index:28;}">
                <Coords points="1269,1631 2191,1608 2189,1570 2137,1564 1267,1582"/>
                <Baseline points="1285,1624 1329,1624 1373,1623 1418,1623 1462,1622 1507,1621 1551,1620 1595,1620 1640,1619 1684,1617 1729,1617 1773,1615 1817,1614 1862,1612 1906,1610 1951,1609 1995,1607 2039,1606 2084,1603 2128,1601 2173,1599"/>
                <TextEquiv>
                    <Unicode>nur eine flüchtige Spielerei gewesen ist. Was bleibt ihm</Unicode>
                </TextEquiv>
            </TextLine>
            <TextLine id="r1l30" custom="readingOrder {index:29;}">
                <Coords points="306,1638 1266,1610 1265,1572 940,1563 305,1596"/>
                <Baseline points="323,1632 369,1631 415,1629 462,1628 508,1627 554,1626 601,1625 647,1624 693,1623 740,1622 786,1621 832,1620 879,1619 925,1618 971,1617 1018,1615 1064,1614 1110,1612 1157,1611 1203,1609 1250,1607"/>
                <TextEquiv>
                    <Unicode>gewächs. Sie gleicht einem verschnittenen Landwein, dem</Unicode>
                </TextEquiv>
            </TextLine>
            <TextLine id="r1l31" custom="readingOrder {index:30;}">
                <Coords points="2181,1647 2988,1624 2987,1585 2924,1577 2180,1598"/>
                <Baseline points="2200,1636 2238,1636 2277,1636 2315,1635 2354,1635 2392,1634 2431,1634 2469,1633 2508,1632 2546,1631 2585,1630 2624,1629 2662,1628 2701,1627 2739,1625 2778,1624 2816,1622 2855,1620 2893,1618 2932,1616 2971,1614"/>
                <TextEquiv>
                    <Unicode>Wahns und des Augenblicks nicht begreifen will.</Unicode>
                </TextEquiv>
            </TextLine>
            <TextLine id="r1l32" custom="readingOrder {index:31;}">
                <Coords points="3102,1651 3141,1657 3242,1647 3260,1660 3270,1650 3298,1649 3361,1658 3360,1613 3335,1613 3325,1603 3276,1604 3241,1591 3210,1609 3102,1623"/>
                <Baseline points="3119,1650 3147,1648 3175,1647 3203,1645 3231,1645 3259,1644 3287,1644 3315,1644 3343,1644"/>
                <TextEquiv>
                    <Unicode>der den protzig</Unicode>
                </TextEquiv>
            </TextLine>
            <TextLine id="r1l33" custom="readingOrder {index:32;}">
                <Coords points="1268,1673 2200,1644 2198,1592 1266,1627"/>
                <Baseline points="1286,1665 1330,1664 1375,1662 1420,1661 1465,1660 1510,1659 1555,1658 1599,1657 1644,1656 1689,1655 1734,1654 1779,1653 1824,1651 1869,1650 1913,1648 1958,1647 2003,1645 2048,1642 2093,1640 2138,1637 2183,1634"/>
                <TextEquiv>
                    <Unicode>übrig, als nach einem letzten Seufzer über seine Selbst¬</Unicode>
                </TextEquiv>
            </TextLine>
            <TextLine id="r1l34" custom="readingOrder {index:33;}">
                <Coords points="302,1683 1269,1658 1268,1613 301,1641"/>
                <Baseline points="320,1670 366,1669 413,1668 459,1667 506,1666 552,1666 599,1665 645,1664 692,1663 738,1662 785,1661 831,1660 878,1659 924,1658 971,1656 1017,1655 1064,1653 1110,1651 1157,1648 1203,1646 1250,1644"/>
                <TextEquiv>
                    <Unicode>beides zusammen, die fremde Traube, die ihm beigekeltert</Unicode>
                </TextEquiv>
            </TextLine>
            <TextLine id="r1l35" custom="readingOrder {index:34;}">
                <Coords points="2287,1684 3000,1682 3024,1677 3022,1608 2967,1634 2286,1659"/>
                <Baseline points="2305,1685 2340,1684 2375,1684 2410,1683 2445,1683 2480,1682 2515,1681 2550,1680 2585,1679 2620,1678 2656,1676 2691,1676 2726,1674 2761,1673 2796,1671 2831,1669 2866,1669 2901,1667 2936,1666 2971,1665 3007,1663"/>
                <TextEquiv>
                    <Unicode>„Es fließen ineinander Traum und Wachen,</Unicode>
                </TextEquiv>
            </TextLine>
            <TextLine id="r1l36" custom="readingOrder {index:35;}">
                <Coords points="3104,1685 3209,1697 3216,1689 3272,1695 3352,1680 3351,1652 3254,1643 3191,1652 3180,1645 3103,1650"/>
                <Baseline points="3123,1688 3149,1686 3175,1685 3201,1685 3228,1685 3254,1685 3280,1685 3306,1683 3333,1681"/>
                <TextEquiv>
                    <Unicode>teristisch gab,</Unicode>
                </TextEquiv>
            </TextLine>
            <TextLine id="r1l37" custom="readingOrder {index:36;}">
                <Coords points="1262,1711 2177,1687 2200,1637 1261,1673"/>
                <Baseline points="1281,1703 1326,1702 1371,1702 1416,1701 1461,1700 1506,1699 1551,1698 1596,1697 1641,1696 1686,1694 1732,1693 1777,1692 1822,1690 1867,1689 1912,1687 1957,1685 2002,1683 2047,1682 2092,1679 2137,1677 2183,1675"/>
                <TextEquiv>
                    <Unicode>täuschung die Unwürdige zu vergessen? Vielleicht hätte</Unicode>
                </TextEquiv>
            </TextLine>
            <TextLine id="r1l38" custom="readingOrder {index:37;}">
                <Coords points="314,1714 1201,1698 1257,1689 1256,1644 313,1676"/>
                <Baseline points="331,1710 376,1709 421,1708 467,1707 512,1706 558,1705 603,1704 649,1703 694,1702 740,1702 785,1701 830,1700 876,1699 921,1697 967,1696 1012,1695 1058,1693 1103,1690 1149,1688 1194,1686 1240,1683"/>
                <TextEquiv>
                    <Unicode>ist, und der Erdgeruch des mütterlichen Bodens den eigen¬</Unicode>
                </TextEquiv>
            </TextLine>
            <TextLine id="r1l39" custom="readingOrder {index:38;}">
                <Coords points="2241,1729 2960,1713 3005,1704 3003,1638 2826,1672 2239,1677"/>
                <Baseline points="2259,1725 2295,1724 2332,1723 2368,1723 2405,1722 2441,1721 2478,1720 2514,1719 2551,1718 2587,1717 2624,1716 2660,1715 2697,1714 2733,1712 2770,1711 2806,1710 2843,1708 2879,1706 2916,1704 2952,1702 2989,1699"/>
                <TextEquiv>
                    <Unicode>Wahrheit und Lüge. Sicherheit ist nirgends.</Unicode>
                </TextEquiv>
            </TextLine>
            <TextLine id="r1l40" custom="readingOrder {index:39;}">
                <Coords points="3105,1736 3263,1734 3293,1721 3311,1731 3360,1728 3357,1672 3323,1685 3273,1673 3253,1692 3211,1695 3102,1684"/>
                <Baseline points="3123,1729 3150,1727 3178,1725 3205,1723 3233,1722 3260,1721 3288,1719 3315,1717 3343,1715"/>
                <TextEquiv>
                    <Unicode>tonte jedes W</Unicode>
                </TextEquiv>
            </TextLine>
            <TextLine id="r1l41" custom="readingOrder {index:40;}">
                <Coords points="1271,1745 2203,1710 2201,1665 2128,1663 1979,1699 1814,1676 1270,1706"/>
                <Baseline points="1287,1743 1334,1741 1381,1739 1428,1738 1476,1737 1523,1736 1570,1735 1618,1734 1665,1733 1712,1732 1760,1731 1807,1730 1854,1729 1902,1727 1949,1725 1996,1723 2044,1721 2091,1719 2138,1715 2186,1712"/>
                <TextEquiv>
                    <Unicode>ein anderer Dichter diesen einfachen Stoff zu einer er¬</Unicode>
                </TextEquiv>
            </TextLine>
            <TextLine id="r1l42" custom="readingOrder {index:41;}">
                <Coords points="302,1756 1266,1732 1264,1686 301,1707"/>
                <Baseline points="320,1750 366,1749 412,1747 459,1747 505,1745 552,1745 598,1744 645,1743 691,1742 738,1741 784,1740 830,1739 877,1737 923,1736 970,1734 1016,1733 1063,1731 1109,1729 1156,1726 1202,1723 1249,1720"/>
                <TextEquiv>
                    <Unicode>thümlichen prickelnden Reiz gibt. Jeder, der solchen Trunk</Unicode>
                </TextEquiv>
            </TextLine>
            <TextLine id="r1l43" custom="readingOrder {index:42;}">
                <Coords points="2248,1766 2862,1744 2971,1769 3037,1746 3036,1707 2247,1731"/>
                <Baseline points="2267,1763 2304,1763 2342,1761 2380,1761 2417,1760 2455,1759 2493,1758 2530,1757 2568,1756 2606,1755 2644,1754 2681,1753 2719,1752 2757,1751 2794,1750 2832,1748 2870,1747 2907,1745 2945,1743 2983,1741 3021,1739"/>
                <TextEquiv>
                    <Unicode>Wir wissen nichts von Andern, nichts von uns.</Unicode>
                </TextEquiv>
            </TextLine>
            <TextLine id="r1l44" custom="readingOrder {index:43;}">
                <Coords points="3113,1772 3190,1773 3204,1766 3256,1774 3315,1761 3330,1771 3357,1763 3355,1711 3327,1712 3311,1730 3275,1724 3262,1732 3251,1722 3111,1730"/>
                <Baseline points="3129,1765 3155,1763 3182,1762 3208,1762 3235,1761 3261,1760 3288,1759 3314,1758 3341,1755"/>
                <TextEquiv>
                    <Unicode>aus dem Mun</Unicode>
                </TextEquiv>
            </TextLine>
            <TextLine id="r1l45" custom="readingOrder {index:44;}">
                <Coords points="1274,1789 1985,1757 2091,1778 2202,1764 2201,1712 1272,1744"/>
                <Baseline points="1290,1782 1334,1780 1379,1779 1423,1778 1468,1776 1513,1775 1557,1774 1602,1773 1647,1771 1691,1771 1736,1769 1781,1768 1825,1767 1870,1765 1915,1764 1959,1763 2004,1761 2049,1759 2093,1757 2138,1755 2183,1753"/>
                <TextEquiv>
                    <Unicode>schütternden Tragödie gestaltet. Schnitzler begnügt sich</Unicode>
                </TextEquiv>
            </TextLine>
            <TextLine id="r1l46" custom="readingOrder {index:45;}">
                <Coords points="313,1783 1267,1770 1266,1732 312,1752"/>
                <Baseline points="330,1789 375,1788 421,1786 467,1785 513,1783 559,1782 605,1781 651,1780 697,1779 743,1778 789,1777 834,1776 880,1774 926,1773 972,1772 1018,1770 1064,1768 1110,1767 1156,1765 1202,1763 1248,1760"/>
                <TextEquiv>
                    <Unicode>schlürft, spürt etwas Aehnliches heraus, aber nur der</Unicode>
                </TextEquiv>
            </TextLine>
            <TextLine id="r1l47" custom="readingOrder {index:46;}">
                <Coords points="2249,1811 2777,1811 2958,1789 2957,1751 2933,1744 2249,1776"/>
                <Baseline points="2267,1801 2300,1800 2334,1799 2367,1799 2401,1797 2435,1797 2468,1796 2502,1795 2535,1795 2569,1794 2603,1793 2636,1792 2670,1792 2703,1791 2737,1791 2771,1790 2804,1789 2838,1789 2871,1788 2905,1787 2939,1786"/>
                <TextEquiv>
                    <Unicode>Wir spielen immer; wer es weiß, ist klug.“</Unicode>
                </TextEquiv>
            </TextLine>
            <TextLine id="r1l48" custom="readingOrder {index:47;}">
                <Coords points="3116,1809 3273,1809 3297,1797 3308,1807 3357,1805 3355,1763 3331,1771 3316,1761 3271,1763 3257,1753 3212,1770 3198,1763 3188,1774 3177,1768 3114,1774"/>
                <Baseline points="3133,1807 3158,1805 3184,1803 3210,1801 3236,1800 3261,1799 3287,1798 3313,1798 3339,1797"/>
                <TextEquiv>
                    <Unicode>glücklichen T#</Unicode>
                </TextEquiv>
            </TextLine>
            <TextLine id="r1l49" custom="readingOrder {index:48;}">
                <Coords points="1275,1823 2207,1798 2206,1763 1975,1749 1274,1781"/>
                <Baseline points="1293,1819 1337,1818 1382,1817 1427,1815 1472,1814 1517,1813 1561,1812 1606,1811 1651,1810 1696,1808 1741,1807 1785,1805 1830,1804 1875,1803 1920,1801 1965,1799 2009,1798 2054,1796 2099,1795 2144,1793 2189,1792"/>
                <TextEquiv>
                    <Unicode>mit einer gedämpften Plauderei zur Dämmerstunde. Aber</Unicode>
                </TextEquiv>
            </TextLine>
            <TextLine id="r1l50" custom="readingOrder {index:49;}">
                <Coords points="315,1836 1265,1803 1264,1772 1197,1760 314,1784"/>
                <Baseline points="332,1827 377,1825 423,1825 469,1823 514,1822 560,1821 606,1820 651,1819 697,1818 743,1817 789,1816 834,1815 880,1814 926,1813 971,1811 1017,1810 1063,1808 1108,1806 1154,1804 1200,1802 1246,1800"/>
                <TextEquiv>
                    <Unicode>Kenner weiß ihn richtig zu würdigen und zu rubriziren.</Unicode>
                </TextEquiv>
            </TextLine>
            <TextLine id="r1l51" custom="readingOrder {index:50;}">
                <Coords points="3116,1848 3169,1854 3333,1841 3347,1855 3365,1854 3362,1781 3334,1785 3314,1807 3296,1797 3286,1808 3237,1809 3220,1799 3181,1801 3150,1816 3115,1810"/>
                <Baseline points="3133,1845 3159,1841 3186,1839 3213,1838 3240,1837 3266,1837 3293,1837 3320,1836 3347,1835"/>
                <TextEquiv>
                    <Unicode>legene genialg</Unicode>
                </TextEquiv>
            </TextLine>
            <TextLine id="r1l52" custom="readingOrder {index:51;}">
                <Coords points="1265,1861 2208,1844 2206,1789 1264,1819"/>
                <Baseline points="1281,1859 1326,1857 1371,1856 1417,1854 1462,1852 1508,1851 1553,1850 1598,1848 1644,1847 1689,1845 1735,1844 1780,1843 1825,1841 1871,1840 1916,1839 1962,1837 2007,1835 2052,1834 2098,1832 2143,1831 2189,1829"/>
                <TextEquiv>
                    <Unicode>das Halbdunkel, das über den Seelen der drei Menschen</Unicode>
                </TextEquiv>
            </TextLine>
            <TextLine id="r1l53" custom="readingOrder {index:52;}">
                <Coords points="2211,1848 2390,1870 3078,1843 3126,1834 3125,1789 2210,1809"/>
                <Baseline points="2230,1861 2273,1860 2317,1860 2361,1859 2405,1858 2449,1857 2493,1856 2536,1855 2580,1853 2624,1852 2668,1850 2712,1848 2756,1847 2800,1845 2843,1844 2887,1842 2931,1840 2975,1838 3019,1836 3063,1835 3107,1832"/>
                <TextEquiv>
                    <Unicode>Das ist in kurzen Worten die etwas wohlfeile Lebens¬</Unicode>
                </TextEquiv>
            </TextLine>
            <TextLine id="r1l54" custom="readingOrder {index:53;}">
                <Coords points="312,1877 1230,1851 1268,1846 1267,1801 311,1838"/>
                <Baseline points="329,1868 375,1866 421,1865 467,1863 513,1861 559,1860 605,1859 651,1857 697,1856 743,1855 789,1854 835,1853 881,1851 927,1850 973,1849 1019,1847 1065,1845 1111,1843 1157,1840 1203,1838 1249,1835"/>
                <TextEquiv>
                    <Unicode>Im vergangenen Winter hat Hermann Bahr, der wandel¬</Unicode>
                </TextEquiv>
            </TextLine>
            <TextLine id="r1l55" custom="readingOrder {index:54;}">
                <Coords points="3123,1885 3252,1886 3273,1875 3284,1885 3305,1885 3322,1874 3357,1880 3356,1846 3332,1839 3210,1852 3122,1850"/>
                <Baseline points="3142,1880 3170,1877 3198,1875 3226,1875 3254,1875 3282,1875 3310,1875 3339,1873"/>
                <TextEquiv>
                    <Unicode>dern mit verb</Unicode>
                </TextEquiv>
            </TextLine>
            <TextLine id="r1l56" custom="readingOrder {index:55;}">
                <Coords points="1262,1903 2209,1883 2208,1845 2116,1837 1261,1857"/>
                <Baseline points="1281,1899 1326,1897 1372,1896 1417,1894 1463,1893 1508,1891 1554,1890 1599,1889 1645,1887 1690,1886 1736,1885 1781,1884 1827,1882 1872,1881 1918,1879 1963,1878 2009,1876 2054,1874 2100,1872 2145,1871 2191,1868"/>
                <TextEquiv>
                    <Unicode>liegt, die sich hier, am Abend nach dem Begräbniß der</Unicode>
                </TextEquiv>
            </TextLine>
            <TextLine id="r1l57" custom="readingOrder {index:56;}">
                <Coords points="2201,1909 3056,1883 3126,1873 3125,1835 2199,1857"/>
                <Baseline points="2217,1903 2261,1901 2306,1900 2350,1899 2395,1897 2439,1896 2484,1895 2528,1893 2573,1892 2617,1891 2662,1889 2706,1888 2751,1886 2795,1885 2840,1883 2884,1881 2929,1879 2973,1878 3018,1875 3062,1873 3107,1871"/>
                <TextEquiv>
                    <Unicode>philosophie, die uns der Dichter in dem leichten Versspiele</Unicode>
                </TextEquiv>
            </TextLine>
            <TextLine id="r1l58" custom="readingOrder {index:57;}">
                <Coords points="322,1909 1264,1885 1270,1832 320,1867"/>
                <Baseline points="338,1906 383,1904 429,1903 475,1901 520,1899 566,1898 612,1897 657,1896 703,1894 749,1893 795,1893 840,1891 886,1890 932,1889 977,1887 1023,1886 1069,1884 1114,1883 1160,1881 1206,1879 1252,1876"/>
                <TextEquiv>
                    <Unicode>bare Protens der Moderne, der Halbfranzose von der</Unicode>
                </TextEquiv>
            </TextLine>
            <TextLine id="r1l59" custom="readingOrder {index:58;}">
                <Coords points="3122,1928 3153,1920 3185,1930 3237,1925 3251,1914 3279,1927 3324,1911 3338,1921 3366,1914 3364,1868 3333,1880 3323,1873 3246,1879 3232,1872 3120,1883"/>
                <Baseline points="3139,1920 3165,1919 3191,1917 3217,1916 3243,1916 3269,1915 3295,1915 3321,1914 3348,1912"/>
                <TextEquiv>
                    <Unicode>stützten ihn F</Unicode>
                </TextEquiv>
            </TextLine>
            <TextLine id="r1l60" custom="readingOrder {index:59;}">
                <Coords points="1277,1940 2202,1916 2200,1871 1275,1898"/>
                <Baseline points="1294,1940 1338,1936 1383,1934 1427,1932 1472,1930 1516,1928 1561,1927 1605,1925 1650,1924 1694,1923 1739,1922 1783,1921 1828,1919 1872,1919 1917,1918 1961,1917 2006,1916 2050,1914 2095,1913 2139,1911 2184,1909"/>
                <TextEquiv>
                    <Unicode>Frau, zum ersten Male offen aussprechen, ist mit all seinen</Unicode>
                </TextEquiv>
            </TextLine>
            <TextLine id="r1l61" custom="readingOrder {index:60;}">
                <Coords points="2205,1945 3134,1922 3132,1869 3048,1861 2204,1903"/>
                <Baseline points="2222,1940 2266,1939 2311,1937 2355,1936 2400,1935 2445,1934 2489,1933 2534,1932 2579,1931 2623,1930 2668,1929 2713,1928 2757,1926 2802,1925 2847,1924 2891,1922 2936,1920 2981,1919 3025,1917 3070,1914 3115,1911"/>
                <TextEquiv>
                    <Unicode>mit viel Behagen vorträgt. Doch ist der in Haus Sachs¬</Unicode>
                </TextEquiv>
            </TextLine>
            <TextLine id="r1l62" custom="readingOrder {index:61;}">
                <Coords points="312,1958 1272,1924 1270,1861 311,1905"/>
                <Baseline points="329,1943 375,1942 421,1941 468,1940 514,1939 560,1938 607,1937 653,1936 699,1934 746,1933 792,1931 838,1930 885,1928 931,1926 977,1925 1024,1924 1070,1922 1116,1920 1163,1918 1209,1916 1256,1915"/>
                <TextEquiv>
                    <Unicode>Donau, der seit anderthalb Jahrzehnten alle literarischen</Unicode>
                </TextEquiv>
            </TextLine>
            <TextLine id="r1l63" custom="readingOrder {index:62;}">
                <Coords points="3121,1962 3244,1965 3271,1953 3286,1963 3299,1955 3310,1962 3355,1960 3354,1908 3315,1916 3290,1903 3270,1915 3186,1914 3169,1929 3162,1922 3120,1924"/>
                <Baseline points="3138,1956 3166,1956 3194,1956 3222,1956 3251,1955 3279,1953 3307,1951 3336,1948"/>
                <TextEquiv>
                    <Unicode>Hypnose präg</Unicode>
                </TextEquiv>
            </TextLine>
            <TextLine id="r1l64" custom="readingOrder {index:63;}">
                <Coords points="1266,1979 2171,1960 2194,1900 1265,1934"/>
                <Baseline points="1285,1975 1329,1973 1374,1972 1419,1970 1463,1968 1508,1967 1553,1966 1597,1965 1642,1963 1687,1963 1732,1961 1776,1960 1821,1959 1866,1958 1910,1957 1955,1955 2000,1954 2044,1952 2089,1950 2134,1949 2179,1947"/>
                <TextEquiv>
                    <Unicode>schwankenden Lichtern und Schatten so meisterhaft gemalt,</Unicode>
                </TextEquiv>
            </TextLine>
            <TextLine id="r1l65" custom="readingOrder {index:64;}">
                <Coords points="2200,1979 3129,1954 3127,1898 2199,1941"/>
                <Baseline points="2217,1979 2261,1977 2306,1976 2350,1974 2395,1973 2440,1972 2484,1971 2529,1970 2574,1969 2618,1967 2663,1966 2708,1965 2752,1964 2797,1962 2842,1961 2886,1959 2931,1957 2976,1955 3020,1954 3065,1951 3110,1949"/>
                <TextEquiv>
                    <Unicode>scher Holzschnittmanier gehaltene Einalter so sehr er</Unicode>
                </TextEquiv>
            </TextLine>
            <TextLine id="r1l66" custom="readingOrder {index:65;}">
                <Coords points="306,1990 1273,1968 1272,1923 1237,1920 305,1944"/>
                <Baseline points="325,1984 371,1982 418,1981 464,1979 511,1978 558,1976 604,1975 651,1973 697,1972 744,1971 791,1969 837,1968 884,1967 930,1966 977,1964 1024,1963 1070,1962 1117,1960 1163,1959 1210,1957 1257,1956"/>
                <TextEquiv>
                    <Unicode>Moden von Paris, Berlin und Wien verständnißinnig</Unicode>
                </TextEquiv>
            </TextLine>
            <TextLine id="r1l67" custom="readingOrder {index:66;}">
                <Coords points="3131,1999 3190,2005 3211,1997 3236,2004 3288,1996 3302,2009 3316,1995 3358,1997 3357,1942 3336,1942 3322,1953 3280,1957 3273,1951 3252,1965 3210,1966 3182,1953 3130,1957"/>
                <Baseline points="3150,1995 3177,1993 3204,1993 3232,1993 3259,1992 3287,1991 3314,1991 3342,1989"/>
                <TextEquiv>
                    <Unicode>die den Schre</Unicode>
                </TextEquiv>
            </TextLine>
            <TextLine id="r1l68" custom="readingOrder {index:67;}">
                <Coords points="1277,2020 2203,1995 2201,1932 1964,1966 1276,1974"/>
                <Baseline points="1294,2012 1338,2011 1383,2009 1427,2008 1472,2006 1516,2005 1561,2004 1605,2003 1650,2002 1694,2001 1739,2000 1784,1999 1828,1998 1873,1997 1917,1995 1962,1994 2006,1993 2051,1991 2095,1990 2140,1988 2185,1986"/>
                <TextEquiv>
                    <Unicode>daß Niemand sich dem Banne dieser Dämmerstimmung</Unicode>
                </TextEquiv>
            </TextLine>
            <TextLine id="r1l69" custom="readingOrder {index:68;}">
                <Coords points="2204,2022 3125,1998 3124,1952 2202,1980"/>
                <Baseline points="2222,2019 2266,2017 2310,2015 2355,2013 2399,2011 2443,2009 2488,2008 2532,2007 2576,2006 2621,2005 2665,2004 2709,2003 2754,2003 2798,2001 2842,2000 2887,1999 2931,1997 2975,1995 3020,1992 3064,1990 3109,1987"/>
                <TextEquiv>
                    <Unicode>feinere Charakterisirungskunst vermissen läßt, so geschickt</Unicode>
                </TextEquiv>
            </TextLine>
            <TextLine id="r1l70" custom="readingOrder {index:69;}">
                <Coords points="322,2031 1265,2003 1264,1968 1222,1959 321,1975"/>
                <Baseline points="338,2020 383,2019 429,2018 474,2018 520,2017 565,2016 611,2014 656,2014 702,2012 747,2011 793,2009 838,2008 884,2006 929,2005 975,2003 1020,2002 1066,2000 1111,1999 1157,1997 1202,1995 1248,1994"/>
                <TextEquiv>
                    <Unicode>mitmacht und sich stets geschmackvoll nach der neuesten</Unicode>
                </TextEquiv>
            </TextLine>
            <TextLine id="r1l71" custom="readingOrder {index:70;}">
                <Coords points="3131,2042 3159,2041 3188,2054 3212,2042 3271,2040 3278,2047 3306,2032 3338,2045 3359,2044 3357,1992 3318,1993 3305,2004 3287,1994 3252,2003 3130,2000"/>
                <Baseline points="3150,2034 3177,2033 3204,2033 3231,2033 3259,2031 3286,2030 3313,2029 3341,2027"/>
                <TextEquiv>
                    <Unicode>Ausdruck br</Unicode>
                </TextEquiv>
            </TextLine>
            <TextLine id="r1l72" custom="readingOrder {index:71;}">
                <Coords points="1274,2057 2200,2034 2198,1978 1273,2022"/>
                <Baseline points="1290,2054 1334,2052 1379,2049 1423,2048 1468,2046 1513,2045 1557,2043 1602,2042 1646,2041 1691,2039 1736,2038 1780,2037 1825,2036 1869,2035 1914,2034 1959,2033 2003,2032 2048,2031 2092,2029 2137,2028 2182,2026"/>
                <TextEquiv>
                    <Unicode>entziehen kann, und die innexe Handlung, die sich</Unicode>
                </TextEquiv>
            </TextLine>
            <TextLine id="r1l73" custom="readingOrder {index:72;}">
                <Coords points="2208,2060 3127,2036 3125,1977 2207,2022"/>
                <Baseline points="2226,2058 2270,2056 2314,2055 2358,2053 2402,2052 2447,2050 2491,2048 2535,2047 2579,2046 2623,2044 2668,2043 2712,2041 2756,2040 2800,2039 2844,2037 2889,2035 2933,2034 2977,2032 3021,2031 3065,2029 3110,2027"/>
                <TextEquiv>
                    <Unicode>aufgebaut, daß sich der Zuschauer den etwas grobkörnigen</Unicode>
                </TextEquiv>
            </TextLine>
            <TextLine id="r1l74" custom="readingOrder {index:73;}">
                <Coords points="322,2059 1279,2038 1277,1982 1055,2013 321,2017"/>
                <Baseline points="341,2059 389,2058 437,2056 486,2054 534,2053 582,2052 631,2051 679,2049 727,2048 776,2047 824,2045 873,2044 921,2043 969,2041 1018,2040 1066,2038 1114,2036 1163,2035 1211,2033 1260,2031"/>
                <TextEquiv>
                    <Unicode>zu kleiden weiß, hier in München, wie in anderen</Unicode>
                </TextEquiv>
            </TextLine>
            <TextLine id="r1l75" custom="readingOrder {index:74;}">
                <Coords points="3133,2086 3189,2083 3199,2072 3220,2085 3238,2084 3251,2073 3289,2067 3304,2077 3349,2075 3347,2023 3322,2020 3288,2033 3239,2031 3225,2043 3198,2047 3172,2035 3131,2037"/>
                <Baseline points="3150,2074 3176,2072 3202,2071 3228,2071 3254,2070 3280,2068 3306,2066 3332,2064"/>
                <TextEquiv>
                    <Unicode>so war es</Unicode>
                </TextEquiv>
            </TextLine>
            <TextLine id="r1l76" custom="readingOrder {index:75;}">
                <Coords points="1284,2098 2202,2075 2200,2015 1282,2059"/>
                <Baseline points="1301,2093 1345,2091 1389,2089 1433,2087 1477,2086 1522,2084 1566,2083 1610,2082 1654,2080 1698,2079 1743,2078 1787,2077 1831,2075 1875,2074 1919,2073 1964,2072 2008,2071 2052,2070 2096,2069 2140,2067 2185,2066"/>
                <TextEquiv>
                    <Unicode>ganz in der Seele des Professors Pilgram abspielt,</Unicode>
                </TextEquiv>
            </TextLine>
            <TextLine id="r1l77" custom="readingOrder {index:76;}">
                <Coords points="2203,2098 3139,2073 3137,2018 2202,2057"/>
                <Baseline points="2221,2095 2266,2094 2311,2092 2356,2091 2401,2090 2446,2089 2491,2087 2536,2085 2581,2084 2626,2083 2671,2081 2716,2080 2761,2078 2806,2077 2851,2075 2896,2073 2941,2072 2986,2069 3031,2068 3076,2066 3121,2064"/>
                <TextEquiv>
                    <Unicode>Humor gerne gefallen läßt. Ja, er wirkt auf der Bühne</Unicode>
                </TextEquiv>
            </TextLine>
            <TextLine id="r1l78" custom="readingOrder {index:77;}">
                <Coords points="314,2094 1201,2090 1281,2078 1280,2039 312,2039"/>
                <Baseline points="330,2099 376,2097 423,2095 470,2093 516,2092 563,2090 610,2089 656,2087 703,2087 750,2085 797,2084 843,2083 890,2083 937,2081 983,2080 1030,2079 1077,2077 1123,2076 1170,2074 1217,2071 1264,2069"/>
                <TextEquiv>
                    <Unicode>Städten Deutschlands viel Geistreiches und Witziges</Unicode>
                </TextEquiv>
            </TextLine>
            <TextLine id="r1l79" custom="readingOrder {index:78;}">
                <Coords points="3129,2114 3210,2127 3236,2097 3266,2120 3366,2107 3363,2044 3342,2046 3325,2064 3305,2069 3196,2072 3173,2084 3127,2086"/>
                <Baseline points="3147,2116 3172,2114 3197,2114 3222,2112 3247,2111 3272,2110 3297,2108 3322,2106 3347,2102"/>
                <TextEquiv>
                    <Unicode>nach beiden</Unicode>
                </TextEquiv>
            </TextLine>
            <TextLine id="r1l80" custom="readingOrder {index:79;}">
                <Coords points="1273,2130 1375,2151 1430,2125 2118,2123 2216,2100 2214,2044 1272,2102"/>
                <Baseline points="1289,2128 1334,2127 1379,2126 1425,2125 1470,2124 1516,2123 1561,2122 1607,2121 1652,2120 1698,2119 1743,2118 1788,2117 1834,2116 1879,2114 1925,2113 1970,2111 2016,2109 2061,2107 2107,2105 2152,2103 2198,2100"/>
                <TextEquiv>
                    <Unicode>die ailmälige Enthüllung der ganzen traurigen Wahr¬</Unicode>
                </TextEquiv>
            </TextLine>
            <TextLine id="r1l81" custom="readingOrder {index:80;}">
                <Coords points="2213,2142 3138,2110 3136,2057 3084,2056 2212,2093"/>
                <Baseline points="2232,2134 2276,2133 2321,2131 2365,2129 2410,2128 2454,2126 2499,2125 2543,2123 2588,2121 2632,2120 2677,2118 2721,2116 2766,2114 2810,2113 2855,2112 2899,2110 2944,2109 2988,2108 3033,2106 3077,2105 3122,2105"/>
                <TextEquiv>
                    <Unicode>vor einem größerem Publikum, wie der gestrige Abend</Unicode>
                </TextEquiv>
            </TextLine>
            <TextLine id="r1l82" custom="readingOrder {index:81;}">
                <Coords points="315,2150 1279,2116 1277,2071 314,2105"/>
                <Baseline points="332,2139 378,2136 425,2134 471,2132 518,2130 564,2129 611,2127 657,2126 704,2125 750,2124 797,2123 843,2122 890,2121 936,2120 983,2119 1029,2117 1076,2116 1122,2114 1169,2113 1215,2111 1262,2109"/>
                <TextEquiv>
                    <Unicode>über die neue Wiener Kunst geplaudert; aber so viel wir</Unicode>
                </TextEquiv>
            </TextLine>
            <TextLine id="r1l83" custom="readingOrder {index:82;}">
                <Coords points="3143,2156 3199,2157 3209,2146 3235,2159 3367,2150 3365,2097 3278,2119 3264,2119 3239,2096 3215,2121 3142,2117"/>
                <Baseline points="3160,2151 3186,2150 3213,2150 3240,2148 3267,2147 3294,2146 3321,2144 3348,2144"/>
                <TextEquiv>
                    <Unicode>die Darstel</Unicode>
                </TextEquiv>
            </TextLine>
            <TextLine id="r1l84" custom="readingOrder {index:83;}">
                <Coords points="2204,2188 2748,2149 3031,2164 3143,2150 3141,2101 2202,2143"/>
                <Baseline points="2221,2174 2266,2172 2311,2170 2356,2167 2401,2165 2447,2163 2492,2162 2537,2160 2582,2158 2627,2157 2673,2156 2718,2155 2763,2153 2808,2152 2853,2151 2899,2150 2944,2148 2989,2147 3034,2145 3079,2144 3125,2142"/>
                <TextEquiv>
                    <Unicode>zeigte, noch stärker als die dustige Stimmungsmalerei der</Unicode>
                </TextEquiv>
            </TextLine>
            <TextLine id="r1l85" custom="readingOrder {index:84;}">
                <Coords points="1279,2179 2214,2155 2213,2102 1278,2133"/>
                <Baseline points="1297,2166 1344,2165 1391,2164 1438,2164 1486,2163 1533,2162 1580,2161 1628,2160 1675,2159 1722,2157 1770,2156 1817,2155 1864,2154 1912,2152 1959,2151 2006,2149 2054,2148 2101,2146 2148,2145 2196,2143"/>
                <TextEquiv>
                    <Unicode>heit, ist so wahr und so einfach dargestellt, daß</Unicode>
                </TextEquiv>
            </TextLine>
            <TextLine id="r1l86" custom="readingOrder {index:85;}">
                <Coords points="318,2178 1278,2155 1276,2099 317,2146"/>
                <Baseline points="336,2178 382,2176 428,2174 474,2172 521,2170 567,2169 613,2168 659,2166 706,2165 752,2164 798,2163 844,2161 891,2160 937,2159 983,2158 1029,2156 1076,2155 1122,2153 1168,2151 1214,2149 1261,2147"/>
                <TextEquiv>
                    <Unicode>auch vom Café Grünsteiger, von Orchideen und Kravatten,</Unicode>
                </TextEquiv>
            </TextLine>
            <TextLine id="r1l87" custom="readingOrder {index:86;}">
                <Coords points="3142,2199 3218,2197 3229,2189 3243,2196 3302,2194 3312,2187 3340,2193 3351,2182 3368,2181 3367,2136 3342,2137 3329,2148 3206,2148 3196,2156 3140,2157"/>
                <Baseline points="3158,2190 3185,2189 3212,2188 3239,2188 3267,2187 3294,2186 3321,2185 3349,2183"/>
                <TextEquiv>
                    <Unicode>Was war a</Unicode>
                </TextEquiv>
            </TextLine>
            <TextLine id="r1l88" custom="readingOrder {index:87;}">
                <Coords points="1287,2212 2219,2186 2217,2127 1286,2174"/>
                <Baseline points="1303,2207 1347,2206 1392,2205 1437,2204 1482,2203 1527,2202 1572,2200 1616,2199 1661,2198 1706,2197 1751,2195 1796,2194 1841,2193 1886,2191 1930,2190 1975,2188 2020,2186 2065,2184 2110,2182 2155,2179 2200,2177"/>
                <TextEquiv>
                    <Unicode>wir die ganze Vergangenheit, die doch blos als Er¬</Unicode>
                </TextEquiv>
            </TextLine>
            <TextLine id="r1l89" custom="readingOrder {index:88;}">
                <Coords points="2216,2215 3138,2187 3136,2145 3070,2144 2215,2183"/>
                <Baseline points="2235,2214 2279,2213 2323,2211 2367,2208 2412,2206 2456,2205 2500,2203 2544,2202 2589,2200 2633,2199 2677,2197 2721,2196 2766,2194 2810,2193 2854,2192 2898,2191 2943,2189 2987,2188 3031,2187 3075,2185 3120,2184"/>
                <TextEquiv>
                    <Unicode>„Gefährtin“ mit ihrem keuschen Verzicht auf jeden</Unicode>
                </TextEquiv>
            </TextLine>
            <TextLine id="r1l90" custom="readingOrder {index:89;}">
                <Coords points="328,2219 1288,2190 1286,2135 327,2184"/>
                <Baseline points="344,2217 390,2214 436,2213 482,2211 529,2209 575,2208 621,2206 668,2205 714,2204 760,2202 807,2201 853,2200 899,2198 945,2197 992,2195 1038,2194 1084,2192 1131,2190 1177,2188 1223,2186 1270,2183"/>
                <TextEquiv>
                    <Unicode>von Schnitzler, Peter Altenberg und Hugo v. Hoffmanns¬</Unicode>
                </TextEquiv>
            </TextLine>
            <TextLine id="r1l91" custom="readingOrder {index:90;}">
                <Coords points="3146,2239 3216,2231 3289,2231 3296,2238 3307,2230 3363,2231 3360,2179 3144,2200"/>
                <Baseline points="3164,2228 3189,2230 3215,2230 3240,2229 3266,2227 3291,2225 3317,2223 3343,2221"/>
                <TextEquiv>
                    <Unicode>mit dem au</Unicode>
                </TextEquiv>
            </TextLine>
            <TextLine id="r1l92" custom="readingOrder {index:91;}">
                <Coords points="1285,2249 2172,2232 2217,2227 2216,2179 1284,2207"/>
                <Baseline points="1301,2245 1348,2244 1395,2243 1442,2242 1490,2241 1537,2240 1584,2238 1632,2237 1679,2236 1726,2235 1774,2233 1821,2231 1868,2230 1916,2228 1963,2227 2010,2225 2058,2223 2105,2221 2152,2219 2200,2218"/>
                <TextEquiv>
                    <Unicode>innerung an uns vorüberzieht, thatsächlich mit dem alten</Unicode>
                </TextEquiv>
            </TextLine>
            <TextLine id="r1l93" custom="readingOrder {index:92;}">
                <Coords points="2216,2266 3141,2228 3139,2187 3034,2183 2214,2217"/>
                <Baseline points="2234,2252 2278,2250 2323,2249 2367,2247 2412,2246 2456,2244 2501,2243 2545,2241 2590,2240 2634,2238 2679,2237 2723,2236 2768,2234 2812,2232 2857,2231 2901,2230 2946,2228 2990,2227 3035,2226 3079,2224 3124,2223"/>
                <TextEquiv>
                    <Unicode>äußerlichen Theatereffekt. Freilich ist ihm nicht nur darin,</Unicode>
                </TextEquiv>
            </TextLine>
            <TextLine id="r1l94" custom="readingOrder {index:93;}">
                <Coords points="319,2274 1289,2233 1287,2184 1238,2179 317,2215"/>
                <Baseline points="337,2255 383,2254 430,2253 477,2251 523,2250 570,2249 617,2247 663,2246 710,2244 757,2242 804,2241 850,2239 897,2237 944,2235 990,2233 1037,2231 1084,2230 1130,2228 1177,2226 1224,2225 1271,2223"/>
                <TextEquiv>
                    <Unicode>thal hörten, so wenig wußten wir nach wie vor, was wir</Unicode>
                </TextEquiv>
            </TextLine>
            <TextLine id="r1l95" custom="readingOrder {index:94;}">
                <Coords points="3144,2275 3297,2265 3360,2269 3358,2230 3316,2233 3283,2210 3259,2215 3239,2234 3141,2237"/>
                <Baseline points="3162,2268 3187,2267 3213,2265 3239,2264 3265,2262 3291,2260 3317,2259 3343,2257"/>
                <TextEquiv>
                    <Unicode>nommen w#</Unicode>
                </TextEquiv>
            </TextLine>
            <TextLine id="r1l96" custom="readingOrder {index:95;}">
                <Coords points="1288,2290 2178,2270 2209,2262 2208,2216 1286,2245"/>
                <Baseline points="1305,2283 1349,2282 1393,2282 1437,2281 1482,2280 1526,2279 1570,2278 1615,2277 1659,2275 1703,2274 1748,2273 1792,2271 1836,2270 1880,2268 1925,2266 1969,2265 2013,2263 2058,2261 2102,2260 2146,2258 2191,2256"/>
                <TextEquiv>
                    <Unicode>Manne miterleben. Wer das Geheimniß moderner</Unicode>
                </TextEquiv>
            </TextLine>
            <TextLine id="r1l97" custom="readingOrder {index:96;}">
                <Coords points="2224,2293 3146,2266 3144,2217 2223,2258"/>
                <Baseline points="2242,2290 2286,2288 2330,2286 2375,2285 2419,2283 2463,2282 2508,2280 2552,2278 2596,2277 2641,2276 2685,2275 2729,2273 2774,2272 2818,2271 2862,2269 2907,2268 2951,2266 2995,2265 3040,2263 3084,2261 3129,2259"/>
                <TextEquiv>
                    <Unicode>ondern auch an innerer dramatischer Wucht „Der</Unicode>
                </TextEquiv>
            </TextLine>
            <TextLine id="r1l98" custom="readingOrder {index:97;}">
                <Coords points="323,2310 1283,2273 1257,2211 322,2254"/>
                <Baseline points="341,2293 387,2292 433,2291 479,2289 526,2288 572,2286 618,2285 664,2284 711,2283 757,2281 803,2280 849,2278 896,2277 942,2275 988,2274 1034,2272 1081,2271 1127,2269 1173,2268 1219,2266 1266,2264"/>
                <TextEquiv>
                    <Unicode>uns denn eigentlich unter dem spezifisch Wienerischen dieser</Unicode>
                </TextEquiv>
            </TextLine>
            <TextLine id="r1l99" custom="readingOrder {index:98;}">
                <Coords points="3145,2313 3187,2308 3194,2315 3218,2314 3232,2306 3306,2311 3316,2303 3323,2310 3361,2298 3360,2260 3321,2261 3314,2254 3262,2274 3238,2275 3196,2266 3143,2268"/>
                <Baseline points="3162,2306 3188,2305 3214,2304 3240,2304 3266,2303 3292,2302 3318,2300 3344,2298"/>
                <TextEquiv>
                    <Unicode>nicht nur die</Unicode>
                </TextEquiv>
            </TextLine>
            <TextLine id="r1l100" custom="readingOrder {index:99;}">
                <Coords points="1291,2328 2195,2309 2218,2248 1289,2275"/>
                <Baseline points="1309,2321 1353,2320 1398,2319 1442,2319 1487,2317 1531,2316 1576,2315 1620,2314 1665,2313 1709,2311 1754,2310 1799,2309 1843,2307 1888,2306 1932,2304 1977,2303 2021,2301 2066,2300 2110,2299 2155,2297 2200,2296"/>
                <TextEquiv>
                    <Unicode>dramatischer Dichtung belauschen will, der sehe sich einmal</Unicode>
                </TextEquiv>
            </TextLine>
            <TextLine id="r1l101" custom="readingOrder {index:100;}">
                <Coords points="2215,2335 3140,2307 3138,2247 2214,2293"/>
                <Baseline points="2233,2331 2277,2328 2322,2326 2366,2325 2411,2322 2455,2321 2500,2320 2544,2318 2589,2316 2633,2315 2678,2313 2723,2312 2767,2311 2812,2310 2856,2308 2901,2306 2945,2305 2990,2303 3034,2302 3079,2300 3124,2298"/>
                <TextEquiv>
                    <Unicode>grüne Kakadu“, der den Abend beschloß, bedeutend</Unicode>
                </TextEquiv>
            </TextLine>
            <TextLine id="r1l102" custom="readingOrder {index:101;}">
                <Coords points="326,2356 479,2323 1278,2310 1281,2275 324,2289"/>
                <Baseline points="344,2332 392,2329 440,2327 489,2325 537,2324 585,2322 634,2321 682,2319 730,2318 779,2317 827,2316 876,2314 924,2313 972,2312 1021,2311 1069,2309 1117,2307 1166,2305 1214,2303 1263,2301"/>
                <TextEquiv>
                    <Unicode>Dichter zu denken hätten. War Bahr sich selbst darüber</Unicode>
                </TextEquiv>
            </TextLine>
            <TextLine id="r1l103" custom="readingOrder {index:102;}">
                <Coords points="3140,2370 3164,2369 3184,2347 3202,2354 3278,2340 3331,2356 3338,2348 3366,2351 3364,2295 3333,2307 3211,2304 3194,2316 3172,2306 3138,2318"/>
                <Baseline points="3156,2348 3183,2345 3210,2343 3238,2343 3265,2342 3293,2342 3320,2340 3348,2338"/>
                <TextEquiv>
                    <Unicode>Sapits wie</Unicode>
                </TextEquiv>
            </TextLine>
            <TextLine id="r1l104" custom="readingOrder {index:103;}">
                <Coords points="1292,2365 1878,2341 1966,2363 2213,2343 2212,2301 1291,2323"/>
                <Baseline points="1310,2359 1354,2358 1398,2357 1442,2356 1487,2355 1531,2354 1575,2354 1620,2353 1664,2352 1708,2351 1753,2350 1797,2349 1841,2348 1885,2346 1930,2345 1974,2343 2018,2341 2063,2340 2107,2337 2151,2335 2196,2332"/>
                <TextEquiv>
                    <Unicode>Schnitzlers „Gefährtin“ an! Auf der Bühne drei Per¬</Unicode>
                </TextEquiv>
            </TextLine>
            <TextLine id="r1l105" custom="readingOrder {index:104;}">
                <Coords points="2212,2374 3057,2351 3144,2341 3142,2285 2210,2329"/>
                <Baseline points="2229,2369 2273,2366 2318,2364 2363,2362 2408,2361 2453,2359 2498,2358 2542,2356 2587,2355 2632,2354 2677,2352 2722,2351 2767,2350 2812,2349 2856,2347 2901,2346 2946,2345 2991,2343 3036,2341 3081,2338 3126,2336"/>
                <TextEquiv>
                    <Unicode>überlegen. Was ich gelegentlich der letzten Aufführung der</Unicode>
                </TextEquiv>
            </TextLine>
            <TextLine id="r1l106" custom="readingOrder {index:105;}">
                <Coords points="333,2370 1143,2361 1286,2350 1285,2308 332,2335"/>
                <Baseline points="350,2370 396,2367 442,2366 488,2364 534,2362 580,2361 626,2360 672,2358 718,2357 764,2356 810,2355 856,2354 902,2353 948,2352 994,2351 1040,2349 1086,2348 1132,2346 1178,2344 1224,2343 1270,2340"/>
                <TextEquiv>
                    <Unicode>untlar? Ich glaube kaum. Aber sein Lokalpatriotismus</Unicode>
                </TextEquiv>
            </TextLine>
            <TextLine id="r1l107" custom="readingOrder {index:106;}">
                <Coords points="3149,2392 3170,2391 3181,2398 3195,2390 3233,2389 3261,2395 3285,2380 3310,2382 3317,2389 3348,2388 3347,2346 3284,2349 3269,2339 3214,2344 3207,2352 3182,2349 3172,2360 3148,2357"/>
                <Baseline points="3166,2384 3193,2383 3221,2382 3248,2381 3276,2380 3303,2379 3331,2377"/>
                <TextEquiv>
                    <Unicode>Intendanz</Unicode>
                </TextEquiv>
            </TextLine>
            <TextLine id="r1l108" custom="readingOrder {index:107;}">
                <Coords points="1289,2408 2221,2374 2220,2336 2154,2327 1288,2359"/>
                <Baseline points="1305,2398 1352,2397 1399,2397 1446,2395 1494,2395 1541,2394 1588,2393 1636,2392 1683,2390 1730,2389 1778,2388 1825,2387 1872,2385 1920,2384 1967,2382 2014,2380 2062,2378 2109,2376 2156,2373 2204,2371"/>
                <TextEquiv>
                    <Unicode>sonen in bald gedämpftem, bald heftig erregtem Zwie¬</Unicode>
                </TextEquiv>
            </TextLine>
            <TextLine id="r1l109" custom="readingOrder {index:108;}">
                <Coords points="2222,2407 3084,2387 3147,2381 3145,2336 2220,2369"/>
                <Baseline points="2239,2405 2283,2403 2327,2401 2372,2399 2416,2398 2461,2397 2505,2395 2550,2394 2594,2393 2639,2391 2683,2391 2727,2389 2772,2388 2816,2387 2861,2385 2905,2384 2950,2382 2994,2380 3039,2379 3083,2376 3128,2374"/>
                <TextEquiv>
                    <Unicode>literarischen Gesellschaft über diese Schnitzler'sche Groteske</Unicode>
                </TextEquiv>
            </TextLine>
            <TextLine id="r1l110" custom="readingOrder {index:109;}">
                <Coords points="338,2415 1284,2388 1282,2346 336,2370"/>
                <Baseline points="354,2407 399,2405 445,2403 490,2401 536,2400 582,2399 627,2398 673,2397 719,2396 764,2395 810,2394 856,2393 901,2392 947,2391 993,2389 1038,2388 1084,2386 1130,2385 1175,2382 1221,2379 1267,2377"/>
                <TextEquiv>
                    <Unicode>verbot ihm, das Ding beim rechten Namen zu nennen.</Unicode>
                </TextEquiv>
            </TextLine>
            <TextLine id="r1l111" custom="readingOrder {index:110;}">
                <Coords points="3143,2432 3231,2428 3237,2420 3262,2433 3321,2424 3339,2437 3370,2425 3368,2369 3343,2367 3320,2389 3288,2380 3271,2384 3261,2395 3236,2389 3177,2395 3141,2386"/>
                <Baseline points="3161,2423 3188,2422 3215,2421 3242,2420 3269,2420 3296,2418 3323,2416 3351,2413"/>
                <TextEquiv>
                    <Unicode>dem „Wei</Unicode>
                </TextEquiv>
            </TextLine>
            <TextLine id="r1l112" custom="readingOrder {index:111;}">
                <Coords points="1286,2449 2218,2414 2217,2379 1285,2400"/>
                <Baseline points="1305,2440 1349,2438 1394,2436 1439,2434 1484,2432 1529,2431 1574,2430 1618,2429 1663,2428 1708,2427 1753,2426 1798,2425 1843,2424 1888,2423 1932,2422 1977,2420 2022,2418 2067,2416 2112,2414 2157,2411 2202,2408"/>
                <TextEquiv>
                    <Unicode>gespräch, ein bischen Dämmerlicht im Zimmer, ein Aus¬</Unicode>
                </TextEquiv>
            </TextLine>
            <TextLine id="r1l113" custom="readingOrder {index:112;}">
                <Coords points="2221,2454 2727,2418 3150,2430 3148,2381 2991,2375 2220,2408"/>
                <Baseline points="2237,2445 2281,2443 2326,2442 2371,2439 2415,2438 2460,2436 2505,2435 2549,2433 2594,2432 2639,2430 2684,2429 2728,2428 2773,2427 2818,2425 2862,2424 2907,2423 2952,2422 2996,2421 3041,2420 3086,2420 3131,2419"/>
                <TextEquiv>
                    <Unicode>sagte, hat für mich wenigstens gestern seine Bestätigung</Unicode>
                </TextEquiv>
            </TextLine>
            <TextLine id="r1l114" custom="readingOrder {index:113;}">
                <Coords points="334,2458 1287,2429 1286,2377 333,2405"/>
                <Baseline points="352,2445 397,2443 443,2441 489,2439 535,2438 581,2436 627,2436 672,2435 718,2434 764,2433 810,2432 856,2431 902,2430 948,2429 993,2428 1039,2427 1085,2425 1131,2423 1177,2421 1223,2419 1269,2417"/>
                <TextEquiv>
                    <Unicode>Wien ist das deutsche Capna. Die wollüstige Luft, die</Unicode>
                </TextEquiv>
            </TextLine>
            <TextLine id="r1l115" custom="readingOrder {index:114;}">
                <Coords points="3153,2470 3202,2468 3209,2474 3226,2459 3258,2465 3274,2453 3289,2467 3352,2456 3350,2429 3326,2430 3318,2423 3256,2430 3248,2423 3217,2421 3210,2429 3151,2432"/>
                <Baseline points="3169,2461 3196,2462 3224,2461 3252,2460 3279,2458 3307,2456 3335,2453"/>
                <TextEquiv>
                    <Unicode>ungen zu</Unicode>
                </TextEquiv>
            </TextLine>
            <TextLine id="r1l116" custom="readingOrder {index:115;}">
                <Coords points="1294,2482 2227,2465 2225,2412 2190,2410 1293,2429"/>
                <Baseline points="1311,2475 1355,2473 1400,2473 1445,2471 1490,2470 1535,2469 1580,2468 1624,2467 1669,2466 1714,2465 1759,2464 1804,2463 1849,2461 1894,2460 1938,2459 1983,2458 2028,2457 2073,2455 2118,2454 2163,2452 2208,2450"/>
                <TextEquiv>
                    <Unicode>blick auf den Garten vor dem Hause, auf das frische Grab</Unicode>
                </TextEquiv>
            </TextLine>
            <TextLine id="r1l117" custom="readingOrder {index:116;}">
                <Coords points="2218,2497 3150,2463 3148,2417 3071,2413 2216,2448"/>
                <Baseline points="2235,2484 2279,2481 2324,2479 2369,2477 2414,2475 2459,2473 2504,2472 2549,2470 2594,2469 2639,2468 2684,2467 2728,2466 2773,2465 2818,2464 2863,2463 2908,2462 2953,2460 2998,2459 3043,2458 3088,2456 3133,2455"/>
                <TextEquiv>
                    <Unicode>gefunden: theatralisch ein Meisterstück geschickter Mache,</Unicode>
                </TextEquiv>
            </TextLine>
            <TextLine id="r1l118" custom="readingOrder {index:117;}">
                <Coords points="329,2497 1286,2465 1285,2420 1155,2413 691,2449 328,2437"/>
                <Baseline points="348,2482 396,2481 444,2480 493,2479 541,2478 589,2477 638,2476 686,2475 734,2474 783,2473 831,2472 880,2471 928,2469 976,2468 1025,2467 1073,2465 1121,2463 1170,2462 1218,2459 1267,2457"/>
                <TextEquiv>
                    <Unicode>über der Donaustadt zittert, macht schlaff und müde. Wenn</Unicode>
                </TextEquiv>
            </TextLine>
            <TextLine id="r1l119" custom="readingOrder {index:118;}">
                <Coords points="3143,2511 3188,2501 3195,2508 3240,2505 3250,2497 3258,2504 3306,2497 3324,2503 3373,2493 3370,2451 3345,2446 3335,2454 3286,2460 3272,2454 3241,2463 3213,2454 3206,2462 3140,2462"/>
                <Baseline points="3161,2499 3188,2500 3216,2499 3244,2497 3271,2493 3299,2491 3327,2490 3355,2492"/>
                <TextEquiv>
                    <Unicode>an Stelle de</Unicode>
                </TextEquiv>
            </TextLine>
            <TextLine id="r1l120" custom="readingOrder {index:119;}">
                <Coords points="1289,2519 2228,2500 2227,2447 1287,2470"/>
                <Baseline points="1307,2516 1352,2515 1397,2512 1442,2511 1487,2509 1532,2508 1577,2507 1623,2506 1668,2504 1713,2503 1758,2502 1803,2501 1848,2500 1893,2499 1939,2497 1984,2496 2029,2495 2074,2494 2119,2493 2164,2491 2210,2490"/>
                <TextEquiv>
                    <Unicode>der verstorbenen Frau — das ist der ganze Bühnenzauber.</Unicode>
                </TextEquiv>
            </TextLine>
            <TextLine id="r1l121" custom="readingOrder {index:120;}">
                <Coords points="2231,2522 3156,2493 3154,2437 2230,2476"/>
                <Baseline points="2249,2516 2293,2515 2337,2515 2382,2514 2426,2513 2471,2512 2515,2511 2560,2510 2604,2508 2649,2507 2693,2506 2737,2505 2782,2503 2826,2502 2871,2500 2915,2499 2960,2498 3004,2497 3049,2495 3093,2495 3138,2494"/>
                <TextEquiv>
                    <Unicode>rein künstlerisch genommen ein schöner Blender, jeden¬</Unicode>
                </TextEquiv>
            </TextLine>
            <TextLine id="r1l122" custom="readingOrder {index:121;}">
                <Coords points="337,2524 1291,2510 1289,2458 1195,2447 336,2482"/>
                <Baseline points="354,2520 400,2519 446,2519 492,2518 538,2517 584,2516 630,2515 676,2514 722,2512 768,2510 814,2509 860,2507 906,2506 952,2504 998,2503 1044,2501 1090,2500 1136,2499 1182,2498 1228,2498 1274,2497"/>
                <TextEquiv>
                    <Unicode>ich an Wien dente oder einen Wiener Dichter lese, geht mir</Unicode>
                </TextEquiv>
            </TextLine>
            <TextLine id="r1l123" custom="readingOrder {index:122;}">
                <Coords points="3142,2537 3209,2553 3250,2535 3264,2545 3282,2537 3327,2547 3372,2539 3371,2493 3225,2507 3200,2505 3162,2485 3141,2489"/>
                <Baseline points="3159,2539 3186,2537 3214,2537 3242,2536 3270,2536 3298,2536 3326,2534 3354,2532"/>
                <TextEquiv>
                    <Unicode>eingesprung</Unicode>
                </TextEquiv>
            </TextLine>
            <TextLine id="r1l124" custom="readingOrder {index:123;}">
                <Coords points="1284,2551 2185,2542 2223,2538 2222,2478 1283,2520"/>
                <Baseline points="1303,2557 1348,2554 1393,2552 1438,2550 1483,2549 1528,2547 1573,2546 1618,2545 1663,2544 1708,2543 1754,2542 1799,2541 1844,2539 1889,2539 1934,2537 1979,2536 2024,2534 2069,2533 2114,2531 2159,2528 2205,2526"/>
                <TextEquiv>
                    <Unicode>Und trotzdem zwingt uns der Dichter, zumal wenn er von</Unicode>
                </TextEquiv>
            </TextLine>
            <TextLine id="r1l125" custom="readingOrder {index:124;}">
                <Coords points="2226,2570 3152,2551 3150,2495 3038,2491 2225,2521"/>
                <Baseline points="2243,2558 2287,2556 2332,2555 2376,2553 2421,2552 2466,2550 2510,2549 2555,2548 2599,2547 2644,2546 2689,2545 2733,2544 2778,2542 2822,2541 2867,2540 2912,2539 2956,2538 3001,2537 3045,2535 3090,2533 3135,2531"/>
                <TextEquiv>
                    <Unicode>falls aber eine erfreuliche Bereicherung unseres Theater¬</Unicode>
                </TextEquiv>
            </TextLine>
            <TextLine id="r1l126" custom="readingOrder {index:125;}">
                <Coords points="341,2565 387,2585 1064,2554 1062,2506 957,2488 339,2523"/>
                <Baseline points="358,2564 392,2562 426,2561 461,2559 495,2558 530,2557 564,2555 598,2554 633,2553 667,2552 702,2551 736,2550 770,2549 805,2548 839,2547 874,2546 908,2546 942,2545 977,2545 1011,2544 1046,2544"/>
                <TextEquiv>
                    <Unicode>stets der Tingeltangelreim durch den Kopf:</Unicode>
                </TextEquiv>
            </TextLine>
            <TextLine id="r1l127" custom="readingOrder {index:126;}">
                <Coords points="3147,2579 3164,2578 3172,2585 3252,2579 3263,2588 3273,2577 3322,2577 3335,2566 3359,2564 3357,2540 3277,2538 3263,2546 3245,2537 3229,2552 3144,2541"/>
                <Baseline points="3165,2583 3190,2580 3215,2577 3241,2575 3266,2574 3292,2573 3317,2571 3343,2568"/>
                <TextEquiv>
                    <Unicode>zu spielen.</Unicode>
                </TextEquiv>
            </TextLine>
            <TextLine id="r1l128" custom="readingOrder {index:127;}">
                <Coords points="1287,2606 2226,2577 2225,2535 1285,2550"/>
                <Baseline points="1305,2592 1350,2590 1395,2588 1440,2587 1485,2586 1530,2585 1575,2584 1620,2583 1665,2582 1710,2581 1756,2579 1801,2578 1846,2577 1891,2577 1936,2575 1981,2574 2026,2572 2071,2570 2116,2569 2161,2567 2207,2564"/>
                <TextEquiv>
                    <Unicode>einem so seinfühligen Regisseur, wie Meister Savits,</Unicode>
                </TextEquiv>
            </TextLine>
            <TextLine id="r1l129" custom="readingOrder {index:128;}">
                <Coords points="653,2598 793,2609 925,2596 1093,2613 1092,2557 652,2560"/>
                <Baseline points="671,2597 696,2597 721,2596 746,2596 772,2595 797,2595 822,2594 847,2592 873,2592 898,2591 923,2590 948,2590 974,2589 999,2589 1024,2589 1049,2590 1075,2591"/>
                <TextEquiv>
                    <Unicode>O du mei' Weanerstadt,</Unicode>
                </TextEquiv>
            </TextLine>
            <TextLine id="r1l130" custom="readingOrder {index:129;}">
                <Coords points="2217,2623 2269,2614 2279,2603 2349,2601 2367,2611 2377,2600 2398,2603 2405,2595 2443,2591 2442,2563 2404,2564 2393,2554 2369,2562 2351,2555 2337,2563 2250,2569 2215,2560"/>
                <Baseline points="2235,2595 2262,2596 2289,2595 2316,2593 2343,2592 2370,2591 2397,2590 2424,2592"/>
                <TextEquiv>
                    <Unicode>repertoirs.</Unicode>
                </TextEquiv>
            </TextLine>
            <TextLine id="r1l131" custom="readingOrder {index:130;}">
                <Coords points="1279,2632 2226,2615 2228,2562 1278,2604"/>
                <Baseline points="1297,2633 1342,2631 1388,2630 1433,2628 1479,2626 1525,2625 1570,2623 1616,2622 1662,2620 1707,2619 1753,2618 1799,2616 1844,2615 1890,2614 1936,2613 1981,2612 2027,2610 2073,2609 2118,2608 2164,2607 2210,2606"/>
                <TextEquiv>
                    <Unicode>unterstützt wird, in der kurzen Frist einer halben Stunde</Unicode>
                </TextEquiv>
            </TextLine>
            <TextLine id="r1l132" custom="readingOrder {index:131;}">
                <Coords points="2237,2636 3222,2623 3340,2609 3339,2574 2236,2605"/>
                <Baseline points="2253,2641 2306,2641 2359,2640 2413,2639 2466,2638 2520,2637 2573,2636 2627,2635 2680,2633 2734,2631 2787,2629 2840,2628 2894,2626 2947,2624 3001,2622 3054,2620 3108,2618 3161,2616 3215,2614 3268,2612 3322,2610"/>
                <TextEquiv>
                    <Unicode>Die gestrige Aufführung der drei Einakter bewies auf's denen die?</Unicode>
                </TextEquiv>
            </TextLine>
            <TextLine id="r1l133" custom="readingOrder {index:132;}">
                <Coords points="607,2658 645,2643 746,2647 795,2632 813,2646 1022,2630 1021,2602 888,2595 870,2578 717,2603 643,2580 605,2598"/>
                <Baseline points="625,2637 650,2637 675,2637 700,2637 726,2636 751,2635 776,2634 801,2633 827,2633 852,2632 877,2631 902,2630 928,2630 953,2630 978,2630 1004,2630"/>
                <TextEquiv>
                    <Unicode>Die solche Herzen hat,</Unicode>
                </TextEquiv>
            </TextLine>
            <TextLine id="r1l134" custom="readingOrder {index:133;}">
                <Coords points="1291,2675 2241,2654 2240,2623 2096,2609 1290,2633"/>
                <Baseline points="1308,2672 1353,2670 1399,2668 1445,2666 1491,2664 1536,2663 1582,2661 1628,2660 1674,2659 1719,2658 1765,2657 1811,2656 1857,2655 1902,2654 1948,2653 1994,2652 2040,2651 2085,2650 2131,2649 2177,2648 2223,2647"/>
                <TextEquiv>
                    <Unicode>ein ganzes, an Glück, Entsagung und bitterer Enttäuschung</Unicode>
                </TextEquiv>
            </TextLine>
            <TextLine id="r1l135" custom="readingOrder {index:134;}">
                <Coords points="2217,2684 3359,2653 3357,2597 2216,2649"/>
                <Baseline points="2235,2685 2290,2683 2345,2682 2401,2681 2456,2680 2511,2678 2567,2677 2622,2675 2677,2674 2733,2672 2788,2671 2843,2669 2899,2667 2954,2665 3009,2663 3065,2660 3120,2658 3175,2656 3231,2652 3286,2650 3342,2647"/>
                <TextEquiv>
                    <Unicode>Neue, daß das Personal unserer Hofbühne unter guter aller Anerke</Unicode>
                </TextEquiv>
            </TextLine>
            <TextLine id="r1l136" custom="readingOrder {index:135;}">
                <Coords points="610,2676 687,2688 739,2676 886,2684 914,2669 931,2683 1008,2660 1050,2669 1049,2610 962,2640 815,2626 672,2636 647,2623 609,2634"/>
                <Baseline points="629,2677 654,2676 679,2676 704,2675 729,2674 754,2673 779,2673 804,2672 830,2672 855,2671 880,2671 905,2670 930,2670 955,2669 980,2669 1005,2668 1031,2667"/>
                <TextEquiv>
                    <Unicode>Du bleibst in Ewigkeit</Unicode>
                </TextEquiv>
            </TextLine>
            <TextLine id="r1l137" custom="readingOrder {index:136;}">
                <Coords points="3148,2696 3218,2691 3232,2701 3274,2691 3295,2701 3302,2693 3354,2687 3352,2648 3314,2658 3306,2651 3289,2656 3275,2646 3223,2663 3209,2657 3146,2664"/>
                <Baseline points="3167,2695 3195,2695 3223,2695 3251,2692 3279,2689 3307,2688 3335,2687"/>
                <TextEquiv>
                    <Unicode>unseres Hoft</Unicode>
                </TextEquiv>
            </TextLine>
            <TextLine id="r1l138" custom="readingOrder {index:137;}">
                <Coords points="1299,2720 1875,2702 1909,2687 1909,2652 1298,2678"/>
                <Baseline points="1315,2707 1343,2706 1372,2705 1401,2703 1430,2703 1459,2702 1488,2701 1517,2701 1546,2700 1575,2700 1604,2699 1632,2699 1661,2698 1690,2698 1719,2697 1748,2696 1777,2695 1806,2694 1835,2693 1864,2691 1893,2689"/>
                <TextEquiv>
                    <Unicode>reiches Menschenleben durchzukosten!</Unicode>
                </TextEquiv>
            </TextLine>
            <TextLine id="r1l139" custom="readingOrder {index:138;}">
                <Coords points="603,2734 711,2719 792,2734 826,2718 900,2719 925,2735 949,2714 1060,2709 1058,2660 1034,2654 972,2678 933,2683 915,2669 822,2687 783,2671 647,2683 601,2664"/>
                <Baseline points="619,2719 645,2718 672,2716 698,2716 725,2715 751,2714 778,2713 804,2712 831,2712 857,2711 884,2710 910,2708 937,2708 963,2706 990,2704 1016,2703 1043,2700"/>
                <TextEquiv>
                    <Unicode>Mei' Stolz, mei' Freud'!</Unicode>
                </TextEquiv>
            </TextLine>
            <TextLine id="r1l140" custom="readingOrder {index:139;}">
                <Coords points="2229,2731 3157,2703 3163,2653 2227,2679"/>
                <Baseline points="2247,2722 2291,2722 2336,2721 2381,2721 2426,2720 2471,2719 2516,2718 2561,2716 2606,2715 2651,2714 2696,2712 2740,2711 2785,2710 2830,2708 2875,2706 2920,2704 2965,2703 3010,2701 3055,2700 3100,2698 3145,2696"/>
                <TextEquiv>
                    <Unicode>Regie den modernen Stil der Menschendarstellung sehr</Unicode>
                </TextEquiv>
            </TextLine>
            <TextLine id="r1l141" custom="readingOrder {index:140;}">
                <Coords points="3153,2744 3181,2750 3198,2742 3216,2749 3240,2738 3268,2751 3296,2736 3366,2737 3364,2692 3322,2690 3302,2701 3273,2691 3260,2699 3221,2693 3204,2700 3197,2693 3151,2698"/>
                <Baseline points="3169,2729 3194,2730 3220,2730 3245,2730 3271,2729 3296,2728 3322,2726 3348,2724"/>
                <TextEquiv>
                    <Unicode>Schauspiels</Unicode>
                </TextEquiv>
            </TextLine>
            <TextLine id="r1l142" custom="readingOrder {index:141;}">
                <Coords points="1322,2746 2212,2733 2225,2687 2008,2667 1876,2699 1321,2705"/>
                <Baseline points="1340,2743 1383,2741 1426,2740 1470,2739 1513,2739 1557,2738 1600,2737 1644,2737 1687,2736 1731,2735 1774,2734 1817,2734 1861,2733 1904,2732 1948,2730 1991,2729 2035,2728 2078,2726 2122,2724 2165,2721 2209,2719"/>
                <TextEquiv>
                    <Unicode>Berglichen mit der „Gefährtin“ (der Titel besagt, wielucus</Unicode>
                </TextEquiv>
            </TextLine>
            <TextLine id="r1l143" custom="readingOrder {index:142;}">
                <Coords points="2229,2765 3161,2741 3138,2682 2228,2731"/>
                <Baseline points="2245,2768 2292,2764 2339,2762 2386,2760 2434,2758 2481,2756 2528,2754 2576,2753 2623,2752 2670,2751 2718,2750 2765,2748 2812,2748 2860,2746 2907,2744 2954,2742 3002,2741 3049,2737 3096,2735 3144,2731"/>
                <TextEquiv>
                    <Unicode>vohl zu treffen weiß. Das gilt insbesondere von der</Unicode>
                </TextEquiv>
            </TextLine>
            <TextLine id="r1l144" custom="readingOrder {index:143;}">
                <Coords points="385,2780 1321,2747 1319,2701 1242,2686 747,2733 383,2720"/>
                <Baseline points="401,2769 446,2770 491,2769 536,2769 581,2768 626,2767 671,2766 716,2764 761,2763 806,2761 852,2759 897,2757 942,2756 987,2754 1032,2752 1077,2750 1122,2749 1167,2748 1212,2747 1257,2746 1303,2746"/>
                <TextEquiv>
                    <Unicode>Man glaube nicht, das sei nur ein loser Scherz. Nein,</Unicode>
                </TextEquiv>
            </TextLine>
            <TextLine id="r1l145" custom="readingOrder {index:144;}">
                <Coords points="1302,2788 2217,2773 2223,2727 1301,2746"/>
                <Baseline points="1320,2783 1364,2781 1408,2780 1453,2779 1497,2778 1542,2778 1586,2777 1630,2776 1675,2775 1719,2774 1764,2773 1808,2773 1852,2772 1897,2771 1941,2770 1986,2769 2030,2768 2074,2766 2119,2765 2163,2764 2208,2762"/>
                <TextEquiv>
                    <Unicode>anon lucendo, daß Pilgrams Frau eben nur dessen gesetz¬</Unicode>
                </TextEquiv>
            </TextLine>
            <TextLine id="r1l146" custom="readingOrder {index:145;}">
                <Coords points="2232,2807 3153,2779 3159,2733 2231,2765"/>
                <Baseline points="2250,2802 2294,2800 2339,2798 2383,2796 2428,2795 2473,2794 2517,2793 2562,2792 2607,2790 2651,2789 2696,2788 2741,2787 2785,2786 2830,2785 2875,2783 2919,2782 2964,2780 3009,2778 3053,2776 3098,2773 3143,2771"/>
                <TextEquiv>
                    <Unicode>Darstellung der „Gefährtin“, die Herr Savits so fein ab¬</Unicode>
                </TextEquiv>
            </TextLine>
            <TextLine id="r1l147" custom="readingOrder {index:146;}">
                <Coords points="347,2817 1303,2786 1302,2751 1092,2743 346,2778"/>
                <Baseline points="365,2810 411,2810 457,2809 503,2808 549,2807 595,2806 641,2806 687,2804 733,2803 779,2802 825,2801 871,2799 917,2798 963,2797 1009,2795 1055,2794 1101,2792 1147,2789 1193,2787 1239,2786 1285,2783"/>
                <TextEquiv>
                    <Unicode>etwas von dieser Gefühlsduselei, die sich mit ein paarwohl¬</Unicode>
                </TextEquiv>
            </TextLine>
            <TextLine id="r1l148" custom="readingOrder {index:147;}">
                <Coords points="1299,2827 2227,2810 2227,2764 1298,2781"/>
                <Baseline points="1317,2823 1361,2821 1406,2820 1450,2819 1495,2818 1540,2817 1584,2816 1629,2815 1674,2815 1718,2814 1763,2814 1808,2813 1852,2812 1897,2812 1942,2811 1986,2810 2031,2809 2076,2808 2120,2807 2165,2805 2210,2804"/>
                <TextEquiv>
                    <Unicode>lich angetraute Frau, aber nicht dessen Lebensgefährtin</Unicode>
                </TextEquiv>
            </TextLine>
            <TextLine id="r1l149" custom="readingOrder {index:148;}">
                <Coords points="2240,2852 3109,2823 3154,2814 3153,2776 2238,2803"/>
                <Baseline points="2258,2842 2302,2839 2346,2836 2390,2834 2434,2832 2478,2830 2522,2828 2566,2827 2610,2826 2654,2825 2698,2824 2742,2823 2786,2823 2830,2822 2874,2821 2918,2819 2962,2818 3006,2817 3050,2815 3094,2813 3138,2811"/>
                <TextEquiv>
                    <Unicode>getönt hatte, daß es für den Freund moderner Stimmungs¬</Unicode>
                </TextEquiv>
            </TextLine>
            <TextLine id="r1l150" custom="readingOrder {index:149;}">
                <Coords points="346,2866 1278,2836 1304,2783 344,2813"/>
                <Baseline points="361,2850 407,2849 453,2848 500,2847 546,2846 593,2845 639,2844 685,2843 732,2842 778,2841 825,2840 871,2839 917,2838 964,2836 1010,2835 1057,2833 1103,2831 1149,2829 1196,2827 1242,2825 1289,2822"/>
                <TextEquiv>
                    <Unicode>feilen Thränen über die traurige Wirklichkeit hinweg¬</Unicode>
                </TextEquiv>
            </TextLine>
            <TextLine id="r1l151" custom="readingOrder {index:150;}">
                <Coords points="1310,2868 2242,2841 2241,2806 2175,2804 1309,2816"/>
                <Baseline points="1328,2861 1372,2859 1417,2858 1462,2856 1507,2855 1552,2854 1596,2853 1641,2853 1686,2852 1731,2852 1776,2851 1820,2851 1865,2850 1910,2850 1955,2849 2000,2848 2044,2847 2089,2846 2134,2844 2179,2842 2224,2840"/>
                <TextEquiv>
                    <Unicode>war), ist das Versspiel „Paracelsus“, der zweite Ein¬</Unicode>
                </TextEquiv>
            </TextLine>
            <TextLine id="r1l152" custom="readingOrder {index:151;}">
                <Coords points="2239,2882 3168,2864 3166,2811 3124,2809 2238,2830"/>
                <Baseline points="2256,2880 2300,2877 2345,2874 2390,2873 2434,2870 2479,2868 2524,2867 2568,2865 2613,2864 2658,2863 2703,2862 2747,2860 2792,2859 2837,2858 2881,2857 2926,2856 2971,2855 3015,2853 3060,2852 3105,2850 3150,2849"/>
                <TextEquiv>
                    <Unicode>malerei eine Freude war, das wechselnde Bühnenbild zu</Unicode>
                </TextEquiv>
            </TextLine>
            <TextLine id="r1l153" custom="readingOrder {index:152;}">
                <Coords points="352,2890 1302,2870 1276,2814 351,2841"/>
                <Baseline points="369,2887 414,2886 460,2886 506,2885 552,2884 597,2883 643,2882 689,2881 735,2881 780,2880 826,2878 872,2877 918,2875 963,2874 1009,2872 1055,2871 1101,2869 1146,2867 1192,2864 1238,2862 1284,2860"/>
                <TextEquiv>
                    <Unicode>tröstet, steckt in jeder Wiener Dichtung. Man wagt niemals</Unicode>
                </TextEquiv>
            </TextLine>
            <TextLine id="r1l154" custom="readingOrder {index:153;}">
                <Coords points="1313,2909 2049,2871 2241,2888 2240,2839 1312,2860"/>
                <Baseline points="1331,2897 1375,2896 1420,2896 1464,2895 1509,2894 1554,2893 1598,2893 1643,2892 1688,2891 1732,2890 1777,2889 1822,2889 1866,2888 1911,2887 1956,2886 2000,2885 2045,2884 2090,2883 2134,2882 2179,2881 2224,2880"/>
                <TextEquiv>
                    <Unicode>akter des gestrigen Abends, sehr leichte Waare. Was hätte</Unicode>
                </TextEquiv>
            </TextLine>
            <TextLine id="r1l155" custom="readingOrder {index:154;}">
                <Coords points="2235,2919 2951,2911 3170,2894 3169,2849 2234,2881"/>
                <Baseline points="2252,2920 2297,2916 2342,2914 2387,2911 2432,2908 2477,2907 2522,2905 2567,2904 2612,2903 2657,2902 2702,2901 2747,2900 2792,2899 2837,2898 2882,2897 2927,2896 2972,2894 3017,2893 3062,2891 3107,2889 3152,2886"/>
                <TextEquiv>
                    <Unicode>schauen und den Worten der Darsteller zu lauschen.</Unicode>
                </TextEquiv>
            </TextLine>
            <TextLine id="r1l156" custom="readingOrder {index:155;}">
                <Coords points="340,2932 1304,2911 1303,2859 339,2887"/>
                <Baseline points="357,2927 403,2926 449,2925 496,2924 542,2922 589,2921 635,2920 681,2919 728,2918 774,2917 821,2915 867,2914 913,2913 960,2912 1006,2910 1053,2908 1099,2907 1145,2905 1192,2903 1238,2901 1285,2899"/>
                <TextEquiv>
                    <Unicode>die letzten Konsequenzen zu ziehen und den Menschen und</Unicode>
                </TextEquiv>
            </TextLine>
            <TextLine id="r1l157" custom="readingOrder {index:156;}">
                <Coords points="1307,2945 2233,2924 2232,2876 2197,2869 1307,2910"/>
                <Baseline points="1323,2937 1367,2936 1412,2935 1456,2934 1501,2933 1546,2932 1590,2931 1635,2930 1680,2929 1724,2928 1769,2927 1814,2927 1858,2926 1903,2925 1948,2924 1992,2923 2037,2922 2082,2921 2126,2919 2171,2918 2216,2916"/>
                <TextEquiv>
                    <Unicode>ein anderer Dichter aus der merkwürdigen Renaissance¬</Unicode>
                </TextEquiv>
            </TextLine>
            <TextLine id="r1l158" custom="readingOrder {index:157;}">
                <Coords points="2233,2960 3173,2935 3149,2873 2232,2915"/>
                <Baseline points="2251,2956 2296,2954 2341,2952 2386,2951 2431,2949 2476,2948 2521,2947 2567,2945 2612,2945 2657,2943 2702,2942 2747,2941 2792,2939 2837,2938 2883,2936 2928,2935 2973,2932 3018,2930 3063,2927 3108,2924 3154,2921"/>
                <TextEquiv>
                    <Unicode>Aber wie wurde auch gespielt! Herr Schneider</Unicode>
                </TextEquiv>
            </TextLine>
            <TextLine id="r1l159" custom="readingOrder {index:158;}">
                <Coords points="342,2967 1309,2943 1308,2905 341,2929"/>
                <Baseline points="360,2968 406,2966 453,2965 499,2963 546,2962 593,2960 639,2959 686,2958 733,2957 779,2955 826,2954 873,2953 919,2952 966,2950 1013,2949 1059,2948 1106,2946 1153,2945 1199,2944 1246,2942 1293,2940"/>
                <TextEquiv>
                    <Unicode>Diugen schroff in's Auge zu sehen. Man kämpft nicht, son¬</Unicode>
                </TextEquiv>
            </TextLine>
            <TextLine id="r1l160" custom="readingOrder {index:159;}">
                <Coords points="1310,2983 2229,2964 2242,2925 1309,2944"/>
                <Baseline points="1329,2979 1373,2977 1418,2975 1463,2974 1508,2973 1552,2971 1597,2970 1642,2969 1687,2968 1731,2967 1776,2966 1821,2964 1866,2964 1910,2962 1955,2961 2000,2961 2045,2959 2089,2959 2134,2958 2179,2957 2224,2956"/>
                <TextEquiv>
                    <Unicode>figur des Theophrastus Bombastus Paracelsus von</Unicode>
                </TextEquiv>
            </TextLine>
            <TextLine id="r1l161" custom="readingOrder {index:160;}">
                <Coords points="2242,2991 3178,2969 3176,2920 3148,2914 2632,2957 2240,2942"/>
                <Baseline points="2259,2994 2304,2992 2349,2991 2394,2989 2439,2987 2484,2986 2529,2985 2574,2984 2619,2983 2664,2981 2710,2980 2755,2979 2800,2977 2845,2976 2890,2974 2935,2972 2980,2970 3025,2968 3070,2965 3115,2963 3161,2960"/>
                <TextEquiv>
                    <Unicode>(Professor Pilgram), Herr Lützenkirchen (Dr.</Unicode>
                </TextEquiv>
            </TextLine>
            <TextLine id="r1l162" custom="readingOrder {index:161;}">
                <Coords points="357,3015 1157,2997 1313,2985 1312,2943 355,2969"/>
                <Baseline points="374,3007 420,3005 466,3004 512,3002 558,3001 604,2999 650,2998 696,2996 742,2995 788,2994 834,2993 880,2991 926,2990 972,2988 1018,2987 1064,2986 1110,2984 1156,2982 1202,2980 1248,2979 1295,2976"/>
                <TextEquiv>
                    <Unicode>dern lächelt halb müde, halb ironisch=überlegen oder man</Unicode>
                </TextEquiv>
            </TextLine>
            <TextLine id="r1l163" custom="readingOrder {index:162;}">
                <Coords points="1311,3019 2233,2995 2232,2957 2190,2955 1310,2980"/>
                <Baseline points="1328,3018 1372,3017 1416,3016 1461,3015 1505,3013 1550,3012 1594,3011 1638,3009 1683,3007 1727,3006 1772,3004 1816,3003 1860,3001 1905,3000 1949,2999 1994,2998 2038,2997 2082,2996 2127,2995 2171,2995 2216,2995"/>
                <TextEquiv>
                    <Unicode>Hohenheim gemacht! Zugleich Bahnbrecher der Wissen¬</Unicode>
                </TextEquiv>
            </TextLine>
            <TextLine id="r1l164" custom="readingOrder {index:163;}">
                <Coords points="2465,3013 2518,3032 2591,3008 2626,3028 2832,3007 2913,3022 2943,2996 2993,3019 3178,3016 3176,2956 3151,2950 2464,2981"/>
                <Baseline points="2484,3024 2517,3023 2551,3023 2585,3022 2619,3021 2652,3020 2686,3019 2720,3018 2754,3017 2787,3016 2821,3015 2855,3014 2889,3012 2922,3011 2956,3010 2990,3008 3024,3007 3057,3005 3091,3003 3125,3002 3159,3001"/>
                <TextEquiv>
                    <Unicode> und Fräulein Heese wetteiferten</Unicode>
                </TextEquiv>
            </TextLine>
            <TextLine id="r1l165" custom="readingOrder {index:164;}">
                <Coords points="2246,3045 2316,3041 2323,3033 2351,3039 2469,3032 2466,2979 2439,2985 2407,2979 2393,2987 2383,2981 2369,2989 2355,2982 2310,2996 2243,2996"/>
                <Baseline points="2263,3033 2290,3034 2317,3032 2344,3030 2371,3027 2398,3025 2425,3025 2452,3026"/>
                <TextEquiv>
                    <Unicode>Hausmann)</Unicode>
                </TextEquiv>
            </TextLine>
            <TextLine id="r1l166" custom="readingOrder {index:165;}">
                <Coords points="353,3040 1314,3025 1312,2979 1092,2972 352,3005"/>
                <Baseline points="370,3046 416,3044 462,3043 508,3042 555,3040 601,3039 647,3038 693,3036 740,3035 786,3034 832,3033 878,3031 925,3030 971,3029 1017,3027 1063,3025 1110,3024 1156,3022 1202,3021 1248,3019 1295,3017"/>
                <TextEquiv>
                    <Unicode>flüchtet sich aus dem harten, trostlosen Dasein in eine</Unicode>
                </TextEquiv>
            </TextLine>
            <TextLine id="r1l167" custom="readingOrder {index:166;}">
                <Coords points="1312,3057 2224,3043 2243,2997 1311,3018"/>
                <Baseline points="1329,3057 1373,3056 1418,3054 1463,3053 1508,3052 1553,3050 1598,3049 1642,3047 1687,3046 1732,3045 1777,3043 1822,3042 1867,3041 1912,3040 1956,3039 2001,3038 2046,3037 2091,3036 2136,3035 2181,3034 2226,3034"/>
                <TextEquiv>
                    <Unicode>schaft, Lehrer der occultistischen Geheimlehre und mark¬</Unicode>
                </TextEquiv>
            </TextLine>
            <TextLine id="r1l168" custom="readingOrder {index:167;}">
                <Coords points="2240,3077 2578,3051 2715,3074 3011,3032 3186,3050 3184,2994 3156,2988 2238,3017"/>
                <Baseline points="2257,3071 2302,3069 2348,3068 2393,3067 2439,3066 2484,3064 2530,3063 2575,3062 2621,3061 2666,3059 2712,3058 2757,3056 2803,3054 2848,3053 2894,3051 2939,3049 2985,3047 3030,3045 3076,3042 3121,3040 3167,3037"/>
                <TextEquiv>
                    <Unicode>miteinander, den gedämpften Ton des Ganzen</Unicode>
                </TextEquiv>
            </TextLine>
            <TextLine id="r1l169" custom="readingOrder {index:168;}">
                <Coords points="361,3092 1315,3067 1313,3022 1222,3017 360,3043"/>
                <Baseline points="378,3084 424,3082 470,3081 516,3080 562,3079 608,3078 654,3077 700,3075 746,3075 792,3073 838,3072 884,3071 930,3069 976,3068 1022,3067 1068,3064 1114,3063 1160,3061 1206,3059 1252,3057 1298,3055"/>
                <TextEquiv>
                    <Unicode>schönere Traumwelt und schwelgt im Wohlklang farben¬</Unicode>
                </TextEquiv>
            </TextLine>
            <TextLine id="r1l170" custom="readingOrder {index:169;}">
                <Coords points="1306,3101 1645,3095 1700,3069 1739,3092 2239,3082 2237,3026 2195,3020 1305,3052"/>
                <Baseline points="1323,3097 1367,3095 1412,3094 1457,3092 1502,3091 1547,3090 1592,3088 1637,3087 1682,3085 1727,3084 1772,3083 1816,3082 1861,3081 1906,3080 1951,3078 1996,3077 2041,3076 2086,3075 2131,3074 2176,3072 2221,3071"/>
                <TextEquiv>
                    <Unicode>schreierischer Charlatan wäre der Basler Wunderdoktor</Unicode>
                </TextEquiv>
            </TextLine>
            <TextLine id="r1l171" custom="readingOrder {index:170;}">
                <Coords points="2236,3124 3186,3087 3184,3024 2235,3071"/>
                <Baseline points="2255,3113 2300,3110 2346,3109 2392,3106 2437,3105 2483,3104 2529,3102 2574,3101 2620,3100 2666,3099 2712,3097 2757,3096 2803,3094 2849,3093 2894,3091 2940,3090 2986,3088 3031,3085 3077,3083 3123,3080 3169,3077"/>
                <TextEquiv>
                    <Unicode>festzuhelten und dabei doch, jedes in seiner Art eine</Unicode>
                </TextEquiv>
            </TextLine>
            <TextLine id="r1l172" custom="readingOrder {index:171;}">
                <Coords points="346,3137 1291,3103 1311,3064 343,3067"/>
                <Baseline points="363,3125 409,3123 456,3122 502,3120 549,3119 596,3117 642,3116 689,3115 735,3113 782,3112 829,3111 875,3109 922,3108 968,3106 1015,3104 1062,3103 1108,3102 1155,3100 1201,3098 1248,3095 1295,3093"/>
                <TextEquiv>
                    <Unicode>prächtiger Verse. Die durch Sentimentalität geknickte Tra¬</Unicode>
                </TextEquiv>
            </TextLine>
            <TextLine id="r1l173" custom="readingOrder {index:172;}">
                <Coords points="1319,3144 2248,3120 2247,3075 1318,3099"/>
                <Baseline points="1337,3135 1381,3134 1426,3132 1470,3131 1515,3130 1560,3128 1604,3127 1649,3125 1693,3124 1738,3123 1783,3121 1827,3120 1872,3119 1916,3117 1961,3116 2006,3115 2050,3114 2095,3113 2139,3111 2184,3110 2229,3109"/>
                <TextEquiv>
                    <Unicode>ganz dazu angethau, selbst einen Shakesveare zu begeistern.</Unicode>
                </TextEquiv>
            </TextLine>
            <TextLine id="r1l174" custom="readingOrder {index:173;}">
                <Coords points="2243,3160 3178,3124 3176,3083 3078,3075 2241,3114"/>
                <Baseline points="2259,3153 2304,3150 2349,3147 2394,3146 2439,3144 2484,3142 2529,3140 2574,3139 2619,3138 2664,3137 2709,3135 2754,3134 2799,3133 2844,3132 2889,3130 2934,3129 2979,3128 3024,3125 3069,3123 3114,3120 3160,3117"/>
                <TextEquiv>
                    <Unicode>ganze Welt verhaltener Leidenschaft zu offenbaren. Ja so</Unicode>
                </TextEquiv>
            </TextLine>
            <TextLine id="r1l175" custom="readingOrder {index:174;}">
                <Coords points="353,3179 729,3142 1313,3144 1311,3102 1105,3095 351,3123"/>
                <Baseline points="369,3165 415,3163 461,3161 508,3159 554,3158 600,3156 647,3154 693,3153 739,3152 786,3150 832,3149 878,3148 925,3147 971,3145 1017,3143 1064,3142 1110,3140 1156,3139 1203,3136 1249,3134 1296,3132"/>
                <TextEquiv>
                    <Unicode>gik ist echt wienerisch. Wir finden sie bei Griliparzer wie</Unicode>
                </TextEquiv>
            </TextLine>
            <TextLine id="r1l176" custom="readingOrder {index:175;}">
                <Coords points="1311,3176 2086,3169 2240,3155 2239,3109 1309,3116"/>
                <Baseline points="1330,3173 1374,3172 1419,3170 1463,3169 1508,3168 1552,3166 1597,3165 1641,3164 1686,3163 1730,3162 1775,3161 1820,3160 1864,3159 1909,3157 1953,3156 1998,3155 2042,3154 2087,3152 2131,3151 2176,3150 2221,3149"/>
                <TextEquiv>
                    <Unicode>Schnitzler aber zerbrach sich nicht lange den Kopf über diese</Unicode>
                </TextEquiv>
            </TextLine>
            <TextLine id="r1l177" custom="readingOrder {index:176;}">
                <Coords points="2251,3196 3095,3162 3190,3184 3195,3117 2249,3150"/>
                <Baseline points="2268,3189 2313,3187 2359,3186 2404,3184 2450,3182 2496,3180 2541,3179 2587,3177 2632,3176 2678,3174 2724,3173 2769,3171 2815,3170 2860,3168 2906,3166 2952,3165 2997,3163 3043,3162 3088,3160 3134,3158 3180,3156"/>
                <TextEquiv>
                    <Unicode>und nicht anders spricht man in einem Sterbehause. Da</Unicode>
                </TextEquiv>
            </TextLine>
            <TextLine id="r1l178" custom="readingOrder {index:177;}">
                <Coords points="355,3217 1280,3181 1318,3176 1317,3137 353,3158"/>
                <Baseline points="371,3202 417,3201 464,3199 510,3197 557,3196 603,3195 650,3193 696,3191 743,3190 789,3189 836,3187 883,3186 929,3184 976,3183 1022,3181 1069,3180 1115,3178 1162,3177 1208,3175 1255,3173 1302,3172"/>
                <TextEquiv>
                    <Unicode>bei Anzengruber. Sollen wir da von einem Dichter lin de</Unicode>
                </TextEquiv>
            </TextLine>
            <TextLine id="r1l179" custom="readingOrder {index:178;}">
                <Coords points="1311,3225 2239,3198 2245,3149 1309,3176"/>
                <Baseline points="1329,3213 1376,3211 1423,3210 1470,3208 1518,3206 1565,3205 1612,3203 1660,3202 1707,3201 1754,3200 1802,3199 1849,3198 1896,3197 1944,3196 1991,3195 2038,3193 2086,3192 2133,3191 2180,3189 2228,3188"/>
                <TextEquiv>
                    <Unicode>zwiespältige Natur, sondern verwandelte ihn flugs in</Unicode>
                </TextEquiv>
            </TextLine>
            <TextLine id="r1l180" custom="readingOrder {index:179;}">
                <Coords points="2253,3232 3192,3197 3190,3162 2911,3155 2252,3198"/>
                <Baseline points="2269,3228 2314,3226 2359,3223 2404,3221 2450,3219 2495,3218 2540,3216 2585,3215 2631,3213 2676,3211 2721,3210 2766,3208 2812,3207 2857,3206 2902,3204 2947,3202 2993,3200 3038,3198 3083,3196 3128,3194 3174,3191"/>
                <TextEquiv>
                    <Unicode>gab es — Frl. Heese rechne ich das doppelt hoch an —</Unicode>
                </TextEquiv>
            </TextLine>
            <TextLine id="r1l181" custom="readingOrder {index:180;}">
                <Coords points="364,3248 1314,3220 1316,3174 363,3203"/>
                <Baseline points="380,3240 426,3239 472,3238 518,3237 564,3235 610,3234 656,3232 702,3230 748,3229 794,3227 840,3226 886,3224 932,3222 978,3221 1024,3219 1070,3217 1116,3216 1162,3215 1208,3213 1254,3212 1301,3211"/>
                <TextEquiv>
                    <Unicode>sieele, wie Arthur Schnitzler, etwas Anderes erwarten?</Unicode>
                </TextEquiv>
            </TextLine>
            <TextLine id="r1l182" custom="readingOrder {index:181;}">
                <Coords points="1321,3254 2232,3237 2245,3191 1320,3212"/>
                <Baseline points="1340,3251 1384,3248 1428,3245 1473,3243 1517,3242 1562,3240 1606,3239 1650,3237 1695,3236 1739,3236 1784,3235 1828,3234 1872,3234 1917,3233 1961,3232 2006,3232 2050,3231 2094,3230 2139,3229 2183,3228 2228,3226"/>
                <TextEquiv>
                    <Unicode>einen modernen Hypnotiseur, der einem protzigen Basler</Unicode>
                </TextEquiv>
            </TextLine>
            <TextLine id="r1l183" custom="readingOrder {index:182;}">
                <Coords points="2249,3272 3184,3246 3183,3187 2247,3230"/>
                <Baseline points="2266,3264 2311,3261 2356,3259 2401,3256 2446,3254 2491,3253 2536,3251 2581,3250 2626,3248 2671,3247 2717,3246 2762,3245 2807,3244 2852,3243 2897,3242 2942,3241 2987,3240 3032,3240 3077,3239 3122,3238 3168,3237"/>
                <TextEquiv>
                    <Unicode>keine einzige gespreizte Betonung, keine einzige theatralische</Unicode>
                </TextEquiv>
            </TextLine>
            <TextLine id="r1l184" custom="readingOrder {index:183;}">
                <Coords points="364,3286 1314,3258 1312,3220 1193,3214 363,3247"/>
                <Baseline points="380,3280 425,3278 471,3277 517,3275 563,3274 608,3272 654,3271 700,3268 746,3266 791,3264 837,3263 883,3261 929,3259 974,3258 1020,3256 1066,3254 1112,3253 1157,3251 1203,3250 1249,3250 1295,3249"/>
                <TextEquiv>
                    <Unicode>Nein, das wäre heute, da das Deutschthum in der Donau¬</Unicode>
                </TextEquiv>
            </TextLine>
            <TextLine id="r1l185" custom="readingOrder {index:184;}">
                <Coords points="1311,3297 2254,3270 2231,3215 2061,3244 1819,3223 1310,3248"/>
                <Baseline points="1327,3287 1372,3286 1417,3284 1463,3282 1508,3281 1554,3280 1599,3278 1645,3277 1690,3276 1736,3274 1781,3273 1826,3272 1872,3271 1917,3270 1963,3269 2008,3267 2054,3266 2099,3265 2145,3264 2190,3262 2236,3261"/>
                <TextEquiv>
                    <Unicode>Handwerksmeister durch seine Zauberkünste etwas Be¬</Unicode>
                </TextEquiv>
            </TextLine>
            <TextLine id="r1l186" custom="readingOrder {index:185;}">
                <Coords points="2243,3309 3186,3282 3184,3233 3062,3227 2242,3267"/>
                <Baseline points="2261,3303 2306,3302 2351,3299 2397,3298 2442,3296 2487,3295 2533,3293 2578,3292 2623,3290 2669,3288 2714,3287 2759,3285 2805,3283 2850,3282 2895,3280 2941,3279 2986,3278 3031,3277 3077,3276 3122,3276 3168,3275"/>
                <TextEquiv>
                    <Unicode>Geberde. Nur Herr Schneider hätte sich vielleicht beim</Unicode>
                </TextEquiv>
            </TextLine>
            <TextLine id="r1l187" custom="readingOrder {index:186;}">
                <Coords points="362,3329 1259,3304 1318,3295 1317,3249 361,3284"/>
                <Baseline points="378,3321 424,3318 470,3314 516,3312 562,3310 608,3308 654,3306 700,3305 746,3303 792,3302 839,3300 885,3299 931,3298 977,3297 1023,3296 1069,3295 1115,3294 1161,3292 1207,3291 1253,3289 1300,3287"/>
                <TextEquiv>
                    <Unicode>stadt mehr und mehr dem Ansturm der Slaven zu erliegen</Unicode>
                </TextEquiv>
            </TextLine>
            <TextLine id="r1l188" custom="readingOrder {index:187;}">
                <Coords points="1324,3329 2242,3314 2241,3258 1322,3277"/>
                <Baseline points="1341,3323 1385,3322 1429,3322 1473,3321 1518,3321 1562,3320 1606,3319 1650,3318 1695,3317 1739,3316 1783,3315 1827,3313 1872,3312 1916,3311 1960,3310 2004,3308 2049,3307 2093,3306 2137,3305 2181,3304 2226,3304"/>
                <TextEquiv>
                    <Unicode>scheidenheit beibringt. Der Tausendsassa hypnotisirt näm¬</Unicode>
                </TextEquiv>
            </TextLine>
            <TextLine id="r1l189" custom="readingOrder {index:188;}">
                <Coords points="2247,3345 3183,3318 3181,3273 2246,3306"/>
                <Baseline points="2266,3345 2313,3343 2360,3341 2407,3339 2455,3337 2502,3335 2549,3334 2597,3332 2644,3330 2691,3329 2739,3328 2786,3326 2833,3324 2881,3322 2928,3321 2975,3319 3023,3317 3070,3316 3117,3314 3165,3311"/>
                <TextEquiv>
                    <Unicode>Abgang den letzten langen Stoßseufzer sparen können.</Unicode>
                </TextEquiv>
            </TextLine>
            <TextLine id="r1l190" custom="readingOrder {index:189;}">
                <Coords points="362,3358 1322,3341 1321,3295 807,3289 361,3330"/>
                <Baseline points="380,3356 426,3354 472,3351 518,3350 565,3348 611,3346 657,3345 704,3344 750,3343 796,3341 843,3340 889,3339 935,3338 981,3337 1028,3336 1074,3335 1120,3333 1167,3332 1213,3330 1259,3328 1306,3326"/>
                <TextEquiv>
                    <Unicode>droht, doch zu viel verlangt. Ein müdes Lächeln, eine stille</Unicode>
                </TextEquiv>
            </TextLine>
            <TextLine id="r1l191" custom="readingOrder {index:190;}">
                <Coords points="371,3400 2263,3310 370,3361"/>
                <Baseline points="388,3393 485,3391 583,3388 681,3386 779,3383 877,3380 975,3378 1072,3375 1170,3372 1268,3369 1366,3366 1464,3363 1562,3361 1659,3358 1757,3355 1855,3353 1953,3351 2051,3349 2149,3347 2247,3345"/>
                <TextEquiv>
                    <Unicode>Thräue ist Alles, was der Dichter für das Leben übrig hat, lich die ehrsame Waffenschmiedsgattin Justina, die früher</Unicode>
                </TextEquiv>
            </TextLine>
            <TextLine id="r1l192" custom="readingOrder {index:191;}">
                <Coords points="362,3452 3152,3375 3188,3300 360,3393"/>
                <Baseline points="378,3439 517,3432 657,3426 796,3421 936,3416 1076,3412 1215,3408 1355,3403 1495,3400 1634,3396 1774,3393 1914,3389 2053,3386 2193,3382 2333,3378 2472,3375 2612,3370 2752,3366 2891,3361 3031,3356 3171,3350"/>
                <TextEquiv>
                    <Unicode>im besten Falle noch ein bischen Galgenhumor. Aber diese seine eigene Jugendgeliebte war, zweimal hintereinander. Viel weniger gelungen war die Aufführung des „Para¬</Unicode>
                </TextEquiv>
            </TextLine>
            <TextEquiv>
                <Unicode>box 16/1
9. 4. Der gruene Kakadu Zyklus
K
miert
S 
das erste Mal, um ihr im Schlafzustand den Wahn einzu#lcelsus“. Viell
zitternden Stimmungen weiß er so duftig und zart in
flüstern, sie habe ihrem gestrengen Eheherrn mit einem Kontraft der be
Worte zu verkörpern, daß wir ihm unsere Bewunderung
galanten Junker die Treue gebrochen; das zweite Mal, da- hier ergeht, zi
Ein Schnitzler=Abend im Residenztheater.
nicht versagen können.
mit sie einmal ihrem Gemahl die volle Wahrheit sage — Holzschnittmar
Ein alter Professor, der um die Untreue seiner viel
die Wahrheit, daß sie einst Paracelsus heiß geliebt, jetzt gute Portion #
„Die Gefährtin“ — „Paracelsus“ — „Der
z. B. Herrn ##
jüngeren Gattin gewußt, aber als weiser Lebenskenner
aber in ihrer ruhigen Ehe mit Meister Cyprian recht glück¬
grüne Kakadu“. 11
ganz und gar
großmüthig dazu geschwiegen hat, erfährt nach dem Tode
lich sei. So rächt sich der edle Wunderdoktor an dem Zunft¬
ihn beim
* Die Wienek Dichtung ist ein ganz sonderbares Misch¬
seiner Frau, daß auch diese neue Liebe für beide Betheiligten
meister, der in seinem nüchternen Sinn den Werth des
Bombastus
nur eine flüchtige Spielerei gewesen ist. Was bleibt ihm
gewächs. Sie gleicht einem verschnittenen Landwein, dem
Wahns und des Augenblicks nicht begreifen will.
der den protzig
übrig, als nach einem letzten Seufzer über seine Selbst¬
beides zusammen, die fremde Traube, die ihm beigekeltert
„Es fließen ineinander Traum und Wachen,
teristisch gab,
täuschung die Unwürdige zu vergessen? Vielleicht hätte
ist, und der Erdgeruch des mütterlichen Bodens den eigen¬
Wahrheit und Lüge. Sicherheit ist nirgends.
tonte jedes W
ein anderer Dichter diesen einfachen Stoff zu einer er¬
thümlichen prickelnden Reiz gibt. Jeder, der solchen Trunk
Wir wissen nichts von Andern, nichts von uns.
aus dem Mun
schütternden Tragödie gestaltet. Schnitzler begnügt sich
schlürft, spürt etwas Aehnliches heraus, aber nur der
Wir spielen immer; wer es weiß, ist klug.“
glücklichen T#
mit einer gedämpften Plauderei zur Dämmerstunde. Aber
Kenner weiß ihn richtig zu würdigen und zu rubriziren.
legene genialg
das Halbdunkel, das über den Seelen der drei Menschen
Das ist in kurzen Worten die etwas wohlfeile Lebens¬
Im vergangenen Winter hat Hermann Bahr, der wandel¬
dern mit verb
liegt, die sich hier, am Abend nach dem Begräbniß der
philosophie, die uns der Dichter in dem leichten Versspiele
bare Protens der Moderne, der Halbfranzose von der
stützten ihn F
Frau, zum ersten Male offen aussprechen, ist mit all seinen
mit viel Behagen vorträgt. Doch ist der in Haus Sachs¬
Donau, der seit anderthalb Jahrzehnten alle literarischen
Hypnose präg
schwankenden Lichtern und Schatten so meisterhaft gemalt,
scher Holzschnittmanier gehaltene Einalter so sehr er
Moden von Paris, Berlin und Wien verständnißinnig
die den Schre
daß Niemand sich dem Banne dieser Dämmerstimmung
feinere Charakterisirungskunst vermissen läßt, so geschickt
mitmacht und sich stets geschmackvoll nach der neuesten
Ausdruck br
entziehen kann, und die innexe Handlung, die sich
aufgebaut, daß sich der Zuschauer den etwas grobkörnigen
zu kleiden weiß, hier in München, wie in anderen
so war es
ganz in der Seele des Professors Pilgram abspielt,
Humor gerne gefallen läßt. Ja, er wirkt auf der Bühne
Städten Deutschlands viel Geistreiches und Witziges
nach beiden
die ailmälige Enthüllung der ganzen traurigen Wahr¬
vor einem größerem Publikum, wie der gestrige Abend
über die neue Wiener Kunst geplaudert; aber so viel wir
die Darstel
zeigte, noch stärker als die dustige Stimmungsmalerei der
heit, ist so wahr und so einfach dargestellt, daß
auch vom Café Grünsteiger, von Orchideen und Kravatten,
Was war a
wir die ganze Vergangenheit, die doch blos als Er¬
„Gefährtin“ mit ihrem keuschen Verzicht auf jeden
von Schnitzler, Peter Altenberg und Hugo v. Hoffmanns¬
mit dem au
innerung an uns vorüberzieht, thatsächlich mit dem alten
äußerlichen Theatereffekt. Freilich ist ihm nicht nur darin,
thal hörten, so wenig wußten wir nach wie vor, was wir
nommen w#
Manne miterleben. Wer das Geheimniß moderner
ondern auch an innerer dramatischer Wucht „Der
uns denn eigentlich unter dem spezifisch Wienerischen dieser
nicht nur die
dramatischer Dichtung belauschen will, der sehe sich einmal
grüne Kakadu“, der den Abend beschloß, bedeutend
Dichter zu denken hätten. War Bahr sich selbst darüber
Sapits wie
Schnitzlers „Gefährtin“ an! Auf der Bühne drei Per¬
überlegen. Was ich gelegentlich der letzten Aufführung der
untlar? Ich glaube kaum. Aber sein Lokalpatriotismus
Intendanz
sonen in bald gedämpftem, bald heftig erregtem Zwie¬
literarischen Gesellschaft über diese Schnitzler'sche Groteske
verbot ihm, das Ding beim rechten Namen zu nennen.
dem „Wei
gespräch, ein bischen Dämmerlicht im Zimmer, ein Aus¬
sagte, hat für mich wenigstens gestern seine Bestätigung
Wien ist das deutsche Capna. Die wollüstige Luft, die
ungen zu
blick auf den Garten vor dem Hause, auf das frische Grab
gefunden: theatralisch ein Meisterstück geschickter Mache,
über der Donaustadt zittert, macht schlaff und müde. Wenn
an Stelle de
der verstorbenen Frau — das ist der ganze Bühnenzauber.
rein künstlerisch genommen ein schöner Blender, jeden¬
ich an Wien dente oder einen Wiener Dichter lese, geht mir
eingesprung
Und trotzdem zwingt uns der Dichter, zumal wenn er von
falls aber eine erfreuliche Bereicherung unseres Theater¬
stets der Tingeltangelreim durch den Kopf:
zu spielen.
einem so seinfühligen Regisseur, wie Meister Savits,
O du mei' Weanerstadt,
repertoirs.
unterstützt wird, in der kurzen Frist einer halben Stunde
Die gestrige Aufführung der drei Einakter bewies auf's denen die?
Die solche Herzen hat,
ein ganzes, an Glück, Entsagung und bitterer Enttäuschung
Neue, daß das Personal unserer Hofbühne unter guter aller Anerke
Du bleibst in Ewigkeit
unseres Hoft
reiches Menschenleben durchzukosten!
Mei' Stolz, mei' Freud'!
Regie den modernen Stil der Menschendarstellung sehr
Schauspiels
Berglichen mit der „Gefährtin“ (der Titel besagt, wielucus
vohl zu treffen weiß. Das gilt insbesondere von der
Man glaube nicht, das sei nur ein loser Scherz. Nein,
anon lucendo, daß Pilgrams Frau eben nur dessen gesetz¬
Darstellung der „Gefährtin“, die Herr Savits so fein ab¬
etwas von dieser Gefühlsduselei, die sich mit ein paarwohl¬
lich angetraute Frau, aber nicht dessen Lebensgefährtin
getönt hatte, daß es für den Freund moderner Stimmungs¬
feilen Thränen über die traurige Wirklichkeit hinweg¬
war), ist das Versspiel „Paracelsus“, der zweite Ein¬
malerei eine Freude war, das wechselnde Bühnenbild zu
tröstet, steckt in jeder Wiener Dichtung. Man wagt niemals
akter des gestrigen Abends, sehr leichte Waare. Was hätte
schauen und den Worten der Darsteller zu lauschen.
die letzten Konsequenzen zu ziehen und den Menschen und
ein anderer Dichter aus der merkwürdigen Renaissance¬
Aber wie wurde auch gespielt! Herr Schneider
Diugen schroff in's Auge zu sehen. Man kämpft nicht, son¬
figur des Theophrastus Bombastus Paracelsus von
(Professor Pilgram), Herr Lützenkirchen (Dr.
dern lächelt halb müde, halb ironisch=überlegen oder man
Hohenheim gemacht! Zugleich Bahnbrecher der Wissen¬
 und Fräulein Heese wetteiferten
Hausmann)
flüchtet sich aus dem harten, trostlosen Dasein in eine
schaft, Lehrer der occultistischen Geheimlehre und mark¬
miteinander, den gedämpften Ton des Ganzen
schönere Traumwelt und schwelgt im Wohlklang farben¬
schreierischer Charlatan wäre der Basler Wunderdoktor
festzuhelten und dabei doch, jedes in seiner Art eine
prächtiger Verse. Die durch Sentimentalität geknickte Tra¬
ganz dazu angethau, selbst einen Shakesveare zu begeistern.
ganze Welt verhaltener Leidenschaft zu offenbaren. Ja so
gik ist echt wienerisch. Wir finden sie bei Griliparzer wie
Schnitzler aber zerbrach sich nicht lange den Kopf über diese
und nicht anders spricht man in einem Sterbehause. Da
bei Anzengruber. Sollen wir da von einem Dichter lin de
zwiespältige Natur, sondern verwandelte ihn flugs in
gab es — Frl. Heese rechne ich das doppelt hoch an —
sieele, wie Arthur Schnitzler, etwas Anderes erwarten?
einen modernen Hypnotiseur, der einem protzigen Basler
keine einzige gespreizte Betonung, keine einzige theatralische
Nein, das wäre heute, da das Deutschthum in der Donau¬
Handwerksmeister durch seine Zauberkünste etwas Be¬
Geberde. Nur Herr Schneider hätte sich vielleicht beim
stadt mehr und mehr dem Ansturm der Slaven zu erliegen
scheidenheit beibringt. Der Tausendsassa hypnotisirt näm¬
Abgang den letzten langen Stoßseufzer sparen können.
droht, doch zu viel verlangt. Ein müdes Lächeln, eine stille
Thräue ist Alles, was der Dichter für das Leben übrig hat, lich die ehrsame Waffenschmiedsgattin Justina, die früher
im besten Falle noch ein bischen Galgenhumor. Aber diese seine eigene Jugendgeliebte war, zweimal hintereinander. Viel weniger gelungen war die Aufführung des „Para¬</Unicode>
            </TextEquiv>
        </TextRegion>
    </Page>
</PcGts>
