3392 4352
748 239 1292 313 uene Kakadu
1402 237 1866 329 box 14/8
209 242 1279 357 9. 3. Der gruene Kakadu
2229 963 2664 1057 Telefon 12801.
804 983 1243 1050 Telefon 12801.
1948 1058 2992 1150 Unternehmen für Zeitungs-Ausschnitte.
515 1080 1540 1158 Unternehmen für Zeitungs-Ausschnitte.
2818 1102 3045 1183 Ausschnitt
1405 1131 1608 1218 Ausschaltt
2112 1123 3146 1276 „OBSERVER“ Nr. 75
671 1147 1333 1300 „OBSERVER“
1388 1153 1707 1308 Nr. 73
287 1293 3221 1373 L. österr. behördl. cone. Bureau für Zeitungsberichte u. Personaluschrich L. österr. behördl. conc. Bureau für Zeitungsberichte u. Personalnachrichten
1994 1324 3028 1447 Vien, I#/1. Türkenstrasse 17.
472 1363 1580 1428 Wien, IX/1. Türkenstrasse 17.
2814 1410 2885 1475 —
1770 1409 2076 1502 105 —
2048 1419 2803 1516 — Filiale in Budapest: „Figyelo“-
330 1401 538 1520 105
667 1437 1356 1523 — Filiale in Budapest: „Figyelö“
1820 1494 3111 1591 Vertretungen in Berlin, Chicago, London, Newyorx, Paris, Stockholm.
382 1503 1650 1603 Vertretungen in Berlin, Chicage, London, Newyerk, Paris, Stockholm.
293 1631 844 1717 Awsschnitt aus:
1743 1629 2341 1729 Ausschnitt aus:
916 1623 1630 1736 Tssene Lenung. Per
2321 1653 2629 1746 0ulie
2746 1665 3037 1751 SöCurer
651 1755 895 1862 1%
2190 1769 2380 1868 4
287 1779 713 1881 vo
1751 1777 2131 1883 vom %
2045 2052 3059 2125 „Im „Deutschen Theater“ ging gestern Abend
712 2080 1376 2170 Theater und Musil.
1991 2098 3063 2169 Arthur Schnitzler's prachtvoll bewegte Groteske
1994 2146 3059 2209 „Der grüne Kakadu“ neu einstudirt in Seene. Ottos
749 2154 1347 2216 Deutsches Theater.
1980 2190 3045 2237 Sommerstorff gab den Heuri, den Schauspieler,
478 2190 1644 2259 Die etwaslange Suite des „Probekandidaten“ im Deutschen Theater
1987 2233 3041 2281 der am Tage des Bastille=Sturmes in einer Pariser
463 2231 1640 2306 wurde gestern durch die Wiederaufnahme von „Hans“ unterbrochen,
1987 2261 3049 2319 Keller=Spelunke adligen Gecken und Lebe=Jünglingen
456 2274 1626 2324 und die wahren Freunde des Dramatikers Dreyer werden nicht unzu¬
1994 2304 3041 2361 durch die dramatische Schilderung einer aus Eifersucht
463 2321 1637 2386 frieden sein, neben dem erfolgreicheren Tendenzstück, um nicht zu sagen
1990 2351 3048 2419 von ihm begangenen Mordthat grausigen Kitzel
460 2354 1641 2406 an seiner Stelle, auch zuweilen diese Komödie des Herzens zu sehen,
453 2376 1634 2440 in der lächelnder Ernst und finnender Scherz eine höchst glückliche Vere
1995 2389 3045 2458 bereitet, bis schließlich die Komödie zu blutigem
458 2434 1642 2490 bindung eingegangen sind. Die Vorstellung gehört überhaupt zu
2253 2426 3054 2480 wandelt. Der Künstler traf in
1998 2441 2168 2490 Ernst
453 2469 1667 2538 den feinsten und abgerundetsten des Deutschen Theaters, und der
1984 2478 3045 2538 Wesen und Sprache sehr gut den schwärmenden
449 2504 1644 2566 Eindruck des szenischen Bildes würde vollkommen sein, wenn
1990 2529 3051 2566 Geist und die wilde Leidenschaft Henri's, die auf die!
451 2542 1642 2597 auf die Einrichtung des einsamen Haufes auf der Nordseeinsel
1984 2553 3056 2620 unselige That vorbereitet. Die Erzählung des Mordes
448 2578 1636 2647 nicht so viel Sparsamkeit verwandt wäre. Gerade die Anwohner
1992 2597 3046 2655 war von packender Wirkung. Gisela Schneider,
446 2625 1642 2683 der Nordsee haben sich bis in unser Jahrhundert durch einen
1984 2626 3046 2691 die als Léocadie allerliebst aussah, spielte die Aller¬
466 2661 1643 2727 schweren, gediegenen Stil ihrer Möbel und Geräthe ausgezeichnet,
1989 2661 3054 2719 welts=Courtisane mit einer liebenswürdigen Unbe¬
458 2701 1635 2755 und man charakterisirt sie schlecht, wenn man sie in eine unschöne,
1972 2715 3059 2788 kümmertheit und einer fast kindlichen Lebensfroheit,
460 2741 1637 2805 banale Einrichtung hineinsetzt, die ihren Urspiung einem Berliner
1996 2763 3065 2821 die der Gestalt alles Widerwärtige nahmen. Der
451 2784 1628 2846 Ramschbazar allertiefsten Geschmacks zu verdanken scheint. Man
1986 2798 3052 2860 wunderbar echte Verbrecher=Typus von Rittner
456 2824 1629 2889 sollte diese Dinge, die zur Herstellung der Stimmung so wichtig sind,
1995 2833 3057 2891 als Grain und die feine perverse Marquise Louise
457 2862 1641 2924 schon im Namen des naturalistischen Prinzips nicht vernachlässigen.
1996 2884 3054 2940 [Dumont's sind bekannt. Die Episode des
452 2881 1637 2942 Doch was der äußeren Umgebung an Echtheit fehlte, das be¬
1993 2917 3061 2979 revolutionären Schneiderleins kam durch Paul
460 2928 1644 2993 faßen die dargestellten Menschen in um so reicherem Maße inner¬
2010 2954 3054 3023 Pauli zu komischer Wirkung. Dreyer's „Hans“
456 2976 1633 3032 lich. Fräulein Dumonts Haus ist eine prachtvolle Figur, eine
1996 2998 3050 3067 in der gewohnten Besetzung eröffnete den Abend und
446 3012 1638 3059 tiefe Studie zur Psychologie der Jungfrämlichkeit. Doch sie ist
1994 3045 3059 3111 fand den gewohnten Beifall des dichtbesetzten Hausts.
453 3048 1634 3102 schon genügend bewundert worden, wie auch die Leistungen der
2851 3083 2981 3137 T
2962 3063 3189 3150 — inelusive
1783 3089 2787 3155 Für 50 Zeitungsauschmtte er  ouseny
279 3085 467 3158 For 50
451 3090 1643 3166 Herren Nissen, Sauer und besonders Hans Fischer durch ihre
2812 3103 2971 3174 14.—
2986 3126 3167 3173 Porto.
363 3118 928 3183 100 Trefflichkeit bekannt sind.
1875 3128 1993 3189 100
2817 3137 3178 3216 25.— Zahlbar
479 3155 1646 3232 Dem Dreyerschen Schauspiel folgte in zum großen Theil neuer
353 3182 476 3229 200
1867 3157 1998 3232 200
2815 3185 2968 3242 55.—
351 3216 460 3263 500
1871 3203 1992 3260 500
450 3210 1627 3258 Besetzung Der grüne Kakadu“, dem Arthur Schnitzler die
2691 3187 3217 3297 .„ 100.— im Voraus.
302 3248 463 3315 „ 1000
452 3229 1683 3313 anspruchslose Bezeichnung einer Groteske gegeben hat. Diese s
1817 3254 2009 3323 „ 1000
1921 3270 3253 3364 Im Gegensatze zu anderen Bureaux für Zeitungsausschnitte iet das
458 3292 1628 3354 köstliche, mit glänzendem Stilgefühl inszenirte Maskerade, die
458 3319 1729 3390 Leben und Spiel so geistreich durch einander wirrt, eine des
1812 3312 3261 3403 Abonnement durch keine bestimmte Zeitdauer begrenzt; — auch stel., en den
281 3329 431 3403 Abonne
456 3366 1735 3429 Frucht müder, schwermüthiger Lebenskenntniß und hellen, den
1815 3359 3102 3440 Abonnenten frei die aufgegebenen Themen zu ergänzen oder zu ändern.
275 3377 451 3452 Abonne
458 3408 1631 3444 weltmännischen Verstandes, wurde wiederum mit dem lebhaftesten
444 3436 1625 3499 Interesse aufgenommen. Herr Otto Sommerstorff in der Rolle
446 3472 1634 3548 des Schauspielers Henritraf sehr gut den Ton der Leidenschaft, die sich
449 3520 1652 3588 in die große theatralische Phrase einhüllt. Frau Gisela Schnei¬
445 3564 1633 3618 [der als sein untreues Liebchen hatte die rechte naive Korrupt¬
449 3597 1634 3656 heit. Ausgezeichnet ist Herrn Reinhardt's Demagoge, erschreckend
453 3634 1637 3702 lebenswahr Herrn Rittners Strolch, der seine wackere Tante um¬
448 3673 1643 3749 gebracht hat. Fräulein Dumonts Marquise scheint mir etwad zu
462 3712 1625 3770 gesund; die große Dame, die in den Verbrecherkeller nteigen muß,
513 3756 1636 3813 ##sich eine neue Sensation zu suchen, müßte wohl noch mehr
441 3800 1632 3858 prickelnde Nervosität und übernächtige Décadence haben. A. E.
