3436 4320
738 173 1804 228 einmal mehr zu einem Na! Er durchmißt schweigend
724 224 1803 271 ein paar Mal das Zimmer und der Vorhang senkt sich
724 260 1807 307 langsam, Alles verhüllend, wie das sonst der bekannte
732 292 1811 353 Mantel der Liebe macht. Für einen Einakter kann
727 349 1811 406 man an ausgesonnener Erfindung und erkünstelter Ver¬
732 389 1806 438 wicklung nicht gut mehr verlangen. Aber auch sonst
732 433 1802 495 ist das kleine Stück ein Mustererzeugniß theatra¬
734 471 1803 514 lischer Halbkunst. Das, was im Grunde das
733 513 1810 584 Wesentliche ist, die Charaktergestaltung eines Mannes
730 565 1803 626 von der Art des Professors, eines Weibes,
722 610 1811 664 wie es diese Vielgeliebte ist, daß wir sie Beide in ihrem
736 652 1447 702 innersten Wesen verstehen lernen,
1505 654 1806 707 das ist für
741 692 1296 747 SSchnitzler ganz Nebensache.
1312 692 1806 754 Statt eines lebendigen
731 741 1805 782 Gesammtbildes giebt er nur die Momentaufnahme eines
722 785 1805 825 Einzelzugs, der allein durch seine Pikanterie zu wirken
720 823 1809 871 hat, nur die Würze zum Gericht, das Gericht selbst
727 866 1805 920 mögen wir uns, wenns uns behagt, hinzudenken.
718 916 1799 957 Lotti Sarrow Winterstein und vor Allem
722 956 1796 1017 Nissen sprachen, was sie zu sagen hatten, mit
726 1004 1803 1061 so viel Empfindungsausdruck wie möglich; darzustellen
717 1048 1806 1093 hatten sie nichts. Auf eine Pikanterie läuft auch das
727 1094 1815 1136 zweite Stück „Der grüne Kakadu“ hinaus,
721 1133 1811 1176 trotz allen Wuthgeschreis und trotz der Blutthat, mit
733 1176 1810 1238 der die Handlung schließt. Aber es pulst doch mehr
730 1217 1810 1281 Leben, und in all der Schauspielerei, die uns vorgeführt
719 1270 1818 1311 wird, mehr ernst zu nehmende Empfindung, als in der
731 1312 1818 1366 „Gefährtin“. Im Hintergrunde des Genrebildes, das
727 1353 1810 1405 Schnitzler zeichnet, wetterleuchtet die Revolution, und
724 1401 1796 1446 das bringt einen Zug von Größe in das bewegte,
723 1443 1802 1489 farbige Werk. Prospère, ein ehemaliger Theater¬
730 1488 1799 1541 direktor, hat in Paris eine Kipe aufgethan.
719 1534 1799 1594 Damit diese Spelunke „zum grünen Kakadu“
733 1600 1797 1676 sondern vornehme Gäste anlockt, kommt der Wirth auf
726 1655 1798 1713 den spitzbübischen Gedanken, die Schauspielerbande, die
719 1712 1802 1760 er bisher leitete, auch weiterhin für seine Zwecke aus¬
723 1754 1796 1807 zunutzen. Er verpflichtet sie als Stammpublikum für
723 1791 1807 1856 die Kneipe, sie müssen sich als Verbrecher aufspielen,
728 1842 1812 1899 die den sonstigen Gästen grauliche Geschichten von
720 1893 1799 1944 Mordthaten, Einbrüchen, Brandstiftungen zum Besten
733 1946 1797 1994 geben. Er selbst würzt diese Unterhaltung durch die
736 1966 1801 2027 Frechheit, mit der er die Gäste, zumeist blasirte Aristo¬
725 2009 1808 2063 kraten, behandelt. Am Abend des 14. Juli 1789
734 2057 1803 2110 kommt der Hauptdarsteller der Kneipe, Citoyen Henri,
734 2095 1808 2152 mit einem ganz neuen eigenartigen Tric. Er hat
739 2148 1803 2194 soeben eine seiner Kolleginnen geheirathet, eine leicht¬
726 2182 1805 2239 fertige Person, die er jedoch leidenschaftlich liebt. Mit
730 2238 1803 2275 allem Aufwand schauspielerischer Mache erzählt er nun
734 2274 1811 2345 den Gästen, er habe vor wenigen Minuten einen Mord
733 2316 1802 2393 begangen, er habe seine Frau im zärtlichen Beisammen¬
725 2368 1809 2412 sein mit dem Herzog von Cadignan überrascht und den
734 2409 1810 2455 Verführer niedergestoßen. Die Zuhörer wissen nicht
726 2457 1809 2510 recht, ob der Komödiant spaßt oder in der That sich
725 2493 1811 2544 hat hinreißen lassen. In diesem Augenblick betritt der
736 2541 1811 2584 Herzog selbst die Kneipe. Mit ihm strömt allerlei
734 2588 1808 2648 Volk herein; es kommt von der blutigen Arbeit, die es
735 2626 1798 2672 beim Bastillensturm verrichtet hat. Aus allerlei An¬
726 2676 1807 2719 deutungen entnimmt Henri, daß der Herzog in Wirklichkeit
731 2714 1811 2776 ein Verhältniß mit seiner Frau hat. Und nun wird
736 2777 1808 2819 aus der Komödie wilder Ernst. Von der allgemeinen
731 2808 1794 2857 Erregung mitgerissen, ersticht der Schauspieler den Herzog.
741 2857 1817 2913 Es ist ein packendes Virtuosenstückchen, das Schnitzler
738 2904 1815 2958 sich hier leistet, blendend, aber ohne tiefere Empfindung
730 2949 1812 3003 zu erregen. Um ein Kunstwerk im ernsten höchstem
736 2983 1809 3044 Sinne zu sein, dazu fehlt es den Vorgängen an inner¬
727 3022 1801 3079 licher Begründung, an echtem Wesensgehalt. Wie in
728 3071 1803 3109 der „Gefährtin“ haben wir es auch hier mit einem
727 3116 1805 3172 Momentbild zu thun, das für den Augenblick besticht,
731 3162 1806 3211 ohne seelisch nachzuwirken. Alles für den Effekt, nichts
730 3203 1800 3252 für Geist und Empfindung. Und auch in diesem Stückchen
738 3247 1794 3293 bedeutet die Erfindung mehr, als die Ausführung.
726 3297 1810 3345 Die Szenen in der Kneipe könnten doch noch weit
730 3330 1806 3394 tolleren Humor athmen, sie sind mehr stizzirt, als aus¬
735 3375 1798 3443 gemalt; von den Gestalten sind besonders die Aristo¬
738 3422 1801 3472 kraten zu matt und nichtssagend gehalten. Ueber
743 3465 1806 3534 manche Schwächen aber half die Darstellung hinweg.
730 3510 1789 3562 Kainz, Rittner, Fischer, Biensfeldt,
1684 3554 1802 3611 Alle
737 3551 1681 3617 Luise Dumont, Maria Reisenhofer,
729 3597 1809 3647 thaten an ihrer Stelle das Beste, sie sprühten von
738 3647 1810 3698 Leben... Der sinnvollste, theatralisch aber unwirksamste
739 3683 1806 3743 unter den drei Einaktern ist das Versspiel
736 3731 1830 3789 „Paracelsus“ Für den Tiefsinn freilich, den der Held
741 3774 1801 3843 des Schwankes zum Schlusse vorbringt, ist die Hand¬
1972 3004 3029 3074 tung denn doch nicht bedemend genug. Sie führt aus,
1968 3055 3067 3136 wie der alte Theophrastus Bombastus Paracelsus einen##
1971 3085 3030 3180 Philister, der sein Genie nicht zu schätzen weiß, an der
1969 3140 2877 3207 empfindlichsten Stelle seines Hochmuths straft.
2913 3158 3034 3216 Der
2872 3169 2912 3209 820
1967 3186 3026 3277 Schwank würde kräftiger einschlagen, wenn er nicht so
1971 3224 3029 3325 schwerfällig einhertrottete. Däs gilt auch von der
1970 3266 3027 3370 Form. Es ist schwer einzusehen, warum Schnitzler den
1963 3315 3016 3384 viel zu muchtigen fünflüßigen Jambus statt eines
1956 3354 3024 3449 leichten Reinwerses, am besten des Knittelverses, gewählt
1963 3397 2055 3445 hat.
2085 3412 3007 3485 Auch in Diesem Stück war die Darstellung ohn
1955 3435 2989 3524 Fehl und Tadel. Es ist mir leider nicht mehr möglich,
1949 3483 3017 3557 näher auf das, was Kainz, Nissen und Fischer, was
1934 3508 3038 3629 die Damen Dumont und Heims leisteten, näher ein¬
1927 3576 2142 3629 zugehen.
2533 3599 2946 3672 Heinrich Hart
