3436 4128
365 191 610 293 9. 4
2143 134 2399 202 —
2138 196 2592 302 box 15/5
597 207 2032 307 Der gruene Kakaqn ZyKIuS
697 1176 2942 1272 hingerissen, und wird im Laufe des Marz in; zu den schmeichelhäftesten, die je uer eine “ zu lächem¬
769 1313 819 1353 AV
1437 1319 1524 1358 Tr
2702 1313 3373 1381 kleinen Stücke für Schnitzler ein
1711 1313 2706 1380 gerade schön gewesen, wie bei ihrer Nach¬
705 1324 779 1417 4
2705 1366 3373 1426 Fortschritt. „Der grüne Kakad
1711 1366 2703 1433 folgerin Marie Wilt. Noch inniger verknüpft
717 1392 773 1449 5
2696 1415 3381 1488 verbrechen= und lasterschwange
921 1380 1483 1489 Theater u. Literatur.
1708 1420 2700 1473 mit der Geschichte der heimischen Musikwelt ist
2696 1455 3387 1538 den ersten Tagen der französis
1707 1461 2702 1522 der Name Luise Dustmann. Sie hat dem
701 1472 1699 1564 e  e    ee
2706 1516 3378 1580 freilich paßt, wie manches an
1708 1508 2710 1576 alten und dem neuen Hause angehört. Sie war
894 1537 1493 1636 (Originalbericht des „Salon“.)
2703 1557 3375 1632 Autors, nicht ins Burgtheater.
1720 1567 2705 1617 die erste Elsa, die erste Senta in Wien. Als
2696 1596 3381 1677 leichtfertige Adelige — einer v##
1714 1615 2703 1670 Bertha, als Margarethe, als Fidelio, als
1124 1617 1663 1717 Wien, 8. März 1899.
2695 1639 3387 1728 von Herrn Reimers präch
1713 1656 2702 1721 Leonore im „Troubadour“ war sie gleich be¬
2970 1699 3388 1771 Komödianten der
784 1695 1703 1765 Der alte Wiener widmet den Eingang
2711 1704 2910 1763 meißelt
1707 1707 2703 1778 deutend. Ihr mächtiges Organ klang glocken¬
2704 1742 3372 1818 Gattung, Dirnen, Gauner und
699 1722 1698 1819 seiner heutigen Theaterchronik der Erinnerung
1705 1750 2703 1813 hell durch das weite neue Haus, als sie, bei
2711 1793 3380 1870 in buntem Durcheinander. H
700 1795 1706 1865 an sein altes Wien, an die trauten Räume des
1707 1799 2712 1869 der Eröffnungsvorstellung im Jahre 1869, die
698 1854 1703 1914 längst abgerissenen Kärntnerthortheaters,
2711 1845 3386 1909 thal und Frl. Witt gaben
1713 1854 2705 1903 Königin der Nacht sang. Unvergessen ist der
698 1887 1706 1950 das allen Jenen, die in seinen Räumen reinsten
2704 1893 3385 1957 In der „Gefährtin“ schuf Sonn
1706 1899 2694 1957 Abend der ersten Vorstellung des „Lohengrin“
2712 1942 3384 1997 fessor Pilgram eine seiner grö
702 1945 1697 2007 Genuß gefunden, unvergeßlich ist. Zwei der
1705 1931 2707 2001 in Wien, Ander gab die Titelrolle, Beck den
2711 1991 3389 2059 schen Rollen: von Frl. Ble
709 1977 1698 2050 hervorragendsten Sterne des unvergeßlichen
1709 1995 2715 2057 Telramund, Rosa Csillag die Ortrud. Die Scene
2707 2029 3382 2114 kungs oll unterstützt, entwickelt
708 2045 1704 2103 Theaters, Luise Liebhardt und Luise Dust¬
1700 2041 2715 2101 an der Kirchenstiege, von der Dustmann und
2703 2084 3388 2142 den Charakter eines Gelehrte
697 2093 1702 2152 mann=Meyer sind in diesen letzten Tagen,
1709 2089 2715 2159 Csillag wunderbar zur Geltung gebracht, mußte
2714 2124 3373 2205 treue seiner verstorbenen Frau
699 2128 1698 2199 die Eine als hochangesehene Gesangsmeisterin
1717 2136 2715 2213 auf stürmisches Verlangen wiederholt werden.
696 2186 1708 2249 in London, die Andere im bürgerlich trauten
2705 2174 3387 2260 gewesen, der sie aber für besser
1704 2177 2712 2245 Auch als Elisabeth war die Dustmann groß;
2708 2229 3376 2296 als sie war. Viel medicinische
708 2233 1706 2299 Familienkreise in Charlottenburg, aus diesem
1713 2231 2711 2292 die Erste aber, die in Wien diese Rolle creirte,
699 2279 1704 2336 Leben in die Weiten ewiger Harmonien hinüber¬
2713 2283 3358 2333 in dem kleinen Drama, viel
1711 2284 2676 2340 wie in mehreren Zeitungen zu lesen war, ist
706 2322 1714 2388 geschlummert. Oft und oft haben die beiden
2713 2323 3361 2389 über die Ehen, in denen der
1714 2328 2716 2390 sie nicht gewesen. Wagners „Tannhäuser“ wurde
2717 2375 3379 2428 unddreifer ist als die Frau. I
700 2370 1702 2438 großen Künstlerinnen Schulter an Schulter für
1714 2379 2709 2449 hier zuerst im Josephstädter Theater gesungen
2715 2415 3387 2483 schoß Herr Robert als Wun
709 2425 1705 2491 die Schönheit im Reiche der Töne gekämpft,
1712 2435 2707 2493 und gab damals die Primadonna Emma
2721 2468 3366 2535 phrastus Bombastus den Vogel
710 2476 1708 2532 in jenen fernen, der Jugend von heute unbe¬
1721 2478 2716 2531 Friedlowsky, welche gegenwärtig in Wien als
2717 2514 3369 2585 moderner Suggestionskünstler
1718 2523 2706 2574 Witwe des Stadtbaumeisters Adametz lebt, die
714 2513 1716 2579 greiflichen Tagen, da mit ihnen die Csillag
2712 2540 3393 2639 berühmten mittelalterlichen Au
703 2567 1715 2628 und die Titjens, Ander, Beck, Stau¬
1719 2569 2714 2635 thüringische Landgräfin. Luise Liebhardt
698 2598 1713 2685 digl, Schmidt und Erl die Stützen unserer
2715 2614 3373 2677 wie auch Frau Schratt,
1712 2610 2704 2678 und Luise Dustmann sind den Wienern, die
704 2667 1719 2729 Oper waren. Luise Liebhardt war eine
2712 2657 3390 2738 und Herr Thimig, den Ton
707 2707 1709 2772 Coloratursängerin seltenster Art, einen für
1725 2665 2359 2777 Gossen Bemungen geresen.
2718 2713 3373 2768 Zeit prächtig. Oftmals haben
710 2749 1702 2815 heutige Verhältnisse ungewöhnlich reichen Rollen¬
2699 2749 3368 2823 Besprechungen gegen Schnitzler
1806 2734 2712 2825 Das war eben damals eine andere Zeit.
708 2805 1700 2870 kreis beherrschte sie mit souveräner Macht,
2708 2803 3386 2869 mal erkennen wir es aber m
1721 2776 2710 2885 Bei den drei Einactern von Arthur Schnitzler,
700 2852 1712 2920 meist in Musikwerken von Mozart, neueren
2716 2849 3375 2907 daß „Die Gefährtin" und „P
1727 2831 2720 2935 „Paracelsus“ „Die Gefährtin" und
716 2882 1708 2969 französischen und älteren italienischen Meistern.
2707 2889 3385 2970 Gedanken enthalten und daß nich
1734 2884 2712 2967 „Der grüne Kakadu“, die am 1. März
707 2951 1715 3026 Sie war die Wiener Patti ohne die Präten¬
2716 2947 3374 3021 diesen günstigen Eindruck stört.
1725 2948 2710 3019 im Hofburgtheater zur Erstaufführung
703 2984 1712 3073 sionen und Ambitionen der spanischen Diva.
2708 2997 3383 3074 junge Autor stets prächtig gezei
1718 2997 2723 3060 gelangten, hätte man sich damals nicht unter¬
713 3046 3391 3132 Wenn sie sang, vergaß man, daß sie nicht! halten. Und doch bedeuten die beiden ersten scharf geschildert — wenn e#
740 3127 1163 3396 24
