3484 4480
232 138 1822 238 9.4. Der gruene Kakadu Zukrus
590 608 1868 673 dertsten Dienstabend, und er erwies sich durchaus nicht als alters¬
589 666 1868 719 schwach. Die feinen Pointen der Couplets, die Verve des Muloskop¬
594 700 1864 755 marsches, die bunte Märchenpracht der Costüme und Decorationen und
649 745 1870 798 last not least die einschmeichelnden Weisen Gustav Wandas wirkten
594 779 1857 840 in lebendiger Frische, und mit lachendem Munde nahm das Publikum
584 819 1871 876 die Darbietungen des Vierblatts, der besten Komiker Berlins, Thomas,
593 854 1870 905 Thielscher, Helmerding und Junkermann, entgegen. Als unter den
596 887 1856 947 Klängen des Kußwalzers der Vorhang sich über dem zweiten Akte senkte,
595 939 1862 980 zwang der andauernde Beifall das Directorium und Dichterpaar vor
584 970 1858 1033 die Rampe. Während sie sich dankend verneigten, wandelte sich die
582 1006 1871 1059 Scene zu einem Blumengarten; Kränze und Körbe thürmten sich hoch
583 1054 1858 1103 auf. Mit der Direktion Schönfeld=Kren ist in die Räume des Theaters,
581 1097 1867 1157 über das seit den Tagen Adolf Ernsts ein Unstern zu walten schien,
591 1135 1858 1180 endlich der Erfolg eingezogen. Möge er der Direction auch „Im
584 1170 1515 1238 Himmelhof“ der nächsten Première, treu bleiben.
705 1210 1867 1258 Ueber die erfolgreiche Aufführung, welche Sudermanns „Die
585 1228 1865 1289 drei Reiherfedern“ am Stadt=Theater in Göttingen hatte, berichtet
581 1282 1859 1330 die Göttinger Zeitung": „Die drei Reiherfedern“, die uns der
581 1318 1862 1373 Montag brachte, zeigen uns Sudermann von einer neuen Seite.
594 1365 1855 1428 Schon sein vorletztes Stück, „Johannes“, überraschte. Nach modern¬
585 1405 1854 1456 realistischen Schauspielen bot er mit diesem ein historisches Drama Und
576 1446 1861 1500 darauf ist nun ein Märchendrama gefolgt. Es ist natürlich, daß ein
577 1474 1856 1536 phantasievoller Dichter schließlich die heute beliebte Darstellung des All¬
584 1526 1856 1584 taglebens, das ihn umgiebt, satt bekommt, daß er allen Anforderungen
574 1552 1858 1607 des heute noch — wer weiß wie lange? — herrschenden Naturalismus
583 1605 1857 1654 zum Trotz, der dem Dichter nichts als selbstgeschautes Leben in „wahr¬
573 1647 1852 1694 heitsgetreuer" Darstellung verstatten will, sich aufschwingt zu Kunst¬
584 1688 1865 1735 gättungen, die seinem Bedürfniß nach freiem Schaffen in höherem Maße
583 1725 1851 1788 genügen, die dem Gefühl für Großes und Schönes, das in der Brust
590 1764 1854 1819 jedes echten Künstlers lebt, mehr Gelegenheit zur Bethätigung im Kunst¬
580 1807 1855 1861 werk geben. So wird auch Sudermann empfunden haben. Die drei
574 1841 1848 1886 Gestalten Prinz Witte, der Königin und Hans Lorbaß sind gleich¬
579 1884 1855 1943 sam die Träger dreier Welt= und Lebensanschauungen, die sich heute
578 1920 1848 1972 gegenüberstehen, der idealistisch=, der realistisch=philosophischen und der
580 1964 1849 2010 christlichen. Solche tiefere Beziehung bekunden diese Gestalten deutlich
582 1999 1850 2048 genug durch ihre Worte. Das Stück stellt ein durchaus selbständiges,
566 2038 1849 2087 in Handlung und Charakterzeichnung interessantes Kunstwerk dar, das
575 2074 1861 2117 eine tiefe menschliche Wahrheit in schoner Form veranschaulicht. Es be¬
580 2120 1847 2173 zeichnet entschieden einen Fortschritt des Dichters. Besonders zu beglück¬
571 2153 1858 2202 wünschen ist er wegen der wundervollen Gestalt der Königin. Ihre
579 2197 1846 2250 rein menschliche Glaubhaftigkeit leuchtet jedem unmittelbar ein, der er¬
570 2226 1849 2278 fahren hat, was die Liebe einer edlen Frau vermag. Verwandte Ge¬
568 2274 1855 2330 stalten fanden sich bei Sudermann schon früher, so hoch wie sie steht
567 2312 1862 2381 aber keine der früheren. Für die sorgsam vorbereitete Aufführung sind¬
565 2358 1854 2403 wir der Direction zu Danke verpflichtet: In Mzng auf Inseriirung
568 2394 1860 2447 und Zusammenspiel ließ sie, unter Berücksichtigung der gegebenen Ver¬
575 2431 1848 2486 hältnisse, Nichts zu wünschen übrig. Auch den einzelnen Darstellern
572 2470 1857 2525 gebührt Dank für die Sorgfalt, die sie alle auf ihre Rollen verwendet
580 2503 724 2558 hatten.
693 2531 1850 2596 Der New=Yorker Figaro schreibt: Louis Mann und Clara
574 2573 1863 2649 Lipmann waren diese Woche die „Stars“ in dem Horlem Opera House.
581 2621 1855 2668 Sie brachten die lustige Posse „The Girl in the Barracks“ („Mam¬
568 2656 1857 2737 sell Tourbillon“) zur Aufführung und zwar stets vor ausverkauftem
568 2703 723 2770 Hause.
692 2719 1856 2803 Aus St. Louis wird dem New=Yorker Figaro geschrieben: Herr
570 2779 1859 2832 Georg Heinemann, der alte und tüchtige Bühnen=Veteran, erfreute
571 2823 1856 2882 gestern ein recht zahlreich erschienenes Publikum im „Olympic“ mit der
577 2852 1854 2911 Darreichung des neuen, kreuzsidelen und puppenlustigen Schwanks
578 2902 1848 2946 „Ein Rabenvater“, in welchem Stücke er als Bauunternehmer
580 2933 1857 2981 Wilhelm Neuendorf die Titelrolle übernommen hatte, welche er mit ver¬
569 2974 1848 3022 ständnißvollem Gusto flott durchführte, so daß er erschütternd auf das
576 3018 1842 3081 Zwerchfell sämmtlicher Besucher einwirkte und nebst allen Mitwirkenden
581 3060 1461 3111 reichlichen und wohlverdienten Beifall einheimste.
693 3103 1850 3149 Aus Frankfurt a. O. wird berichtet: Frankfurter Oder¬
572 3127 1849 3194 Zeitung: Endlich ist Arthur Schnitzler in unser Stadttheater ein¬
576 3179 1844 3228 gezogen. In der letzten Spielzeit brachte das Sommertheater sein
576 3211 1847 3268 Schauspiel „Liebelei“. Sonst ist hier nichts von ihm bekannt geworden.
571 3256 1846 3306 Nun wurden uns gestern die an zahlreichen Bühnen schon im vorigen
570 3300 1830 3347 Winter gegebenen drei Einakter „Paracelsus“, „Die Gefährtin“,
573 3343 1843 3384 „Der grüne Kakadu“ vorgeführt. Es war ein kühnes Wagniß, dem
571 3371 1845 3416 Sonntagspublikum diese Schöpfungen von hoher künstlerischer Bedeu¬
1856 3367 1954 3429 stü
568 3420 1842 3467 tung zu bieten. An dem Urtheile über die Schnitzler'schen Werke ist
575 3459 1844 3502 heute nicht mehr zu rütteln. Sie tragen nicht den Stempel irgend einer
1858 3454 1952 3508 sch
1854 3493 1946 3536 ab
576 3498 1839 3543 Richtung, sondern sind, wie sich ein fein nachempfindender Beurtheiler
1852 3531 1949 3582 Di
574 3530 1838 3576 ausgedrückt hat, als „freie Schöpfungen einer persönlichen Gestaltungs¬
1887 3569 1940 3624 1
568 3572 1841 3619 kraft“, besonders hoch zu schätzen. Dem Referenten ist es eine gewisse
1898 3607 1942 3667 e
560 3607 1844 3650 Genugthuung, daß diesen Eindruck, den auch er bereits vor geraumer
563 3652 1845 3705 Zeit durch die Lektüre gewonnen hatte, die theatralische Darbietung nur
574 3689 1841 3725 noch vertiefte. Das gemeinsame Thema der drei Einakter, das Thema
1863 3729 1939 3782 ni
571 3721 1837 3774 von der weiblichen Falschheit, wird im „Paracelfus“ in leicht ge¬
1885 3770 1939 3819 S
568 3765 1847 3811 schüetzter Form abgewandelt. Ins Hochtragische wendet sich das Thema
564 3809 1930 3858 von der Falschheit des Weibes im dritten Stück. Es wäre angesichts! hi
568 3844 1839 3886 der gewaltigen Schwierigkeiten pedantisch, wollte man über die kleinen
1869 3847 1941 3895 D
571 3873 1839 3924 Stockungen und Störungen mäkeln, die sich im Zusammenspiel hie und
573 3921 1849 3979 da bemerkbar machten; sie werden bei den hoffentlich recht zahlreichen
575 3957 1954 4008 Wiederholungen von selbst schwinden. Wer sich aber das Meisterwerk! Ad
1977 133 2442 220 box 16/1
1875 623 3164 679 nicht ansehen will, weil ihm vielleicht der oder jener zugeflüstert hat, es
1886 676 3162 719 ginge gar zu gräusig darin zu, der meide auch das Theater, wenn man
1875 713 3163 783 Leoncavallos „Bajazzi“ giebt; denn der Stoff ist in beiden Stücken der¬
1879 742 3158 808 selbe: nur daß Schnitzler ihn nicht mit so äußerlich roher Routine be¬
1889 792 3161 849 handelt, sondern in wahrhaft genialer Umkleidung. — „Frankfurter
1877 835 3161 878 Local=Anzeiger“: Der gestrige Schnitzler=Abend im Stadttheater war
1881 859 3143 927 endlich wieder einmal von der Art, daß man seiner Gaben sich auch
1884 912 3150 956 anderen Tags erinnert und überhaupt gewiß lange nicht vergißt. Schon
1883 946 3154 994 die Reihenfolge der drei werthvollen Einakter, die Zusammenstellung des
1885 983 3147 1043 Programms bewies Geschmack. An solchen Einakterabenden empfängt
1889 1032 3159 1086 man, ebenso wie in Konzerten, das Beste nicht zuletzt, sondern zuerst,
1876 1072 3153 1115 wo der Geist noch am frischesten ist und alle Tiefen und Schönheiten
1872 1103 3146 1162 des Werks aufzunehmen vermag. So stand gestern auf dem Spielplan
1886 1147 3146 1189 und so steht für uns heute noch, in der Erinnerung „Paracelsus“
1889 1182 3162 1247 obena#t ein feines Stück eines feinen Kopfes und edlen Geistes, der
1872 1218 3157 1274 in der Beschäftigung mit geistreichen modernen Problemen schwelgte
1880 1263 3158 1324 und sie uns Nachempfindenden in formvollendetster Sprache und in der
1873 1304 3154 1355 leicht eingehenden Gestalt eines kurzen Dramas bietet. Fast zuviel In¬
1876 1340 3153 1398 halt für diese knappe Form, — wenigstens beim einmaligen Sehen;
1884 1384 3154 1439 hätte uns das Stück in Buchform vorgelegen, ich hätte es auf der
1875 1416 3159 1475 Stelle noch einmal lesen mögen. — Dann kam, nachdem unsere Ge¬
1871 1455 3155 1520 danken hierdurch schon ernsteren Dingen zugewandt „Die Gefährtin“.
1878 1497 3154 1561 ein weit ernsteres Stück, — wir dürfen wohl behaupten, — das
1884 1535 3158 1588 Ernsteste, das unser Theater bisher überhaupt gesehen; wenig Handlung
1883 1573 3147 1619 ist in dem Stück, es ist fast nur scenisch belebte Novelle; es wird immer¬
1871 1621 3157 1668 nur gesprochen, nur ziemlich leise und gedämpft und unter wenigen
1881 1661 3156 1701 Personen, — und ausschließlich — von einer Todten. Und doch, gegen
1882 1694 3157 1737 den Schluß, — welche Vorbereitung, welche Steigerung und welche
1867 1735 3156 1789 Wirkung. Und dann kam zu guterletzt eine unermeßlich lustige „Gro¬
1871 1780 3149 1831 teske“ „Der grüne Kakadu“ wie dieses unser Genre heißt: ein
1882 1816 3153 1869 Meisterwerk von Spitzfindigkeiten und Klügelei, ein unbeschreibliches
1865 1852 3155 1921 Mixtum compositum raffinirter szenischer Effekte und dabei gegens Ende
1875 1899 3122 1949 so hoch dramatisch und theatralisch, daß man kaum zu athmen wagt. —
1865 1937 3157 2003 Das muß jeder Kunstliebhaber, jeder, der an unserer Moderne Interesse
1867 1970 2188 2033 hat, selber sehen.
2013 2008 3159 2097 une Rsmeenhente“ die erfolgreiche Komödie von Otto
2849 2059 3012 2125 a
1865 2055 1955 2110 El
1865 2138 1953 2200 ve
1856 2173 1952 2232 ge
1864 2270 1963 2319 vit
1864 2225 1968 2386 3
1884 2393 1968 2464 90
