3484 4480
239 1031 360 1214 2
1807 75 1915 142 —
1527 104 2928 156 ieher. Sie s uns beim Beirachten de ee ere een de sin  e
2921 150 3279 199 betheiligt. Auch d
1538 151 2919 206 in Fiorida Kellerschenke Zum grünen Kakadu zwischen Herzögen, Marqui¬
1517 192 1763 249 ralis. Ihre
2926 196 3284 268 Wolframs Leitung
1770 198 2923 261 sinnen, Schauspielern, Dirnen, Verbrechern und Demokraten in
1526 236 1770 291 ) sogar von
2933 238 3273 295 sichtlich der ganz
1781 242 2920 296 grotesker Wildheit, wie auf einem Bilde eines niederländischen
604 257 1780 346 25 Fuß, was für eine Pflanze, die nur ein Jahr lang am Leben
2932 281 3290 342 körperung der Tit
1780 279 2919 334 Sittenmalers entfesselt. Jedenfalls ist es Schnitzler gelungen,
598 323 1777 396 bleibt, in der That eine ganz außerordentliche Triebkraft bedeutet.
2922 320 3288 381 den anderen Par#
1768 319 2919 384 die gesellschaftlichen Voraussetzungen der großen Schreckenszeit
2928 361 3294 429 (Osuka), Mantler
1774 372 2925 424 in einem knappen Bilde in frappantren Zügen künstlerisch zu ge¬
2934 414 3285 475 cagni wohnte der
1778 413 2926 467 stalten, als sie so viele langathmige Revolutionstragödien aufzuweisen
792 431 1596 522 Königliches Schauspielhaus.
2927 444 3293 507 nach dem ersten A#
1775 456 2917 521 haben. Die Grellheit aber der Farben ist von dem Stoffe untrennbar.
2919 496 3294 568 dank der überaus
1852 501 2919 559 Ein Einakterabend wie der Schnitzlersche setzt fast das ganze
790 500 1612 554 Drei Einakter von Arthur Schnitzler.
1773 521 2935 595 Personal unserer Hofbühne in Bewegung, vor allem aber stellt
697 554 1778 617 „Wir spielen immer; wer es weiß, ist klug.“ Dieses Motto
1775 589 2937 629 er an die Regie, die in den Händen des Herrn Lewinger lag,
610 602 1783 652 aus dem Versspiele Paracelsus steht auf dem ersten Blatte der
1782 632 2926 676 außerordentliche Anforderungen. Kommt dazu noch die plötz¬
599 637 1778 690 Buchausgabe (Berlin, S. Fischer) der drei Einakter, mit denen
1780 673 2936 731 liche Verhinderung eines in zwei Hauptrollen beschäftigten Künst¬
608 691 1775 743 der Dichter der Liebelei am Donnerstag Abend seinen Einzug
3019 678 3290 749 * Neues aus
1785 711 2938 767 lers, wie des Herrn Blankenstein, so wachsen die Schwierigkeiten
615 730 1771 779 in das königliche Schauspielhaus gehalten hat. Das Motto giebt
2925 718 3280 790 Herren=Reiter auf
1775 761 2925 819 noch um ein bedeutendes. Am einheitlichsten in der Grund¬
602 770 1781 828 die höhere Einheit der drei, nach Zeit, Ort und Charakter sehr
2931 784 3283 836 Lt. Suermondt ha
1777 803 2927 865 stimmung verlief das Schauspiel: Die Gefährtin; das von
595 815 1783 867 verschiedenartigen Werke. Verständlicher wird es uns, wenn wir
2931 824 3289 883 denn 101 Ritte b
1785 847 2929 902 Herrn Wiene (Professor Pilgram) und Frau Salbach (Olga
615 857 1681 921 ihm die einleitenden Worte des Paracelsus vorausschicken:
2928 865 3289 926 Ebenso behält Her
1783 886 2919 937 Merholm) getragene Ensemble erschien nur in dem Moment ge¬
727 907 1661 959 „Was ist nicht Spiel, das wir auf Erden treiben,
2933 914 3283 969 zweiten Plätzen de
1781 933 2931 987 fährdet, als Herr Franz als Doktor Hausmann einen durch den
723 948 1588 1002 Und schien es noch so groß und tief zu sein!
2939 952 3271 1016 mark auf 46 Ritt
1784 976 2931 1025 Charakter der Figur durchaus nicht bedingten Leutnantston
727 986 1555 1032 Mit wilden Söldnerschaaren spielt der eine,
2926 993 3258 1065 Sodann folgen
719 1022 1584 1072 Ein andrer spielt mit tollen Abergläubischen,
1783 1020 2930 1069 hineinbrachte, den er jedoch bald zu Gunsten eines diskreteren
2925 1041 3274 1101 dorff mit 00: 1
730 1056 1575 1108 Vielleicht mit Sonnen, Sternen irgend wer, —
1777 1061 2922 1113 fallen ließ. In dem Versspiele: Paracelsus schlug vor allem
2938 1084 3247 1144 E. Höpker mit
731 1085 1530 1136 Mit Menschenseelen spiele ich. Ein Sinn
1776 1098 2932 1153 Herr Swoboda als Doktor Copus den Ton des Fastnacht¬
2933 1120 3258 1188 Lt. v. Reibnitz n
724 1121 1571 1190 Wird nur von dem gefunden, der ihn sucht.
1764 1144 2928 1202 spieles mit großem Glück an, den auch Herr Gunz (Cyprian)
2924 1168 3253 1234 Lt. Panse wird
723 1169 1683 1226 Es fließen ineinander Traum und Wachen,
1780 1184 2927 1248 gut traf, obwohl er der Figur noch mehr ruhige Behäbigkeit ver¬
722 1212 1631 1268 Wahrheit und Lüge. Sicherheit ist nirgends.
2932 1215 3266 1275 47: 8, 7, Herr 2
1774 1234 2930 1292 leihen dürfte, von der sich dann die Beunruhigung durch das
730 1257 1629 1298 Wir wissen nichts von anderen, nichts von uns.
2934 1253 3229 1314 mit 15: 4, 2,
1773 1282 2923 1331 kecke Spiel des Paracelsus um so wirksamer abheben wird. Herr
725 1296 1535 1348 Wir spielen immer; wer es weiß, ist klug.“
2934 1297 3264 1358 Lt. v. Bradsky=4
1779 1319 2926 1382 Froböse hatte den Wunderdoktor in letzter Stunde über¬
690 1308 1776 1386 In diesen Worten, die an bekannte tiefe Weisheitssprüche
2920 1344 3261 1396 10: 2, 1, Herr
1776 1360 2923 1430 nommen, hat also auf so viel Dank wie Nachsicht Anspruch,
619 1357 1778 1432 Calderons und Grillparzers erinnern und die innere Verwandt¬
2937 1385 3226 1441 Jockeys hatte
1777 1409 2930 1485 prinzipiell theilen wir seine etwas gesuchte Auffassung des Paracelsus
617 1419 1793 1470 schaft zur Romantik vergangener Jahrzehnte ankündigen, spricht
2931 1423 3248 1490 größten Erfolg,
612 1453 2933 1511 der Dichter deutlich genug aus, was ihm als künstlerischer End= als eines lauernden Intriguanten jedoch nicht. Frau Basté
2939 1473 3262 1529 tine mit 139: 3
1784 1500 2934 1558 und Fräulein Gasny, sowie Herr Dettmer sicherten den
617 1501 1790 1559 zweck bei den drei seltsamen Werken vorgeschwebt hat. Er wollte
2927 1512 3250 1572 100: 24, 21, H.
606 1542 2938 1601 das Durcheinanderfließen von Traum und Wachen, Wahrheit guten Eindruck der Darstellung nach dem Umfange ihrer Auf¬
2919 1558 3257 1620 auf Hindernißbe
605 1588 2937 1642 und Lüge in künstlerischen Momentbildern festhalten, dem Wissen= gaben. In dem Schlußeinakter: Der grüne Kakadu war das
3011 1605 3257 1668 Zum Qu
1793 1623 2944 1688 Zusammenspiel der verschiedenen Gruppen alles Lobes werth,
602 1640 1781 1692 den, d. h. dem Klugen zur nachdenklichen, halb humoristischen,
2932 1633 3264 1715 „Münchener
1781 1668 2938 1723 obwohl sich, auch ohne die Klarheit des Ganzen zu trüben, ein
617 1679 1785 1731 halb wehmüthigen Betrachtung und mit der ironischen Neben¬
2945 1693 3254 1753 reich bekanntlick
1793 1722 2935 1771 schärferes Ineinandergreifen der Gegenspiele noch erreichen ließe.
606 1729 1790 1784 absicht den Zuschauer auf die Probe zu stellen, ob er klug und
2934 1727 3263 1789 in Oesterreich di
1791 1756 2933 1815 Aus der langen Reihe der Darsteller, in der sich zu Herrn Wiene,
610 1769 1781 1830 wissend oder nicht sei. So muß er denn ein Spiel halb mit ver¬
2937 1783 3257 1851 Ansichtspostkarte
1787 1805 2935 1860 Herrn Müller, Herrn Réné, Herrn Gebühr, Fräulein Richard,
605 1798 1778 1862 deckten, halb mit offenen Karten spielen; für den Beobachter aber
3124 1819 3249 1881 Sch
1787 1836 2952 1907 Fräulein Serda und anderen als tüchtig aushelfender Gast
615 1856 1792 1916 liegt der Reiz darin, aus den offenen sich eine Rechnung auf die
1798 1887 2942 1946 Herr v. Winterstein (Herzog v. Cadignan) vom Deutschen
602 1900 1792 1946 noch verdeckten Trümpfe zu machen. Das Ganze aber ist und
1783 1919 2951 1987 Theater in Berlin gesellte, hat die hervorragendste Aufgabe Herr
600 1945 1779 1991 bleibt ein Spiel; ist es vorbei, so ist auch das Interesse daran
1785 1973 2961 2034 Wiecke in der Rolle des Henri, in dessen Künstlerseele sich trotz
615 1979 1779 2035 im wesentlichen erschöpft und außer dem künstlerischen Genuß als
1793 2034 2958 2074 aller Zerrüttung seines Lebens eine Rousseausche Sehnsucht nach
608 2020 1787 2082 dauernder Gewinn höchstens die Mahnung daran mitzunehmen,
1785 2062 2950 2114 Reinheit und Ursprünglichkeit erhalten hat und dessen proble¬
611 2074 1788 2120 auch im Leben auf das Doppelspiel zwischen Sein und Schein
1787 2117 2949 2174 matische Natur zunächst bei dem Publikum auf einen auffälligen!
614 2114 1793 2190 zu achten, damit man vor ähnlichen Enttäuschungen bewahrt
1785 2151 2961 2208 Mangel an Verständniß stieß. Gleichwohl führte Herr Wiecke
606 2163 1396 2221 werde, wie die Helden der drei Einakter.
700 2191 2963 2261 Sie alle, diese Helden, sind Spieler wie der Wunderdoktor die Figur zu ihrer tragischen Höhe empor; er brachte namentlich
624 2242 2948 2312 Paracelsus, der mit Menschenseelen spielt und doch dabei so den entscheidenden Uebergang aus dem Spiel zur Wirklichkeit in
613 2283 2424 2340 seltsame und bittere Wahrheiten zu hören bekommt, daß er sich erschütternder Weise zum Eindruck.
1855 2303 2948 2386 Das Publikum nahm alle drei Stücke mit sichtlichem Interesse
615 2335 1791 2387 selbst nicht mehr auskennt, was Wahrheit und Spiel sei, und
1794 2375 2936 2425 entgegen und bereitete ihnen, ohne eine schwache Opposition zu
607 2382 1780 2439 darum das Spiel so schnell als möglich beendet. Offenbar, weil
2940 2365 3021 2444 neue
1784 2413 2929 2469 beachten, eine freundliche Aufnahme, die sich ohne Zweifel noch
617 2422 1785 2487 dieses Versspiel von dem bekannten Wundermann den Grund¬
2946 2434 3040 2485 oder
1788 2456 2926 2511 verstärken wird, wenn es sich in die künstlerischen Feinheiten der
615 2468 1791 2520 akkord der drei Stücke am klarsten anschlägt, hat es der Dichter
2937 2476 3040 2524 bis
1788 2509 2944 2558 drei Werke, die ja manchen zunächst befremdet haben mögen, zu
605 2512 1792 2563 an die Spitze des Buches gestellt. Die Bühnen räumen zumeist
2589 2519 3119 2615 Leonh, Ligne estinghe
1795 2555 2461 2620 vertiefen ernstlich den Versuch macht.
604 2554 1789 2613 dem modernen Schauspiel: Die Gefährtin die erste Stelle ein,
2924 2560 3267 2615 Interview, die ri¬
604 2603 1792 2649 weil sie das Publikum für die Reihenfolge: Tragik, Humor, gro¬
2927 2599 3258 2666 Besiellungen für
613 2641 1795 2699 teske Tragikomik für empfänglicher halten. Das ist eine Frage
2938 2639 3270 2703 in Furopa obe
1795 2538 2946 2732 Die erstanführung von Piekrs Maseaguis
609 2688 1780 2741 der äußerlichen Zweckmäßigkeit, ohne tiefere Bedeutung. Auch so
2928 2684 3268 2760 Lokomotivenbaue
602 2729 1781 2789 kommt der Grundcharakter der Stücke zu seinem vollen Rechte.
1796 2732 3252 2806 Opar „Iris“ am Frankfurter Opernhaus, einzige Firma
603 2776 1788 2834 Die Helden spielen und erkennen in einem Momente, daß auch
2918 2780 3271 2857 innerhalb der vo
1994 2787 2120 2850 ##
606 2815 1797 2866 mit ihnen gespielt wird oder daß sie aus dem Spiele Ernst
617 2859 1793 2920 machen müssen, um ihr Selbst zu retten. So hat Professor
1787 2826 1932 2959 mig
616 2905 1789 2957 Pilgram mit seiner Frau und mit dem Manne, den er für ihren
1785 2937 1922 3006 soga
623 2945 1790 2997 Geliebten hielt, strotz alles Edelmuthes, der ihn leitete, gespielt,
1787 2991 1923 3046 lang
605 2991 1789 3048 indem er zu feig war, von ihnen offene Wahrheit zu
1784 3031 1911 3089 Ope¬
606 3042 1788 3089 fordern, und er muß nun erkennen, daß all sein vermeint¬
1778 3069 1913 3141 freu
615 3076 1794 3133 liches Wissen Wahn war, daß das Gesicht der Wahr¬
1796 3121 1902 3188 wur
611 3116 1796 3183 heit, das er am Begräbnißtage der Frau erkennt, die
1787 3166 1904 3221 scer
611 3170 1793 3214 Züge der niedrigen Gemeinheit trägt. In schmerzlicher Erkennt¬
1788 3212 1904 3267 rei:
613 3214 1786 3263 niß befreit athmet er auf. So sucht Paracelsus das von dem
1789 3253 1894 3319 sch
610 3253 1792 3316 selbstsicheren, eingebildeten Cyprian sorglos unbehütet gelassene
1796 3300 1885 3352 der
620 3301 1781 3355 Eheglück zu stören und muß mitten in seinem verwegenen Spiele
602 3344 1879 3396 erkennen, daß die Frau, deren Herz er noch voll einer Jugend= sta
602 3383 1877 3452 liebe zu ihm träumt, von ihm „durch mehr und Tieferes“ ge= lei
1780 3421 1882 3491 m
602 3427 1795 3483 trennt ist, „als sie von irgend einem anderen trennt“. So spielt
1784 3465 1874 3522 de
615 3467 1794 3527 Henri, der Spelunkenkomödiant, seinen hochadeligen Bewunderern
610 3512 1882 3564 die Komödie vor, daß er einen Herzog als den Galan seinerin
610 3562 1800 3617 Frau getötet habe, und muß die blutige That vollbringen, als
1794 3588 1872 3658 u
605 3609 1781 3659 er erfährt, was er als Komödie ersonnen, die Untreue seiner
1784 3638 1877 3698 ih.
610 3649 1798 3707 Frau, sei Wahrheit. Je tiefer man in das Getriebe der einzelnen
615 3689 1895 3738 Handlungen hineinschaut, desto klarer wird man erkennen, daßsch
616 3717 1907 3790 unter diesem Doppelspiel von Traum und Wachen nicht nur die ver
613 3768 1902 3841 Helden, sondern alle Mithandelnden leiden. Am deutlichsten letze.
1782 3815 1920 3875 Han
616 3823 1795 3872 tritt dies in der Groteske vom grünen Kakadu zu Tage, in der
605 3857 1931 3929 Zuschauer und Spieler fortwährend ihre Rollen austauschen und Diese
613 3901 1927 3966 ein bizarres Doppelspiel die Phantasie in der regsten Thätigkeit verso
1779 3933 1925 3998 Und
614 3950 1788 4020 erhält. Nicht minder aber ist das Doppelspiel auch in den beiden
604 3965 1930 4044 anderen Einaktern planvoll durchgeführt, gewiß auch in dem b######
607 4022 1927 4119 Schauspiel „Die Gefährtin“, in dem die Frau, die gekommen ist,#
