3484 4256
1079 82 1137 142 K
2009 80 2476 173 box 1575
246 70 1879 191 9. 4. Der pruehe akadn zvkIns
1570 618 1825 686 —.
1236 661 2361 735 Die drei Einacter Schnitzler's reiht eine Grundstimmung
2340 693 2431 759 die
1134 696 2345 781 an einander. Das souveräne Spiel der Phantasie wird zur Wirklich¬
2329 751 2421 811 zul.
1127 749 2338 818 keit. Der Mensch geht unwissend und verständnißlos durch das ver¬
2334 788 2429 840 pie
1118 800 2329 859 worrene Leben, dessen Sinn ihm in einer tiefen Stunde zur demüthi¬
2346 827 2440 879 den
1120 825 2329 891 genden Erkennmiß wird. Paracelsus suggerirt einer Bürgersfrau
2348 869 2441 916 eini
1119 875 2332 929 den sündhaften Traum, in den Armen eines Junkers geruht zu haben.
2339 905 2447 961 Fäc
1118 905 2313 973 Aber die Frau sast in ihrem hypnotischen Traum viel mehr, als
2332 947 2454 997 muß
1130 940 2326 1016 Paracelsus ihr in die Seele legte. Aus dem Spiel ist Einst geworden.
2345 988 2438 1042 herr
1129 978 2328 1055 In der „Gefährtin“ erjährt ein Mann, der Jahre lang die
1124 1033 2333 1093 Liebesbeziehungen zwischen seiner Gutin und einem jungen Manne
2339 1042 2442 1117 auch
1120 1066 2329 1135 schweigend geduldet, daß es eine erbärmliche Tändelei gewesen, die
2328 1104 2456 1155 schon
1126 1105 2315 1173 seine Gattin in die Arme des anderen geführt — er, der Jahre lang
2332 1146 2451 1196 leben
1110 1141 2315 1214 den Nichtsahnenden gespielt, muß erkennen, daß er wirklich seine
2329 1183 2460 1237 arbei
1126 1179 2310 1247 Frau und deren Lieben niemals verstanden habe. Im „grünen
2331 1215 2464 1290 erspie
1107 1226 2327 1287 Kakadu“ wird die Revolution in einer Wirthsstube gespielt,
1110 1251 2325 1329 während sie sich draußen wirklich ereignet. Aus diesem Gegensatz
2332 1278 2460 1357 einige
1118 1303 2317 1373 zwischen Spiel und Wirklichkeit gewinnen die drei Stücke ihre künst¬
2333 1342 2470 1394 ungen
1114 1343 2306 1409 lerische Kraft. Das rundeste, saltenloseste ist das erste; aber es ist
2330 1382 2465 1434 Sopre
1074 1359 1123 1447 *
1112 1372 2317 1449 #trotzdem das wenigst bedeutende. Das zweite spürt den zurtesten
2325 1414 2475 1484 in ihr
1123 1411 2334 1491 seelischen Wirrnissen nach, aber es gewinnt nicht den täuschenden Schein
1115 1445 2328 1525 des Lebens. Das dritte ist ein grotesker Gedanke, der in einem
2330 1462 2463 1517 wurde
1111 1492 2342 1567 glänzenden Truc gipfelt; aber man wünschte ihm mehr Verwegenheit
1115 1545 2329 1614 in der Gestaltung, mehr bunte Fülle und freche Lustigkeit. Die Vor¬
1111 1585 2336 1646 züge der Stücke liegen in den Qualitäten, die Schnitzler bisher stets
1117 1612 2335 1696 dankeuswerth bekundete: in der seinen Grazie des Dialoges, in der
1115 1660 2328 1714 edlen Wä me der Empfindung, in der Vornehmheit und Klarheit seines,
1102 1691 2323 1746 Denkens und in der unablässigen Gewissenhaftigkeit der technischen
1104 1730 2330 1810 Gestaltung. Gespielt wurde vortrefflich. Sonnenthal fand in
1100 1760 2487 1845 dem zweiten und dritten Act ergreifende Töne; Robert gab dem wenn i
1099 1809 2481 1889 Paracelsus seine dämonische Ueberlegenheit; wenn ihm der Künstler dem Si
1102 1850 2488 1918 noch die behagliche Lustigkeit des Quacksalbers liehe, der sich an seinen; Manche
1097 1893 2304 1964 Streichen herzlich freut, wäre das Bild vollkommen. Fein und ange¬
2304 1922 2477 1986 versagt
1101 1931 2302 1997 nehm war Frau Schratt, voll graziöser Bosheit Frau Mitter¬
1093 1966 2311 2037 wurzer. Die Herren Hartmann, Krastel, Zeska, Thimig
2307 1970 2476 2034 so voll
1098 1997 2482 2070 und Treßler durchwärmten ihre Seenen mit ihrem liebenswürdigen leute mi
1104 2042 1259 2101 Humor.
2288 2068 2481 2134 leben 1e
1523 2076 1903 2160 Carl=Theater.
2302 2117 2494 2183 Blut hi
1210 2141 2482 2232 Baron Haas hält an seinen künstlerischen Ambitionen fest; den Sa
1086 2184 2475 2287 und es ist unverkennbar, welch' starke Fortschritte er in seinen dins¬
1086 2231 2124 2299 dramatischen Arbeiten bekundet. Sein letztes Stück Taga#
1091 2250 1485 2323 das Donnerstag u 7
1832 2704 2650 2795 ###ohe flehen — man geht ins Theater und
1367 2770 2661 2848 wrigt ein fröhliches Gesicht, wenn die Kehrseite der Medaille auch ziemlich
1255 2845 1792 2897 rostig und verwischt erscheint.
1381 2873 2651 2934 Das Buratheater brachte uns als letzte Novität, die Dreieinigkeit:
1260 2925 2651 3003 „Paracelsus“, Schauspiel in einem Act. — „Die Gefährtin“, Schauspiel
1269 2970 2650 3054 in einem Act. — „Der grüne Kakadu“, Groteske in einem Act von Arthur
1264 3018 2651 3088 Schnitzler. Der geistvolle Dichter hat sich einen ehrenvollen Platz bei uns
1269 3063 2659 3140 errungen und starkes Interesse sowie lebhafte Zustimmung gefunden. Indem wir
1266 3115 2662 3184 den großen und nachhaltigen Erfolg der Novität, auf welche wir gelegentlich
1270 3196 2663 3258 zurückkommen, feststellen, gedenken wir mit ungetheiltem Lobe der künstlerisch
1275 3212 2656 3290 vollendeten Darbietungen von Frau Schratt und Herrn Robert. Nicht ohne
1274 3263 2661 3335 Interesse ist es zu erfahren, dass Herr Sonnenthal der in dieser Novität seinen
1284 3334 2670 3379 Schwanengesang anstimmte, nunmehr gedenkt, sich auf sein altes Repertoire zu
1277 3359 2649 3447 beschränken und das Creieren von neuen Rollen mit seinem „Fuhrmann Heuschel“
2047 3407 2448 3486 Gsesno
1275 3429 1834 3496 eigentlich schon aufgegeben hat.
2431 3440 2683 3511 . P e. Fuas
1384 3462 2043 3559 In der Dafan== ist 8- ##
2918 3368 2988 3453 0
