3436 4224
1449 21 1845 95 een
442 24 1220 99 een
1365 55 3271 137 seine Uitermacht zu zeigen. Iustina hat die Leiben, ( schmatte, binaus. Aber die Euthällung ist nicht
411 93 1359 158 geschrieben werden könnten, eine Zeitstimmung zu
2325 102 3276 177 die letzte, nicht die furchtbarste. Um den lebenden
1367 115 2318 192 schaft des Junkers Anselm erweckt, der sich ihr ver¬
405 131 1364 192 uns. Unsere jungen und jüngsten Dichter wehren sich
2329 157 3269 217 Freund zu rechtfertigen, gibt Olga Merholm die
1374 160 2326 231 geblich mit heißen Liebesanträgen nähert. Paracelsus
406 176 1368 241 gegen die erlösende Empfindung, gegen das Erwachen,
2325 198 3272 267 Todte, an der nichts zu halten ist, preis. Das pflicht¬
1364 209 2326 280 nützt diesen Sachverhalt, den er mit sicherem Blicke
403 222 1369 289 das uns ins Gleichgewicht bringt, sie drängen uns
2328 255 3272 312 vergessene Weib des Professors wußte, daß ihr Ge¬
1365 253 2334 311 erspäht hat, versetzt, zu Gaukeleien aufgefordert, das
405 266 1372 331 ins Halbdunkel hinein und lassen uns darin zurück,
2327 298 3271 365 liebter verlobt sei; es war ihr gleichgültig, wie Alles,
1376 298 2325 361 Weib des Waffenschmieds in hypnotischen Schlaf und
417 316 1372 370 ohne befreiende Wahrheit im Gefühl, ohne die Mög¬
2323 338 3270 426 was außerhalb der Sphäre ihrer Leichtfertigkeit und
1366 352 2331 410 suggerirt ihr vor dem Erwachen die Vorstellung, daß
417 342 1373 427 lichkeit, jene Identität von Licht und Wärme, die der
2329 396 3284 450 Sinnlichkeit lag. Selbst das untrene Weib, das
1373 392 2335 457 sie sich dem Junker hingegeben habe. Der Effect
405 408 1368 479 Poêt Grillparzer, lange vor den Forschern der Ge¬
2325 440 3287 508 Pilgram hochherzig duldete, war eine Wahnvorstellung
1374 440 2326 508 ist ein so vollständiger, daß die im Banne der Sug¬
413 451 1369 518 genwart verkündete, zu erfüllen. Die drei Schnitzler¬
2359 491 3290 557 — eine Verlorene hatte ein Jahrzehnt neben dem
1370 484 2339 557 gestion stehende Frau ausführliche Geständnisse ablegt
417 496 1362 564 schen Dramolets sind ungemein charakteristisch in dieser
2324 530 3283 596 fremden Mann gelebt. Dem Schluße des interes¬
1362 541 2325 605 und Paracelsus selbst zu zweifeln beginnt, ob Wahn¬
406 551 1372 622 Richtung. Sorgfältig gegliedert in den Voraus¬
2332 582 3286 643 santen Seelengemäldes fehlt eine kräftige Symbolik.
1371 595 2344 653 vorstellung oder Erinnerung aus ihr reden. Nicht, um
403 592 1376 661 setzungen, streben sie keinem Abschlusse zu, fein in die
2328 638 3293 698 Auf Monologe ist bekanntlich ein Verdict gelegt, das
1370 633 2336 698 den verzweifelten Gatten zu beruhigen, sondern um
408 639 1373 704 Welt der Träume, Triebe und Zwangsvorstellungen
2336 680 3238 757 vorgezeichnete Geberdenspiel sagt uns zu wenig —
1379 681 2334 741 sich selbst Klarheit zu schaffen, macht der Wunderarzt
420 681 1382 756 hineindeutend, sagen sie uns nichts vom Erwachen
2333 728 3083 792 ein Nachtstück ist an uns vorbeigegangen.
1368 728 2333 786 der einen Suggestion ein Ende, um eine andere her¬
409 744 1374 796 und von der Selbstbeherrschung, äußerlich zu einer
2393 748 3295 843 „Der grüne Kakadu“ ist der Name einer
1363 775 2329 832 vorzurufen; er nöthigt Justine, die Wahrheit aus
417 782 1376 838 Wirkung hingeleitend, sind sie, innerlich gefaßt, doch
2324 821 3279 882 Pariser Spelunke, in der in den Tagen des Aus¬
1370 824 2336 883 dem Grunde ihrer Seele hervorzuholen und in Worten
418 831 1377 901 Fragen ohne eine Antwert. Sie bescheiden sich, uns
2326 862 3292 919 bruchs de französischen Revolution Komödsanten und
1364 873 2326 937 zu verkünden. Nun erklärt sie, daß sie zwar rein ge¬
404 877 1377 944 die Vorstellung zu geben, daß wir, nachtwandelnd am
2330 913 3295 991 Aristoreaten verkehren. Der Wirth Propere (Herr
1367 916 2337 979 blieben, aber Gedankensünden begangen, und daß
406 926 1368 983 vermeintlichen Tag, mit trügerischer Sicherheit hart
2339 966 3287 1026 Zeisler ein ehemaliger Director einer herumziehenden
1370 961 2336 1021 es die höchste Zeit für sie sei, den Junker aus
410 968 1380 1030 am Abgrunde durchs Leben schreiten, und daß: ein
2329 995 3295 1062 Truppe, veranstaltet hier eigenthümliche Komödien,
1382 1000 2326 1073 den Augen zu verlieren. In ihrem Wahrheitsdrange
414 1024 1369 1082 furchtbarer Weckruf aus unbekannten Tiefen den
2328 1051 3297 1122 die den Geschmack der Uibersättigten und Blasirten
1371 1055 2340 1121 gesteht sie ihre alte Liebe zu Paracelsus, der einst
413 1071 1379 1128 Sturz jeden Moment herbeiführen kann. Gewiß liegt
2330 1108 3281 1165 reizen. Seine Schauspieler geberden sich als Ver¬
1377 1103 2343 1166 gleich jenem Junker von heute, durch Resignation und
411 1123 1373 1174 ein Reiz in diesen Enthüllungen, die uns wieder nur
2329 1156 3298 1219 brecher, erzählen die furchtbarsten Schandthaten und
1370 1152 2332 1205 Abschied ihre Unschuld begnadete, verräth sie zuletzt
413 1171 1382 1228 Schleier zeigen, und fraglos liegt mehr Geist in dieser
2330 1193 3292 1249 bereiten dadurch den aristokratischen Zuhörern ein
1381 1205 2329 1265 auch die Neigung ihrer Schwester Cäcilie (Frl. Urfus)
414 1211 1372 1288 Bescheidung als in jener breitmäuligen Allerwekt¬
2333 1252 3291 1311 prickelndes Vergnügen. Zugleich fühlen sich die vor¬
1369 1253 2328 1316 zu dem gefährlichen Anselmus und weist dem Ver¬
419 1256 1377 1324 weisheit, die uns im Strom der Redensarten über
2332 1296 3290 1371 nehmen Spelunkenbesucher dadurch gekitzelt, daß man
1371 1297 2333 1377 führer einen willkommenen Ausweg aus seinen Her¬
408 1313 1377 1377 die Klüfte des Daseins hinwegtragen möchte. Aber es
2330 1340 3295 1404 ihnen Cynismen an den Kopf wirft und sie en
1377 1350 2328 1412 zenswirren. Cyprian ist gewarnt, und Paracelsus zieht
421 1354 1376 1431 gibt etwas Höheres als diese skeptische Bescheidung,
2337 1387 3296 1471 canaille behandelt. Hinter den überreizten Scherzen
1373 1397 2335 1462 als stolzer Sieger von dannen. Die mit Feinheit ge¬
416 1401 1386 1483 und die Großen der Kunst und der Menschheit haben
2333 1436 3291 1504 lauert die Wahrheit, unter die Komödianten, die
1371 1436 2340 1502 führte Satire deutet ins Unbestimmte hinaus. Der
415 1449 1384 1516 ein Verlangen darnach in uns erweckt, das sich nie¬
1386 1499 2341 1546 allzu zuversichtliche Cyprian glaubt jetzt durch Er¬
422 1503 1370 1557 mals und nirgends, am allerwenigsten aber auf der
2334 1535 3295 1602 wahrhaftige Geständnisse den Eindruck einer matten
1370 1533 2339 1608 fahrung klug geworden zu sein, aber nus will be¬
419 1546 1378 1607 Mittagshöhe der dramatischen Kunst, die das Licht¬
2345 1572 3310 1641 Komödie machen und die Grafen und Herzoge, die
1374 1581 2343 1648 dünken, der Arzt gab ihm wohl die Diagnose, aber
425 1593 1387 1657 bedürfniß so hoch gesteigert hat, zurückdrängen läßt.
2329 1635 3297 1703 mit der Canaille zu spielen meinen, fühlen eine un¬
1369 1642 1938 1694 keine Heilmittel in die Hand.=
415 1642 1377 1698 Es fällt uns nicht ein, dem Dichter mit der Schul¬
2341 1671 3313 1742 heimliche Sehnsucht nach der Brutalität, die sie mit
1447 1673 2334 1742 In der modernen Welt, in der das zweite Stück¬
422 1687 1387 1757 weisheit zu kommen, die alles zwischen Himmel und
2341 1728 3309 1792 Basiliskenblicken anzieht. Unter den Aristokraten ist
1381 1723 2336 1788 chen „Die Gefährtin“ spielt, bedarf es keines
418 1733 1387 1815 Erde ausgerechnet haben will, und wir stellen uns
2335 1775 3300 1843 einer, der Herzog von Cadignan (Herr Tauber), dem
1378 1781 2336 1834 Paracelsus, um die Seelenthore zu öffnen. Sie thun
421 1793 1383 1856 gewiß nicht an die Seite des selbstzufriedenen Phi¬
2342 1817 3304 1885 angeblich kein Weib widersteht, unter den Schau¬
1386 1826 2345 1885 sich allgemach von selbst dek Erkenntniß eines weisen
417 1836 1382 1894 listers, den die dämonische Kraft seines Paracelsus
2335 1859 3307 1923 spielern ein Virtuose Henri (Herr Freiburg), der
1377 1871 2342 1934 Mannes, des Professors Pilgram (Herr Freiburg) auf,
418 1889 1387 1967 beschämt. Aber der Anspruch auf Erlösung aus
2339 1914 3304 1970 seiner Art von Weiblichkeit widerstehen kann. Heuri
1386 1922 2338 1975 der zu edel ist, um tlug zu sein. Pilgram kehrt von
416 1932 1378 1993 „schwebender Pein“ wird im Bereiche der Kunst nie¬
2340 1954 3305 2017 macht die Geliebte des Herzogs, die Schauspielerin
1381 1961 2343 2039 dem Begräbnisse seiner Frau, die vor zwei Tagen
413 1977 1376 2036 mals verstummen, und jenes moderne epigramma¬
2334 2007 3303 2059 Leocadie (Frl. Dienstl), zu seiner Frau, und träumt
1381 2010 2343 2074 einem Herzschlage erlag, in seine Wohnung zurück
418 2022 1377 2092 tische Dramolet, das sich mit einer tiefgreifenden oder
2346 2048 3304 2108 sich in eine rechtschaffene Idylle mit der Verlorenen
1384 2057 2347 2117 und leidet unter dem conventionellen Mitleid der
413 2061 1376 2142 keinzugespitzten Frage begnügt, kann die Menschen
2339 2104 3311 2174 hinein. Für seine Spelunkenkomödie aber wählt er
1381 2103 2340 2168 Menschen. Nicht deshalb aber, weil dieses Mitleid
416 2125 1389 2181 wohl stimmen, aber nicht befriedigen. Das Publicum
2337 2147 3309 2215 sich das Motiv, daß er seine Frau im sträflichen Zu¬
1391 2146 2346 2213 nicht an die Größe seines Schmerzes heranreicht,
430 2161 1396 2221 will durch Nacht zum Lichte geführt sein; es will hell
2340 2192 3308 2273 sammensein mit dem Herzog betroffen und den letzteren
1384 2213 2339 2271 sondern weil er mit dem Geheimniß seines wahren
431 2197 1383 2275 sehen über die Hellseherei hinaus, es soll tagen, gleich¬
2336 2244 3308 2304 getödtet habe. Vielleicht sind unter der Schwelle des
1386 2258 2344 2316 Schmerzes allein ist. Nicht die Trauer, sondern das
423 2263 1396 2336 viel, ob dem Untergange oder dem Aufgange, ob in
2349 2291 3310 2359 Bewußtseins Ahnung und Zwangsvorstellung in ihm
1384 2299 2339 2370 Gefühl, nicht trauern zu können, erfüllt ihn mit
420 2310 1382 2371 der letzten Erkenntniß die Schwere des Menschen¬
2352 2340 3303 2404 mächtig — aber er spielt die Kowödie in der festen
1385 2348 2344 2405 eigenthümlichem Schauer. Die Frau, die er heute
428 2359 1391 2428 geschicks empfunden und überwunden wird, oder ob
2345 2387 3303 2447 Meinung, daß er glücklich liebe und Leocadie ihm
1381 2395 2350 2456 begrub, hat er längst verloren. Das bischen Duft, das
432 2403 1384 2470 die Nachtgeister vor der Heiterkeit des Morgens zurück¬
2340 2432 3302 2498 treu sei. Zu seinem Entsetzen gewahrt er, daß man
1399 2434 2357 2502 sie in sein Leben brachte, verflüchtigte sich rasch.
429 2451 1398 2524 weichen. Die dramatischen Skizzen Schnitzlers, die
2345 2480 3303 2544 diesmal die Komödie für Wirklichkeit nimmt, ver¬
1387 2488 2352 2548 Nach einem Jahre der Tändelei wandte sie sich von
421 2491 1398 2568 von innen heraus in die fragmentarische Form ge¬
2355 2511 3313 2599 nimmt er, daß Leocadie ihn erst gestern mit dem
1383 2540 2349 2602 dem bei weitem älteren Manne, mit dem sie kein
425 2541 1398 2612 drängt werden, leben sich in der Dämmerung aus.
2355 2582 3302 2633 Herzog betrogen habe, hört er die Worte der Zu¬
1396 2576 2344 2654 geistiges und kein gemüthliches Interesse theilte, völlig
418 2590 1394 2680 Das Publicum nahm Antheil an diesen feingestimmten
2354 2622 3305 2694 stimmung, die den Bericht über seine Rachethat be¬
1389 2623 2351 2706 ab, und Pilgram gewährte ihr die Freiheit. Er
424 2647 1396 2704 Kunstblättern, aus denen soviel intimes Schaffen an¬
2354 2676 3301 2737 gleiten. Die Komödie, die für Wirklichkeit genommen
1389 2671 2351 2739 wußte sie in sträflichem Einverständniß mit seinem
427 2697 1396 2774 muthet; aber es fühlte sich nicht durchwärmt und
2355 2730 3303 2783 wurde, geht in die Wirklichkeit über. Der Herzog
1394 2732 2349 2796 Assistenten Doctor Hausmann (Herr von Wymetal)
436 2733 1395 2805 gehoben. Man dachte mit, man folgte mit Aufmerk¬
2346 2761 3311 2835 erscheint gerade recht, um dem Wüthenden zum Opfer
1389 2777 2358 2841 und wartete nur ein Geständniß ab, um auf das,
442 2784 1386 2857 samkeit, man war gefesselt, ohne daß eine Be¬
2346 2830 3301 2883 zu fallen; der Dolch, das Spielzeug des Komödianten,
1400 2820 2348 2883 was er nicht mehr besaß, zu verzichten und den beiden
429 2830 1395 2899 freiung folgte; man bewunderte manchen Zug, aber
2348 2872 3302 2935 durchbohrt seine Brust. Während der Mord geschieht,
1393 2874 2345 2926 die Vereinigung möglich zu machen. Eine Freundin
436 2886 1141 2957 das Ganze hinterließ Verwunderung.
2353 2916 3315 2976 verkündet eine hereindringende Volksmenge, daß die
1400 2921 2355 2981 des Hauses Olga Merholm (Fräulein Baumgart),
506 2909 1400 3000 Das hier zuerst gegebene, schon durch den Vers
2351 2961 3312 3028 Bastille genommen sei — und inmitten all' dieser
1398 2958 2346 3035 die ein fein angedeuteter Zug tiefer Neigung an den
430 2975 1392 3053 über die nackte Wirklichkeitsmalerei herausgehobene
2348 3015 3309 3078 Schrecknisse und Wirren weidet sich eine aristokratische
1395 3021 2350 3071 vereinsamten Mann fesselt, hält diesen für den her¬
437 3025 1403 3081 Stückchen „Paracelsus“ ist ein physiologisches
2355 3057 3309 3124 Lebefrau (Frat Buska) an Mord und Wildheit und
1391 3062 2350 3138 kömmlichen betrogenen Gatten und will ihm die Ent¬
430 3075 1388 3140 Märchen in dem Sinne, in dem Jules Verne physi¬
2357 3111 3309 3171 gibt in ihrer Erregung dem Liebhaber (Herr von
1398 3112 2350 3174 deckung, daß er nichts zu betrauern hat, ersparen.
443 3122 1395 3187 kalische geschrieben hat. Die zur Kunst ausgebildeten
2354 3154 3312 3217 Wymetal) ein Stelldichein. Eine geistvolle Colorit¬
1410 3159 2358 3228 Unter dem Vorwande, ein eigenes Geheimniß zu be¬
433 3173 1395 3248 modernen Versuche mit Hypnose und Suggestion
2349 3208 3317 3272 studie, ein Stück Pathologie des Uiberreizes, der die
1399 3203 2358 3268 wahren, versucht sie compromittirende Briefe der Ver¬
428 3214 1398 3295 werden da ins Fabelhafte gesteigert, um die Thore
2352 3258 3300 3325 Herzen und Köpfe krank gemacht hat — aber doch
1395 3254 2350 3318 storbenen den Augen des Witwers zu entziehen. Pil¬
432 3266 1408 3332 einer Frauenseele weit aufzuschließen. Theophrastus
2354 3287 3309 3362 nicht eigentlich ein Geschichtsbild. Was uns da berührt,
1406 3293 2354 3367 gram läßt sie gewähren, gibt ihr aber zu verstehen,
445 3325 1407 3378 Paracelsus Bombastus (Herr Tauber), der berühmte
2351 3357 3313 3411 ist nicht der treibende Puls der Geschichte — der
1404 3348 2363 3406 daß sie sich unnütz Mühe mache und daß er Alles
442 3363 1407 3431 Gelehrte und Charlatan des sechzehnten Jahrhunderts,
1410 3397 2362 3459 längst durchschaut habe. Uiber den Tod der Gattin
2363 3402 3310 3459 Athem der Fäulniß weht uns entgegen, und nirgends
441 3410 1404 3472 der seine Zeitgenossen verblüffte, erscheint im Besitze
2354 3441 3312 3508 zeigt sich ein gesundes Leben, das aus der Verwesung
1400 3445 2354 3503 hinaus will er deren Neigung gelten lassen; er ist
436 3457 1413 3530 von Kenntnissen und Fertigkeiten, wie sie den moder¬
1401 3496 2356 3553 bereit, dem jungen Gefährten, der auf die Todesnach¬
2352 3492 2678 3571 neu emporsteigt.
446 3498 1412 3579 nen Hypnotiseuren geläufig sind. In seiner Vaterstadt
1406 3536 2360 3608 richt hin aus einem Nordseebad zurückgekehrt, wie
2433 3518 3313 3602 Unsere Darsteller haben die feinen Züge der
443 3555 1406 3607 Basel, in die er nach langen abenteuerlichen Wan¬
2358 3584 3306 3648 Skizzen nachempfunden. Herr Tauber machte mit
1403 3601 2361 3652 einem Bruder die Hand zu reichen; er räumt dem
441 3597 1411 3665 derungen zurückkehrt, producirt er sich unter großem
1416 3645 2360 3698 Geliebten ein Recht auf die Trauer ein, die ihm, dem
2366 3641 3303 3701 gutem Gefühl aus dem Paracelsus einen Schatten
451 3648 1409 3717 Zulaufe auf dem Markte und unter den Zuschauern
1412 3689 2366 3754 Gatten, versagt ist. Aber der junge Doctor Haus¬
2367 3688 3307 3748 des Mephisto: er gab ihm etwas vom volksthümlichen
450 3693 1412 3771 befindet sich auch der ehrsame Waffenschmied Cyprian
1415 3729 2366 3799 mann trauert nicht, die Todesnachricht fiel nur wie
2358 3736 3312 3796 Magier und dabei einen dämonischen Zug, der aus
446 3740 1408 3795 (Herr Schmidt), der einst als Nebenbuhler des Stu¬
1421 3781 2372 3841 ein leichter Schatten auf sein junges Glück, auf die
2362 3780 3309 3834 der Tiefe überlegenen Könnens hervordringt. Frl.
439 3788 1412 3858 denten Paracelsus den Sieg davon getragen und die
1408 3823 2370 3887 eben vollzogene öffentliche Verlobung mit einem
2363 3824 3307 3884 Immisch hielt als Justina das normale Gehaben
440 3833 1420 3912 Braut heimgeführt hat. Der beschränkte Cyprian stannt
1409 3880 2367 3930 Mädchen, dem er schon vor zwei Jahren die Ehe ver¬
2365 3877 3313 3945 der wohlerzogenen Frau und das Wesen der Beichten¬
456 3880 1407 3962 über den Wunderarzt und glaubt ihn dennoch ver¬
1422 3925 2370 3985 sprochen hat. Pilgram hört die Nachricht mit Er¬
2372 3929 3319 3993 den, die einem unbewußten Zwange folgt, gut aus¬
457 3933 1423 4004 achten zu dürfen. Er lädt ihn zu sich ins Haus, um
461 3984 3321 4069 ihn zu bewirthen und sich protzig über ihn zu erheben. staunen und mit wachsender Entrüstung. Er weiß einander. Herr Schmidt gab dem Cyprian den
