3392 4352
809 158 1323 238 iene Kakadu
1451 156 1879 248 box 14/8
253 156 1313 255 9.3. Der grutaan
848 1009 1243 1076 Telefon 12801.
558 1100 1565 1191 Unternehmen für Zeitungs-Ausschnitte.
1446 1157 1642 1224 Ausschaitt
728 1192 1721 1322 „OBSERVER“ Nr. 84
323 1303 1757 1394 L. österr. behördl. conc. Bureau für Zeitungsberichte u. Personalnschrichter
497 1384 1599 1478 Wien, IX/1. Türkenstrasse 17.
240 1442 583 1560 M 105
652 1462 1390 1556 — Filiale in Budapest: „Figyelö“
423 1544 1675 1611 Vertretungen in Berlin, Chicago, London, Newyork, Paris, Stockholm.
352 1661 871 1752 Ausschnitt aus:
344 1783 894 1893 788450
728 2103 1482 2191 Kunst und Wissenschaft.
724 2183 1587 2241 es: Im Deutschen Theater gab es gestern
609 2215 1576 2278 seinen sehr warmen, herzlichen Empfang lieber alter
638 2261 1573 2317 Bekannter. Das humor= und gemüthvolle Schau¬
622 2301 1582 2349 spiel „Haus“ von Max Dreyer wurde wieder in
625 2346 1581 2382 den Spielplan aufgenommen. Vornehmer und tiefer
631 2371 1578 2419 in der Empfindung, als das tendenziöse Schauspiel
635 2407 1586 2461 desselben Autors, das den Erfolg der Saison für das
628 2444 1581 2487 Theater in der Schumannstraße bedeutete, fesselte
633 2486 1588 2529 und unterhielt es in der im Vorjahre schon ge¬
630 2529 1596 2583 rühmten Besetzung das Publikum auf das beste.
630 2557 1581 2619 Schnitzlers geistreich aufgebaute Groteske „Der
629 2599 1579 2654 grüne Kükadu“ mit ihrem amüfanten Masken¬
635 2644 1586 2688 sviel beschloß den Abend und gab Herrn
636 2682 1580 2723 Sommerstorft, der leider durch einen Unfall
640 2708 1591 2757 längere Zeit am Auftreten verhindert war, Gelegen¬
627 2743 1589 2806 heit, sich in einer interessanten Rolle als Geneseuer
632 2786 1591 2844 wieder vorzustellen. Der in den Allüren des
625 2821 1583 2875 Komödiantenthums heimlich versteckten Leidenschaft
619 2861 1580 2909 dieses Schauspielers Heuri lieh der Künstler Glut
625 2898 1592 2943 und Farbe, und seinem Spiel war nicht anzumerken,
619 2939 1581 2996 daß er in diesem ungewohnten Rahmen nach einer
630 2972 1587 3033 unfreiwilligen, wenig erqnicklichen Pause zum ersten
633 3014 1023 3082 Mal wieder auftrat.
794 3049 1357 3140 Bezügs-Bedingungen.
1389 3117 1493 3189 7.50
337 3137 1238 3206 Für 50 Zeitungsauschnitte (Artikel oder Notizen)
1318 3133 1383 3199 fl.
1524 3133 1728 3207 inclusire
1377 3142 1523 3238 14.—
431 3177 522 3223 100
1544 3191 1701 3245 Porto.
428 3209 535 3269 200
1374 3211 1505 3275 25.—
1510 3222 1716 3279 Zahlbar
1367 3254 1471 3297 55.—
422 3255 532 3299 500
1357 3254 1749 3352 100.— im Voraus.
379 3271 534 3358 „ 1000
455 3320 1790 3383 Im Gegensatze zu anderen Bureaux für Zeitungsausschnitte ist das
363 3374 1806 3446 Abonnement durch keine bestimmte Zeitdauer begrenzt; — auch stcht es den
332 3407 1640 3490 Abonnenten frei die aufgegebenen Themen zu ergänzen oder zu ändern
2343 686 2745 751 Telefon 12801.
2049 779 3071 871 Unternehmen für Zeitungs-Ausschnitte.
2927 835 3143 905 Ausschnitt
2222 887 3236 1005 „OBSERVEN N. 83
1838 994 3288 1061 L Esterr. behördl. conc. Bureau für Zeitungsberichte u. Personalnschrichten
1840 1057 3104 1167 100 Wien, IX/1. Türkenstrasse 17.
2247 1142 2911 1227 Filiale in Budapest: „Figyelé“ —
1919 1227 3197 1304 Vertretungen in Berlin, Chicago, London, Newyork, Paris, Stockholm.
1850 1343 2378 1430 Ausschnitt aus:
2418 1381 2790 1472 Norüdeuisene
2399 1462 2564 1549 222
1854 1495 2424 1587 Nom 757/2“
2526 1476 3208 1665 GLS
1925 1597 2328 1708 C
1920 1684 1979 1723 7
2071 1655 3181 1826 W
1970 1818 2242 1931 .1n02
2087 1838 2910 1943 . Theater und Musik.
2074 1917 3226 1995 L-o. Daß Direktor Brahm vom Deutschen Theater
2006 1980 3217 2032 keine bezahlten Klaqueure hält und die Stimmung im Zuschauer¬
2014 2023 3225 2088 raum nicht inszenirt, bewies das Wiederauftreten von Otto
2013 2069 3222 2114 Sommerstorff nach langer Krankheit am Dienstag Abend¬
2018 2117 3233 2171 in Schnitzlers Groteske „Der grüne Kakadu“. Der Künstler
2008 2166 3219 2209 erfreut sich in Berlin allgemeiner Beliebtheit, und seine Rück¬
2011 2201 3218 2253 kehr an die Stätte seiner ersten künstlerischen Thätigkeit wurde
2012 2243 3221 2302 von Presse und Publikum gleich gutgehrißen; mit größtem
2005 2295 3213 2350 Interesse verfolgte man den Verlauf seiner Krankheit, und
2017 2339 3232 2393 froher Erwartung voll sah man seinem ersten Wieder¬
2012 2381 3214 2435 auftreten entgegen. Der Abend kam, das Haus war
2006 2432 3228 2488 nahezu ausverkauft, aber trotzdem der erste Auftritt zu einem
2011 2464 3216 2512 Empfange wie gemacht ist, rührte sich keine Hand. Es hätte
2007 2506 3219 2573 der unbeliebteste Schauspieler sein können, und die Zuschauer
2011 2543 3213 2602 hätten nicht gleichgültiger sein können. Das hiesige Publikum
2016 2595 3226 2647 ist kalt, das bewies aufs Neue dieser Abend. In Wien hätte
2006 2644 3222 2704 das Wiederauftreten eines solchen Schauspielers unter ähn¬
2017 2681 3218 2742 lichen Verhältnissen sich zu einem kleinen Ereigniß gestaltet.
2008 2732 3220 2776 Möglich auch, daß die betreffenden Bühnenleiter das Er¬
2011 2774 3219 2825 eigniß ein wenig inszenirt hätten. Böse ist übrigens Niemand
2010 2804 3249 2881 darüber, selbst Die nicht, die es merken. Das Publikum kann:
2009 2867 3233 2919 auch zur Begeisterung angeregt werden. Aber selbst eine
2009 2902 3215 2965 künstliche Nachhülfe berührt angenehmer, als eine so starre
3203 2903 3267 2985 s.
2007 2944 3220 3003 Kälte. Die interessante Vorstellung selbst nahm den gewohnten
2009 2996 3315 3061 Verlauf. Gefesselt folgte man den Vorgängen auf der Buhne, das
2007 3038 3319 3087 bei denen Schein und Wirklichkeit nicht zu unterscheiden sind.; den
2008 3081 3224 3135 Herr Sommerstorff eignet sich für den Schauspieler Henri¬
2018 3118 3229 3183 nicht besonders. Seine Kunst ist zu solide. Es fehlt ihm für
2002 3172 3218 3234 die Rolle das Bramarbasirende, das leichtsinnig Geniale.
2013 3209 3228 3268 Daß er aber trotzdem bedeutende Wirkung, besonders mit seiner
2012 3259 3209 3304 Erzählung von der Ermordung des Herzogs von Cadignac
2015 3308 3176 3364 erzielte, versteht sich bei seinem Können von selbst. Der Hirzog
2005 3346 2735 3403 wurde mit feiner Charakteristik durch
2876 3343 3201 3409 .Winterstein,
2008 3389 2725 3449 die Marquise mit frivoler Liebenswü
3017 3390 3170 3447 Frl. Du
2194 3436 2722 3488 egeben. Neu war auch
2017 3434 2148 3488 mont
2200 3473 2747 3552 Lebrêt, der der kleinen Rol
2197 3519 3043 3581 .Die übrigen Darsteller sind von früher
2188 3566 3071 3627 Dem „grünen Kakadu“ voraus ging Max D
2035 3607 3215 3662 Hans“ und errang lebhaftesten Beifall. Stücke, in denen
2006 3653 3238 3706 der Geist der seligen Marlitt zu walten scheint, wirken stets
2015 3699 3220 3753 auch beim P.blikum des Deutschen Theaters, ganz besonders
2015 3728 3222 3817 aber wenn sie nach dem Rezept der Modernen zurecht¬
1992 3769 2272 3868 gestutzt sind.
