3484 4320
782 166 1361 252 ruene Kakadu
258 164 724 263 9. 3. Der
1467 169 1925 266 box 15/4
502 190 1346 288 Dei grache Kakaun
2957 1200 3310 1280 daß auch Aus¬
3301 1203 3434 1292 hab
3301 1260 3425 1332 tion
2348 1260 3306 1330 Knchse zu Tage treten, welche schließlich selbst
362 1289 715 1358 K
1027 1309 3310 1381 D im Kreise Offiziers= und Unterdistzletskorps welches rund das Gros der gebildeten und vernünftigen
3300 1314 3421 1376 der
350 1337 3413 1452 seiner Freunde als verträglicher und liebens=]85,000 Mann betragen mag, die Reserveoffiziere Offiziere tief erschrecken, die doch glücklicherweise lun
352 1383 2298 1459 würdiger Kamerad aufs beste geschätzt wurde, und =Unteroffiziere nalbriich nicht mitgezählt.
3327 1416 3422 1488 Ent
2310 1398 3011 1488 die erdrückende Mehrheit bilden.
1697 1452 2053 1519 —
1332 1501 2317 1574 setzungen gebunden. Ein folcher Publikum aber gibt es
2321 1510 3297 1579 deutsche Renaissance%, seine ersprießliche Tätigkeit als
3292 1510 3421 1579 zutr
617 1496 1042 1629 Feuilleton.
1347 1554 2324 1615 heute nicht mehr. Und eie mnehmütiges Gefühl, ähnlich
2318 1559 3298 1619 Dramaturg am Hoftheater in Dresden und die liebe¬
3301 1567 3401 1620 den
1349 1596 2330 1659 wie bei den Literaturkomödlen Platens, ergreift uns:
2324 1605 3294 1669 volle, beharrliche Teilnahme für die Werke Heinrich
3291 1610 3410 1663 der
1335 1637 2323 1711 soviel glückliche Einfälle, soviel Poesie, soviel Be¬
678 1624 1031 1717 Ludwig Tieck.
2312 1642 3289 1733 von Kleists, der ohne ihn wohl kaum so rasch sich durch¬
3288 1656 3375 1707 gle
1337 1687 2315 1749 geisterung, Entrüstung und Spott — und all dies
2308 1696 2570 1760 gesetzt hätte.
3286 1691 3418 1761 Mäd
371 1691 1329 1784 Zur 50. Wiederkehr seines Todestagel
1341 1729 2329 1790 verschwendet an ein mehr sher weniger unfruchtbares
3286 1741 3409 1814 und
2376 1712 3311 1799 Also, wird man ausrufen, ist nach diesem Dichter
730 1749 1003 1828 (28. April).
1331 1762 2323 1829 Pamphlet gegen einige hornierte Literaturleute, nach
2309 1782 3309 1847 nichts zurückgeblieben? Und nichts Lebendiges verbindet
1336 1801 2317 1874 denen wenige Jahre spä#en kein Hahn mehr kräht! Es
397 1799 1340 1878 Ich habe bei der romantischen Ironich die man
2315 1822 3303 1884 ihn mehr mit unserer Zeit? Doch. Denn durch all
340 1853 1336 1911 weiter über A. W. Schlegels „Ehrenbogen und Triumph¬
1341 1860 2314 1914 ist in der Tat wahr, w#s man von diesen Literatur¬
2317 1874 3301 1925 das Vergängliche der Tieckschen Dichtung leuchten wie
342 1908 1334 1960 pforte für Kotzebue“, über Jean Paul, über Brentanos
1330 1902 2310 1962 komödien gesagt hat: sie blelben wohl eine Delikatesse
2314 1908 3306 1973 herrliche Juwele seine „Volksmärchen“ durch. Noch
3285 1782 3415 1938 mu
355 1948 1343 1998 „Godwi“ und „Gustav Wasa“ bis auf Heine verfolgen
1336 1947 2325 2016 für den Kenner, aber ein zum großen Teil unver¬
2314 1950 3302 2025 vor fünfzehn Jahren hätte man gar nicht den Mut
3293 1960 3420 2029 Vog
344 1983 1332 2045 kann, länger verweilt, nicht bloß, weil sie in Tiecks
1339 1990 2317 2052 dauliches Gericht für den, der so glücklich ist, den
2311 1998 3291 2052 gehabt, auf sie hinzuweisen. Aber das heutige Ge¬
3292 2004 3427 2067 zieht
353 2026 1334 2094 Komödien so stark zur Gi ung kommt, sondern auch
1324 2030 2316 2117 literarisch=theatralischen Lumpenkram jener Jabre nur
2312 2044 3285 2105 schlecht, in dem ja so manche Sehnsucht wieder er¬
3289 2057 3410 2109 das
346 2069 1338 2138 deswegen, weil von hiet aus Fäden von Tieck zu
1336 2085 1863 2163 vom Hörensagen zu kennen.
2311 2087 3291 2154 wacht, die man bereits für immer begraben glaubte,
354 2113 1360 2182 unserer jüngsten Literatur sich spinnen. Theater auf
2318 2134 3299 2198 ist dem Märchen wieder hold. Und dies scheinen auch
3293 2139 3414 2199 Ritth
341 2162 1340 2236 dem Theater, wie es Tieck aus Goethes Jugendsarcen,
2309 2177 3290 2244 andere einzusehen, denn erst vor kurzem kündigte ein
3282 2183 3423 2251 flatte
340 2190 1339 2281 aus Shakespeare, aus Gozzi und vor allem aus Hol¬
1375 2193 2311 2284 Jene Dichtungen Tiecks also, die von den Zeitge¬
2306 2224 3287 2289 rühriger Verlag eine Sammlung romantischer Märchen
3280 2215 3413 2283 Tan
344 2256 1332 2311 berg gelernt hat, insbesondere aber die Vorliebe für die
1330 2259 2314 2319 nossen am meisten bewundert wurden, gehören heute
2313 2265 3290 2329 von Tieck und Brentano an, von der der erste Band
3278 2275 3409 2329 haben
344 2305 1333 2360 Verwischung der Grenzen zwischen Spiel und Wirklich¬
2308 2311 3289 2384 bereits vorliegt.**) Und was sind das doch für
1326 2305 2310 2368 nur noch der Geschichte an. Der Klingersche Stich
3284 2319 3407 2374 sich
343 2333 1331 2401 keit — in Hofmannsthals Dramoletten kommen sie
1338 2344 2322 2405 fällt uns wieder ein. .. Tote Geschichte! Und in dieser
2305 2345 3289 2421 wunderbare Gebilde, diese Tieckschen Mörchen! Sie
3284 2353 3418 2417 die
352 2377 1340 2449 wieder und in Schnitzlers „Grünem Kakadu“. Den
1322 2400 2318 2455 Totenkammer, die andere euphemistisch Pantheon
2309 2395 3293 2457 machen wahrlich all das Viele wieder welt, was von
3290 2404 3415 2459 seine
352 2434 1325 2495 „Grünen Kakadu“ möchte ich besonders hervorheben,
1329 2438 2314 2507 nennen mögen, ruht auch so manches andere, das Tieck
2304 2442 3288 2511 den übrigen Werken unseres Dichters im Laufe der
3276 2434 3415 2530 herun
353 2465 1333 2525 denn indem man diese wunderbare „Groteske“ den Lust¬
1327 2484 2315 2540 in seinem rastlosen Leben geschaffen und geleistet:
2310 2483 3298 2538 Zeit untergangen isi. Es sind wahre Perlen der Poesie,
347 2506 1339 2581 spielen Tiecks gegenüberstell., fällt uns das Wesen der
1322 2529 2318 2590 seine Novellen, die zusammen mit der Zeit, deren
2309 2515 3297 2579 die wir an ihnen haben. Und so zart sind sie und von
352 2554 1328 2620 letztern erst recht deutlich ins Auge. Während Schnitzlers
1319 2573 2315 2638 Interessen sie einst vertraten, verschwunden sind; sein
2305 2574 3293 2634 so zauberischem Duft umhaucht, daß man sich gar
338 2608 1323 2672 „Kakadu“ überall die gleiche Wirkung hervorrufen
1325 2604 2306 2679 Künstlerroman „Franz Sternbald“, der eigentlich mehr
2302 2619 3283 2692 nicht getraut, an sie etwa mit kritischer Sonde heran¬
342 2658 1326 2713 wird, indem hier der Dichter durch die romantische
1323 2661 2315 2714 eine Sammlung von aneinandergereihten Künstler¬
351 2689 1328 2758 Art des verwirrenden Schnebens zwischen Ernst und
2410 2674 3277 2765 Ueber „Ludwig Tieck und die altdeutsche Kunst“
1322 2703 2306 2753 geschichten ist; seine „Genoveva“ und sein „Oktavian“,
2302 2719 3287 2795 handelt ein gehaltvoller Aufsatz von Dr. Hans
345 2738 1333 2798 Spiel zur höchsten Tragik vordringt und zudem einen
1331 2754 2308 2812 die beiden maßlos ausgedehnten Dramen, die nur noch
2299 2774 3283 2860 Bloesch im „Sonntagsblatt des Bund“ vom 19.
350 2780 1327 2856 Ausblick auf das ewige Leben, auf die geheimnisvoll
1324 2792 2316 2852 für den Philologen als ein orbis pictus der roman¬
2294 2815 2549 2882 April 1903.
344 2825 1332 2899 sich durchkreuzenden Wege des Geschickes eröffnet, sind
1321 2837 2309 2903 tischen Bestrebungen einen Wert haben. Und leider
3270 2707 3424 2923 2
2362 2844 3291 2906 **) Romantische Märchen von Brentano und
347 2867 1340 2943 die engbegrenzten romantischen Stücke von Tieck an
1318 2892 3290 2952 erwähnt auch nur noch die Geschichte seine großen] Tieck. I. Reihe. In Auswahl und mit Einleitung
3276 2893 3414 2950 schien
342 2913 3291 2991 ein bestimmtes Publikum mit bestimmten Voraus= Verdienste um die Erweckung des Sinns für die  von Bruno Wille. Leipzig, Eugen Diederichs, 1902.
3271 2942 3412 3018 Grun
