3484 4480
1965 251 2419 339 box 16/1
222 257 1830 366 9.4. Der ruene Kakadu—Zukius
2266 691 2674 765 Telefon 12801.
1980 792 2980 879 Unternehmen für Zeitungs-Ausschnitte.
2844 854 3030 919 Ausschnilt
825 893 1240 954 Telefon 12801.
1810 872 3014 1004 %.— „OBSERVER“ Nr.
540 979 1552 1061 Unternehmen für Zeitungs-Ausschnitte.
1761 996 3206 1070 I. österr. behördl. conc. Bureau für Zeitungsberichte u. Personalnachrichten
1420 1027 1609 1107 Ausschnitt
1915 1075 3014 1152 Wien, IX/1. Türkenstrasse 17.
1401 1109 1618 1195 Nr.
413 1075 1338 1201 2.— „OBSERVER
2155 1153 2803 1239 Filiale in Budapest: „Figyelé“
328 1195 1708 1270 I. österr. behördl. conc. Bureau für Zeitungsberichte u. Personalnachrich
1836 1231 3096 1304 Vertretungen in Berlin, Chicago, London, Newyork, Paris, Stockholm.
482 1257 1600 1348 Wien, IX/1. Türkenstrasse 17.
729 1348 1367 1430 Filiale in Budapest: „Pigyelst
1748 1349 2278 1433 Ausschnitt aus:
420 1407 1670 1501 Vertretungen in Berlin, Chicago, London, Newyork, Paris, Stockholm
1753 1503 1975 1576 vom
314 1546 839 1635 Ausschnitt aus:
2345 1511 3059 1644 ERSATZ E
321 1701 701 1801 vom 44%
908 1656 1639 1832 ERSATZ -E
1970 1797 3170 1873 7y Kölner Stadttheater. Unsere Bemerkungen über den Ein¬
1918 1847 3155 1935 Tacter=Cyklus von Schnitzler haben das Mißfallen des Theaterkritikers
1947 1903 3162 1955 der Köln. Ztg. erregt. „Wir müssen,“ schreibt er, „entschiedenen
642 1897 690 1972 *
1944 1950 3165 1993 Widerspruch gegen den heftigen Angriff erheben, den die Kölnische
720 1911 1603 1999 2 Moderne Einakter in Köln. Am
649 1978 1609 2034 Stadttheater in Köln wurden dieser Tage die be¬
1943 1975 3160 2029 Volkszeitung wegen der drei Einacter Schnitzlers gegen die Theater¬
656 2018 1602 2072 kannten drei Einakter Arthur Schnitzlers ge¬
1945 2018 3166 2075 leitung richtet. Ihr damit verknüpfter Alfküf an den Verwaltungsrat
646 2049 1612 2105 geben: „Die Gefährtin“, „Paracelsus“ und „Der
1946 2052 3167 2113 läuft auf die Absicht hinaus, ein Verbot der Stücke zu erzielen. Ob
659 2096 1613 2144 grüne Kakadu“. Am Schlusse der „Gefährtin“ geht
1940 2089 3165 2145 ein solches Vorgehen noch im Raymen berechtigter Kritik gelegen ist,
657 2132 1603 2176 bekanntlich der hintergangene Gatte aus dem
1952 2130 3165 2185 lassen wir dahingestellt sein. Wir haben aber ein lebhaftes Interesse
654 2167 1604 2221 Zimmer; an der Thüre bleibt er stehen, betrachtet
1945 2169 3172 2227 daran, daß unser Theater auf der Höhe der modernen Bühnenlitteratur
649 2205 1611 2249 das Zimmer noch einmal, athmet tief auf, lächelt
1944 2212 3175 2265 bleibe; wir haben im vorigen Jahre gegen den litterarisch untergeord¬
657 2242 1602 2288 dann wie befreit, geht ab; man hört ihn
1950 2248 3171 2309 neten Spielplan gekämpft und würden es mit großem Bedauern be¬
656 2275 1601 2331 zusperren. Das dunkele Zimmer bleibt eine
1946 2279 3173 2337 merken, wenn eine solche hemmende Kritik die Theaterleitung veran¬
663 2310 1613 2376 Weile keer, dann fällt der Vorhang. Hierzu
1934 2329 3165 2387 lassen sollte, auf die alten falschen Bahnen zurückzukommen. Das
665 2352 1607 2413 bemerkt der Kritiker der „Köln. Volksztg.“:
1937 2363 3168 2418 wäre für Köln ein schwerer Schaden. Wir haben nicht it der Volks¬
653 2383 1605 2441 „Man hätte wünschen mögen, nicht nur dieses
1938 2399 3169 2469 zeitung über den litterarischen Wert der Stücke yier zu verhandeln.
659 2436 1597 2478 Zimmer, sondern die Bühne wäre den ganzen
1945 2442 3166 2502 Jedenfalls hätte sie nicht verschweigen sollen, daß das Publikum sich
653 2462 1596 2504 Abend über leer geblieben. Der Zuschauer geht —
1945 2481 3158 2542 lebhaft befriedigt davon zeigte und kein einziger Ton des Mißfallens,
665 2505 1603 2550 wie der Professor — aus diesem Dreiakterabend wie
1935 2516 3166 2582 zu dem man hier doch sonst sehr leicht bereit ist, hörbar wurde.
664 2536 1608 2594 von einem Alp befreit fort; aber er schweigt nicht
1944 2547 3177 2621 Warum sollte denn auch, was dem kaiserlichen Hofburgtheater in
655 2576 1609 2632 zu diesem groben Unfug, sondern legt energisch
1939 2593 3176 2658 Wien, dem königlichen Hoftheater in München und einer Reihe von
655 2607 1606 2661 Protest ein dagegen, daß die Bühne, die doch eine
1946 2647 3190 2693 Bühnen gut genug war, nun gerade in Köln ein Gegenstand des Ent¬
666 2653 1614 2703 Bildungsstätte sein soll, zu solchen Experimenten
1940 2686 3186 2750 setzens sein? Wir können uns des Verdachtes nicht erwehren, daß bei
660 2687 1606 2740 mißbraucht wird.“ Und die Redaktion bemerkt noch
1947 2712 3174 2771 der vor allem dem grünen Kakadu, diesem geistvollen und hoch¬
656 2725 1610 2776 dazu: „Wir können uns diesem scharfen Urtbeile
667 2771 1599 2819 nur anschließen. Herr Direktor Hofmann scheint
1949 2765 3166 2812 tragischen Meisterstückchen, geltenden Entrüstung das Buch den Anlaß
657 2798 1609 2853 es auf den Beweis abgesehen zu haben, daß er dem
1943 2788 3176 2861 gegeben hat, während die Aufführung die cynischen Reden, die
1879 2806 1925 2877 50
1750 2811 1854 2893 Für
658 2837 1596 2893 p. k. Puslikum auch Wüsteneien bieten darf. Bei
1948 2849 3179 2891 de Charakteristik und keiner Tendenz dienen, wesentlich gestrichen
1843 2883 1882 2921 1
658 2891 1606 2934 den Stadtrathsberatbungen über die Erichtung eines
1951 2874 3174 2929 hatte. Gegen die beiden anderen Stücke ist überhaupt sittlich nichts
1847 2913 1934 2955 200
663 2914 1609 2969 neuen Opernhauses, in dem namentlich auch
1961 2916 3180 2972 einzuwenden, und im Kakadu ist auch die Tendenz und die Handlung
1839 2948 1929 2995 500
661 2949 1614 3000 die Operette gepflegt werden soll, hat man
1959 2947 3182 3012 nicht schlimmer als in einer ganzen Reihe längst an allen Bühnen
656 2983 1609 3039 zu Gunsten eines weiteren Stadttbeaters u. a. an¬
1797 2988 1933 3054 .1000
1956 2993 3177 3055 gasigbarer Stücke. Wir erheben, wie gesagt, entschieden Widerspruch
341 3028 1740 3092 Für 50 Zeitungs geführt, es solle dem Publikum den Besuch der clusive
1966 3035 3181 3093 gegen einen solchen Kuebelungsversuch, dem wir jede Berechtigung
655 3054 1718 3120 zweifelhaften Specialitätentheater abgewöhnen. Als orto.
443 3071 539 3119 100
1972 3070 3179 3127 absprechen, der aber, wenn man sich etwa einschüchtern läßt, schwere
1763 3081 1954 3137 Abonnem
657 3097 1730 3142 ob der Kunsttempel an der Glockengasse nicht schon ghlbar
426 3113 550 3156 200
1967 3110 3178 3173 Schädigungen unseres künstlerischen Lebens nach sich zieht, ganz ab¬
1771 3128 1957 3182 Abonnen
657 3140 1736 3191 recht oft ein ganz unzweifelhaftes Speciali= Voran
443 3149 549 3195 500
1944 3148 3175 3207 gesehen davon, daß man anderwärts über Köln lachen würde. Schließ¬
671 3174 1595 3220 täten=Theater gewesen wäre! Und was sagt
395 3183 545 3254 „ 1000
1949 3182 3176 3245 lich sei eine Aeußerung des Centrumsabgeordneten Karl Bachem auf
681 3213 1800 3272 dazu der Verwaltungsrath des Kölner Theater=e ist das
1953 3210 3232 3291 dem Katholikenrage in Neisse hier erwähnt. Der Abgeordnete äußerte
480 3242 1806 3320 Im Gegengktienvereins? Ist denn kein einziger unter den cht es den
1960 3251 3176 3318 ausdrücklich, daß mit einer Kritik, die engherzig davon ausgehe, das
363 3281 1657 3330 Abonnement dur Herren, der Herrn Hofmann auf gut Deutsch den
1958 3302 3179 3355 Theater müsse auf jedes kleine Mädchen Rücksicht nehmen, nicht viel
372 3323 1605 3382 Abonnenten frei Standpunkt klar macht? Oder ist es ohne Erfolg
1959 3343 3174 3400 anzufangen sei.“ Mit dem Schlußsatz sind wir ganz einverstanden.
672 3367 1614 3407 versucht worden?“ Es scheint sehr schwer, in Köln
1966 3357 3210 3448 „Kleine Mädchen“ gehören überhaupt nicht ins Theater, und wenn ##
671 3395 1607 3442 eine künstlerische Direktion zu suchen, wenn man
1964 3408 3186 3483 thörichte Mütter dieselben mitnehmen — sei es auch nur um „den Platz
670 3442 1618 3480 gegen ein Talent, wie Schnitzler, von mächtiger Seite
1959 3465 3177 3512 nicht faul werden zu lassen“ — so sind sie, und nicht der Verfasser
661 3475 1603 3509 bereits den Stadtrath und den Verwaltungsrath
1964 3491 3198 3557 oder die Theaterleitung für die Folgen verantwortlich. Aber um die
674 3509 1612 3559 mobil macht. Die Stadi Köln hat ca. 350000 Ein¬
1958 3543 3177 3595 „kleinen Mädchen“ handelt es sich hier nicht, sondern um junge
665 3553 1602 3597 wohner. Wenn Städte von solcher Größe im
1961 3572 3182 3636 Damen, auch um Frauen und Männer, denen es noch nicht gleich¬
669 3575 1612 3635 deutschen Vaterlande nicht auch ein Parkett mit
654 3625 1610 3688 Leuten füllen können, die mit der deutschen Literatur
1967 3613 3182 3673 gültig ist, ob sie anständige Stücke oder das Gegenteil zu sehen be¬
1971 3664 3183 3713 kommen. Im vorliegenden Falle genügt es uns vollständig, wenn
666 3657 1623 3736 Schritt zu halten und die Werke ihrer ersten lebenden,
1965 3685 3187 3753 ein Mann von so anerkannter Milde und Zurückhaltung im Urteil
666 3716 1599 3764 Autoren kennen zu lernen wünschen, dann allerdings
1968 3744 3189 3798 wie unser Theaterberichterstatter seiner Entrüstung Luft macht. Daß
656 3754 1600 3800 ist die manchmal peinlich hervortretende Eitelkeit
1964 3771 3183 3824 uns sofort danach mitgeteilt wurde, eine Reihe (namentlich genannter)
664 3784 1610 3829 des Berliner Publikums auf sein literarisches und
1972 3814 3173 3867 bekannter Kölner Familien teile diese Entrüstung durchaus, dient uns
656 3829 1616 3886 künstlerisches Urtheil nicht so ganz ungerechtfertigt.
1969 3849 3190 3903 lediglich als Bestätigung. Wir hätten nur gewünscht, sie hätten ihrem
1970 3890 3191 3942 richtigen Gefühl gleich während der Vorstellung Ausdruck gegeben.
1966 3934 3175 3982 Dieses Gefühl zu schonen scheint uns wichtiger, als der Schritt zur
1976 3959 3198 4029 „Höhe der modernen Bühnenlitteratur“, der nach Ansicht sehr vielerg
1966 4011 2923 4079 nichts weniger als prüden Leute in den Sumpf rührt
