3436 4352
219 134 609 228 9.3. Der
720 146 1279 215 uene Kakadu
460 203 1204 252 nnuaen
1427 146 1849 227 box 15/3
2288 200 2923 315 ko-4-d## 1½10
2245 339 3036 424 RESS. TUESDAY MOR)
2323 611 2940 677 BRCIPAN
2328 812 2972 876 BRORLis
2321 865 2989 934 ASTOR PLACE AND FOURTH AVENLE
2483 940 2993 1018 Fashion is lenient
2442 1004 2986 1080 this Spring with
2447 1060 2988 1129 men who have
2439 1112 2993 1193 their own ideas
2429 1165 2989 1236 about the color
2434 1223 2986 1301 they want their
2449 1278 2674 1337 clothes.
2492 1320 2993 1411 The new browns
2425 1383 2981 1456 are as prominent a
2309 1446 2988 1509 feature in Men’s Spring
2303 1497 2981 1566 Apparel as the popular
2298 1557 2500 1619 grays.
2330 1587 2990 1668 Leather-brown mixtures in a va¬
2308 1651 2836 1700 riety of styles, 820 to 330.
2332 1683 2897 1744 Gray mixtures, 318 to 340.
2349 1728 2982 1805 Automobile Apparei
2341 1793 2978 1854 the kind the owner
2301 1834 2989 1916 wants for himself and
2299 1891 2723 1963 his chauffeur.
2309 1973 2988 2038 ESTABOVER HALFA GENTURY
2964 2013 3018 2088 *
2287 2079 2930 2169 MRS. FISEB IN COFFIN ON
2346 2161 3023 2259 STAGR IN POBTIC DRANK
2251 2282 3008 2359 Holds Audience Ninety Minutes in
2361 2342 2923 2413 Hannele“ by Her Own Art.
2256 2447 3020 2542 PLAY VISUALIZES SOUL DREAM
2237 2538 3005 2637 UThe Green Cockatoo,) Grotesque
2282 2612 2983 2677 Tragedy, Also Enacted by Man¬
2311 2660 2941 2745 hattan Company in Lyceum.
2280 2744 3015 2809 Hannele,“ a translation from the #6¬
2248 2792 3011 2849 called"dream poem“ of Gerhart Haupt¬
2245 2829 2989 2878 mann, and The Green Cockatoo,“ a
2251 2864 3005 2929 translation of what has been termed a
2266 2905 2993 2965 "grotesquerie“ of Arthur Schnitzler, were
2248 2940 2995 3002 presented by Mrs. Fiske and the Mänhat¬
2247 2983 2993 3029 tan company last evening in the Lyceum
2251 3011 2987 3074 Theatre. Mrs. Fiske appeared only in
2253 3052 2985 3117 Hannele“ and in the title role gave an
2237 3096 2991 3155 impersonation of a dying giri in delirium
2245 3133 2985 3181 after she has been resoued from an icy
2247 3176 2895 3224 lake into which she has cast herself.
2273 3203 3002 3277 This play represents many features that
2247 3251 2985 3288 are startling to the ordinary Broadway
2247 3282 2979 3338 audience seeking something new in the
2240 3320 2989 3376 way of gayety or of tragedy. It goes with¬
2239 3354 2983 3404 out saying, however, that the Broadway
2249 3398 2981 3438 habitues will find littie to interest themt in
2245 3434 2980 3478 t. The two parts of“ Hannele“reveal first
2240 3465 2984 3518 Geveral thleves quarreling among them¬
2232 3501 2985 3539 sselves. Among them the dying girl is car¬
2236 3536 2972 3581 ried. To the view of the audience is pre¬
2241 3563 2986 3623 sented the drunken father raving about
2249 3615 2980 3649 his daughter; the angel mother, then
2239 3648 2983 3699 (angels with wings, an eerle undertaker
2239 3686 2975 3728 who gowns the dying girl as a bride while
2239 3715 2976 3767 gaping Death looks on, a group of angels
2242 3749 2984 3817 who carry a coffin on the stage and place
2241 3780 2976 3843 iche girl in it; an angel who ralses the girl
2241 3817 2991 3872 from the coffin and leads her up the
2230 3868 2982 3909 golden stairs. All thls happens in the
2241 3898 2989 3945 dream of the girl, but is actually pre¬
2239 3934 2627 3984 sented on the stage.
2269 3963 2988 4015 A rehearsal of there salient features of
2241 4010 2973 4058 the Play is sufficient for the ord.narz
2241 4040 2989 4102 Broadway audience. But these things are
2253 4080 2977 4125 garbed in poetic thought in such a man¬
