3484 4480
626 137 1283 218 Filiale in Budapest: „Figyele“
325 209 1582 293 Vertretungen in Berlin, Chicago, London, Newyork, Paris, Stockholn.
236 265 1535 413 hussennan. Sascoanderzee
678 380 1488 523 2 Wrtender-
224 472 598 577 vom 77 99
1198 491 1696 614 Sitet
452 788 493 834 7
484 777 1553 846 Stuttgart, 22. Septbr. (K. Hoftheater.) Der gestrige
359 836 1557 890 Premièren=Abend mit den drei Einaktern Arthur Schnitzlers
354 865 1556 928 hat in den Spielplan einen Autor eingeführt, der zu den hoffnungs¬
342 910 1557 955 vollsten Erscheinungen der neueren Richtung im Drama gehört.
356 952 1547 990 Bisher war der junge Wiener Dichter dem Stuttgarter Publikum
347 984 1557 1031 nur auf der Berger Sommerbühne mit seinem Erstlingswerk
351 1027 1549 1089 „Liebelei" bekannt geworden; schon hier hatte er sich als ein starkes
354 1067 1539 1108 und eigenartiges Talent erwiesen, das aber noch nicht ganz aus¬
358 1107 1546 1155 gereift erschien. Diese Unfertigkeit hat der Dichter in seinem
347 1144 1557 1199 neuesten Werke abgestreift; diese Einakter sind abgerundete Kunst¬
356 1172 1559 1239 werke, die sich dem Besten, was man im letzten Theaterjahr von
347 1210 1558 1275 den Koryphäen des neuen Dramas gesehen und gelesen hat, kecklich't
353 1255 1549 1312 an die Seite stellen dürfen. Freilich hat nun die Kunst Arthur
347 1301 1573 1340 Schnitzlers bereits einen Stich ins Rassinierte, sowohl nach Seiten!
350 1343 1559 1383 der künstlerischen Mittel als der Stoffwahl, und daran mag es
348 1383 1550 1430 liegen, daß diese drei kleinen Dramen mehr interessieren als er¬
344 1410 1551 1465 wärmen, die Phantasie und den litterarischen Feingeschmack mehr
340 1442 1563 1502 befriedigen als Herz und Gemüt. — Obwohl nicht durch eine gemein¬
344 1499 1547 1532 same Ueberschrift verbunden, wie die bekannten Einakter Suder¬
352 1536 1544 1569 manns, der damit diese Art von Trilogien in Aufschwung gebracht
343 1570 1552 1637 hat, sind auch Schnitzlers Dichtungen durch einen einheitlichen, geist¬
338 1618 1553 1666 reich variierten Grundgedanken zusammengehalten. Es ist der
344 1649 1549 1692 Gegensatz zwischen den Oberflächen und Tiefen menschlichen Seelen¬
350 1690 1553 1727 lebens, der in allen drei Stücken wiederkehrt. Das Schauspiel
357 1727 1555 1785 „Die Gefährtin“ zeigt an der Ehestandsgeschichte eines Gelehrten,
345 1773 1551 1815 wie leicht hoher Sinn sich Tiefen vorsviegelt, wo nur seichteste Ober¬
246 1797 352 1872 Für
355 1810 1635 1857 fläche ist. Am Begräbnistage der längst nicht mehr geliebten Gattin jre
359 1852 1609 1889 macht der Professor sich Vorwürse, daß er sie nicht für einen anderen v.
360 1890 1617 1947 freigegeben hat, und erfährt nun, daß nicht eine große Leidenschaft, jar
351 1927 1636 1996 sondern gemeine Sinnlichkeit sie diesem anderen in die Arme trieb. faus.
360 1963 1547 2025 In dem Versspiel „Paracelsus“ muß umgekehrt ein Ba#ler
348 2001 1690 2062 Wassenschmied und Ratsherr, der Topus des platten „gesunden st das
353 2043 1694 2115 Menschenverstands“, sich überzeugen, wie auch unter der glattesten es den
245 2047 374 2114 Abor
255 2099 1552 2171 Adok Oberfläche oft ungeahnte Tiefen ruhen. Die Hypnotisierungskünste
348 2133 1557 2218 des als Schwindler verlachten genialen Arztes lassen ihn so über¬
359 2171 1581 2233 raschende Blicke in die Seele seiner unschuldvollen Justina thun, ##
350 2215 1551 2267 daß er froh sein darf, daß es stets beim Wunsch und Ge¬
362 2247 1551 2316 danken geblieben ist. Die Groteske „Der grüne Kakadu“
360 2297 1556 2349 endlich zeigt an der entarteten Aristokratie der großen französischen
363 2324 1565 2393 Revolution, die ihren blasierten Geist an den Schauern eines
356 2370 1560 2425 fingierten Verbrecherkellers ergötzt, die Leute, die, bis der Strudel
367 2409 1561 2480 sie verschlingt, selbst das Grollen der Tiefe nicht anders denn für
364 2447 1572 2522 lustiges Gekräusel der Oberfläche nehmen können. Alle drei Stücke
362 2486 1573 2555 sind geistreich und tiefsinnig und dramatisch wirksam gearbeitet.
361 2522 1568 2591 Erst schleppt sich die Handlung ziemlich hin, so daß der Zuschauer
367 2560 1567 2623 sast schon ungeduldig wird; dann kommt plötzlich die überraschende
354 2590 1573 2670 Wendung, die bald von einer noch verblüffenderen überholt
360 2626 1574 2710 wird. Welchem der drei Stücke man den Vorzug geben soll, ist
362 2675 1580 2749 schwer zu sagen. „Die Gefährtin“ befremdet auf den ersten Augenblick
363 2717 1572 2789 durch den eigenartigen Schluß, der erst nach einig m Nachdenken in
371 2775 1576 2827 seiner Notwendigkeit und Folgerichtigkeit erfaßt wird. Das Stück
376 2798 1572 2857 lehnt sich an und setzt sich zugleich in Gegensatz zu gewissen Ibsen¬
378 2849 1567 2911 schen Ideen über die Ehe und kleidet sich dabei in meisterhafter Nach¬
376 2872 1576 2945 ahmung ganz in die gedämpfte, bedrückende Stimmung Ibsen'scher
372 2909 1581 2974 Stücke. In glücklichem Kontrast dazu steht „Paracelsus“ mit seinem!
379 2936 1584 3015 heiteren Grundton, seinem versöhnenden Ausgang, seiner feinen
381 2988 1580 3053 Charakteristik und seinen tiefsinnigen Versen. Von allen drei Stücken
384 3021 1575 3102 spricht dieses am leichtesten an und fand auch gestern abend den
383 3062 1577 3141 stärksten Beifall. Die größte Kunst möchte aber doch in dem Schluß¬
385 3111 1583 3181 stück stecken, dem „grünen Kakadu“. Wie hier in rücksichtsloser
389 3137 1587 3215 Realistik die Fermente geschildert werden, aus denen die Greuel der
387 3179 1575 3244 Revolution sich erzeugen mußten, wie die ganze Wucht des herein¬
389 3223 1589 3297 brechenven Unheils in einer einzigen Szene zusammengefaßt ist, das
373 3282 1068 3351 ist in der That bewunderungswürdig.
459 3284 1584 3366 Inseenierung und Darstellung brachte bei allen drei Stücken
387 3326 1589 3402 voll die Stimmung heraus, die jedem eigentümlich ist; die schwierige
396 3377 1598 3453 Aufgabe der Massenszenen im dritten Stück wurde glücklich be¬
394 3416 1601 3489 wältigt. Unter den Darstellern, deren Zahl durch das dritte Stück
393 3454 1593 3522 sehr anschwillt, ist mit besonderer Auszeichnung Herr Richter zu
387 3493 1593 3549 nennen, der im Verslustspiel die geheimnisvolle Persönlichkeit des
391 3526 1604 3601 genialen Wunderarztes ebenso glücklich verkörperte wie im Revolutions¬
400 3563 1601 3644 stück den edel gearteten Schauspieler, der mitten aus der fingierten
401 3611 1605 3688 Verbrecherleidenschaft heraus zum wirklichen Verbrechen hingerissen
400 3651 1605 3721 wird. Im ersten Stück erfreute besonders das stimmungsvolle Zu¬
409 3690 1605 3764 sammenspiel von Herrn Ellmenreich und Frln. Paschke dem
409 3714 1599 3800 sich Herr Jessen vielleicht noch etwas intimer einfügen könnte.
408 3759 1593 3834 Herr Schrumpf dürfte dem Basler Ratsherrn bei all seiner Platt¬
403 3801 1599 3881 heit mehr Würde lassen; besser gesiel er uns im dritten Stück in
396 3845 1602 3918 der Rolle eines eitlen Volksaufwieglers. Unter den kleineren Rollen
397 3884 1616 3954 traten noch stärker hervor die Damen Doppler und Rossi, die
407 3922 1607 3999 Herren Schmidt=Häßler und Amanti, welcher letzterer im
405 3955 1613 4023 dritten Stück besonders durch eine gelungene Maske wirkte. — Die
403 4008 1614 4065 Novität wurde mit lebhaftem, wenn auch nicht mit vollem und all¬
414 4036 1612 4108 seitigem Be###lausgenommen. Sie vervient, daß jeder, der sich für
407 4073 1619 4140 die Entwicklung unserer Litteratur interessiert, sie nicht unbeachtet lasse.
2230 735 2637 791 Telefon 12801.
1948 823 2958 909 Unternehmen für Zeitungs-Ausschnitte.
2825 869 3017 957 Ausschaitt
2125 904 2756 1034 „OBSERVER“
2752 926 3094 1041 Nr. 5
1712 1034 3169 1101 I. österr. behördl. conc. Bureau für Zeitungsberichte u. Personalnachrichten
1902 1102 3004 1182 Wien, IX/1. Türkenstrasse 17.
2132 1195 2769 1267 Filiale in Budapest: „Figyelé“
1810 1272 3077 1336 Vertretungen in Berlin, Chicago, London, Newyork, Paris, Stockholm.
1722 1381 2249 1463 Ausschnitt aus:
1727 1533 1915 1602 vom
1968 1526 2325 1606 Opzagg
2004 1740 3027 1809 Aus Stuttgart den 22 d. Mts. wird uns
1957 1772 3025 1862 Achrieben: Telegraphisch meldete ich Ihnen bereits
1950 1837 3034 1894 die sehr günstige Aufnahme, die Arthur Schnitzler's
1961 1881 2148 1933 Einac¬
2252 1892 3015 1935 end bei seiner Erstaufführung amn
1930 1923 3026 1985 schiesigen königlichen Hoftheater gefunden. Durch die
1948 1963 3012 2036 r#ar Aufmerksamkeit, die die Intendanz seit Jahre#
1955 2000 2986 2058 der Praduktion unserer jüngeren Dramatiker schenk
1946 2045 3005 2101 und durch die Anregung und Förderung;, die diest
1964 2085 3014 2144 Preduction dadurch geworden, daß auch der Werken
1959 2116 2975 2175 ##r realistischen Richtung hier freundwillige
1967 2169 3013 2218 und Darstellung geworden — dadurch ist auch beim
1957 2206 3011 2263 Puplikum das Verständniß für die Bestrebungen und
1925 2236 2959 2323 Steie der Neueren geweckt und gefördert worden.
1959 2282 3024 2361 #i#te denn Schnitzler das Glück, ein verständnißinnige
1961 2333 3002 2391 Publikum zu finden, und wenn demnächst fern Schau¬
1954 2372 2946 2436 spiel „Das Vermächtniß“ hier zur Darstellung
1950 2416 3011 2472 langt, so kann er, der hier nun auch kein Fremder
1930 2448 3015 2522 „mehr ist, theilnahmsvoller Aufmerksamkeit sicher sein.
1924 2500 3016 2550 * Die dre. Einacter waren von Hans Meery ausge¬
1957 2538 3024 2594 zeichnet inscenirt und fanden sorgsamste Wiedergabe.
1959 2590 3007 2643 Einige der Darsteller leisteten ganz Ausgezeichpetes
1960 2615 3010 2691 und wohlverdient war die Reihe der Hervorrufe, die
1970 2666 2494 2735 ihnen zu Theil wurde.
2172 2772 2727 2858 Bezugs-Bedingungen.
1745 2844 2627 2915 Für 50 Zeitungsauschnitte (Artikel oder Notizen)
2624 2825 2761 2919 fl.
2758 2846 2893 2896 7.50
2911 2852 3117 2929 inclusive
1822 2885 1915 2933 100
2760 2864 2905 2952 14.—
2650 2896 2751 2945 * „
2925 2911 3094 2958 Porto.
1815 2925 1909 2980 200
2757 2925 2887 2983 25.—
2907 2950 3099 2997 Zahlbar
1812 2966 1912 3015 500
2750 2970 2866 3020 55.—
2706 2972 3136 3076 „ 100.—] im Voraus.
1754 2999 1919 3067 „ 1000
1840 3041 3175 3119 Im Gegensatze zu anderen Bureaux für Zeitungsausschnitt ist das
1726 3096 3165 3163 Abonnement durch keine bestimmte Zeitdauer begrenzt; — auch stcht es den
1735 3142 3029 3187 Abonnenten frei die aufgegebenen Themen zu ergänzen oder zu ändern.
