3436 4224
2120 166 2608 265 box 15/5
363 169 1990 276 9.4. Dergruehe Kakadu— Zukius
2430 988 2798 1087 Telefon 12801.
960 990 1355 1089 Telefon 12801.
426 1063 1621 1190 105 Unfernehmen für Zeitungs-Ausschnitte.
2131 1068 3087 1177 Unternehmen für Zeitungs-Ausschnitte.
3113 1098 3355 1184 Ausschnitt
1663 1092 1834 1187 Aussol
1577 1183 1716 1276 Nr.
831 1152 1457 1284 „OBSERVER“
2289 1154 3055 1272 „OBSERVER“
3037 1175 3350 1290 Nr. 31
1504 1226 1563 1284 500
401 1259 3341 1354 I. österr. behördl. concess. Bureau für Zeitungsberichte und Personalnachriel österr. behördl. concess. Bureau für Zeitungsberichte und Personalnachrichten
2162 1322 3050 1440 Wien, IX/1 Türkenstrasse 17.
698 1329 1589 1442 Wien, IX/1 Türkenstrasse 17.
2112 1410 3180 1498 Filiale in Budapest: „Figyelö“, VIII. Josefsring 31a. —
637 1420 1644 1508 — Filiale in Budapest: „Figyelö“, VIII. Josefsring 31a. —
2438 1515 3029 1631 Frenidenblatt
1859 1531 2350 1626 Ausschnitt aus:
384 1538 1492 1652 Ausschnitt aus: Tünchütk Re#ste
1859 1609 2329 1765 „ (9.17.
393 1669 860 1790 ## 73.00
1975 1914 3297 2014 Stimme aus dem Burgtheater (Baß): „Nee, Kinder, diese Woche haben
1845 1956 3295 2053 wir, Gott sei Dank, keine neue „Affaire“ gehabt. Dafür haben wir zu unserer
641 1989 1596 2069 *Wiener Theater. Im „Burgtheater“ sindam 1. März
1850 2027 3285 2114 letzten ein gutes Schlußwort gefunden, Ihr wißt doch: Devrient und Frau
601 2054 1589 2123 von Arthur Schnitzler drei Einakter zum ersten Male
1839 2066 3284 2146 Reinhold werden in der Hoffmannsthal'schen Novität „Die Höchzeit der
595 2097 1576 2165 gegeben worden. Den Abend eröffnete das Schauspiel
1850 2121 3288 2209 Sobeide“ wieder zum erstenmale gemneinschaftlich auftreten — nach ihrem Urlaube
595 2130 1583 2190 „Paracelsus“. Es behandelt einen Fall von Suggestion,
601 2171 1578 2220 der gewisse Nachtseiten der Seele beleuchtet, die sich aber er¬
1851 2166 3286 2254 nämlich. Und da haben wir beschlossen, auf Devrient's Garderobethüre einen
603 2212 1572 2260 freulich und poetisch aufhellen. Vielleicht hätte das Stück,
1864 2219 2823 2295 kleinen Triumphbogen zu malen und daraufzuschreiben:
610 2234 1583 2300 das Beifall fand, etwas leichter und rascher gespielt werden
2315 2277 2823 2335 „On devrient toujours
609 2298 1585 2343 können. Das zweite Schauspiel, „Die Gefährtin“, führt
2311 2315 2806 2381 A ses premiers amours.“
601 2328 1589 2376 das Bild einer verfehlten Ehe vor. Der Gegenstand ist im
1964 2352 3202 2430 Einige Stimmen gleichzeitig: „Sehr gut! Nicht schlecht! (Ha, ha, ha.“)
605 2363 1586 2419 höchsten Grade unerfreulich, aber mit Virtuosität behandelt.
602 2404 1582 2461 Von allen drei Stücken hat dieses zweite den höchsten Bei¬
1953 2398 3279 2489 Eine Stimme allein (Barytonorgan): „Diese Pointe hätte der Doktor
615 2442 1573 2493 fall davongetragen. Die Groteske „Der grüne Kakadu“.
1851 2447 3271 2515 Schnitzler vielleicht sehr gut in seinem Komödiantenstücke „Zum grünen
614 2463 1580 2536 ist neben Beifall auch auf Opposition gestoßen. Sie spielt
1843 2491 3277 2572 Kakadu“ brauchen können. Warum ist das Stück eigentlich in Berlin ver¬
613 2527 1594 2581 zu Anfang der französischen Revolution in einer Pariser
2112 2530 2169 2589 u1-
1837 2540 2154 2614 boten worden?“
615 2563 1585 2623 Kellerwirthschaft, wo einige Vertreter des höchsten Adels sich
616 2602 1586 2654 mit der verdächtigsten Gesellschaft encanailliren. Während
1960 2595 3283 2666 Erste Stimme aus dem Burgtheater: „Das weiß der liebe Himmel!
611 2639 1584 2696 unten ein Herzog von einem eifersüchtigen Komödianten
1845 2622 3279 2713 Sie sind nun schon manchmal bei der Berliner Zensur so engherzig, da erzählte
625 2677 1587 2728 niedergestochen wird bringt man die Nachricht vom Fall
1840 2684 3279 2774 mir dieser Tage Adolf eine charakteristische Geschichte. Im alten Burgtheater
624 2705 1598 2771 der Bastille von der Straße herab. Das Stück wurde vor¬
1841 2739 3272 2821 war einmal bei einer Galavorstellung „König Heinrich VI.“ (2. Theil) angesetzt.
626 2756 1585 2808 züglich gespielt. allein das Publikum des Burgtheaters war
615 2784 1596 2870 seltsa.n überrascht und wußte nicht recht, mas es damit an¬
1841 2796 3282 2866 Unser Minister des Aeußern, Graf Andrassy, saß mit dem Fürsten Bismarck
627 2835 1114 2914 fangen sollte. („N. Fr. Pr.“)
1835 2825 3276 2926 in einer Loge. Als nun oin Schlusse des dritten Aktes der Kardinal Beanfort
1835 2885 3273 2960 im vollen Ornate unter heftigen Zuckungen coram publico an dem Gifte stirbt,
1826 2933 3279 3008 das er seldst genommen hat, war Bismarck tief erschüttert. Und er sagte zu
1828 2982 3273 3057 Andr.ssy: „Sehen Sie, lieber Graf, ich beglückwünsche Sie dazu, bei Ihrer Zensur
1836 3035 3267 3103 durchgesetzt zu haben, diese Szene ganz nach dem Buche herauszubringen. Wir in
756 3014 1450 3114 Eezngs-Bedingungen.
1831 3081 3272 3154 Deutschland sind noch nicht so weit!" Graf Andrassy theilte diese Aeußerung
380 3067 1346 3175 Far 50 Zeitungrausschnitte Artikel odel Notizen)
1392 3098 1596 3168 fl. 7.50
476 3118 577 3180 100
1829 3124 3274 3200 noch am selben Abend unserem Sonnenthal mit, und er hat sie, wie er¬
1599 3118 1782 3196 inclusiv
1447 3134 1608 3214 14.—
452 3160 589 3219 200
1609 3178 1770 3231 Porto.
1823 3169 2950 3261 wähnt, erst dieser Tage ganz anthentisch mitgetheilt.
1445 3187 1580 3243 25.—
1607 3190 1774 3253 Zahlbaf
1922 3203 2036 3254 700
1442 3216 1574 3281 55.—
3004 3204 3279 3295 im Voraus
1588 3233 1777 3301 im Voral
1902 3238 2040 3307 1000
409 3080 598 3320 75
2851 3258 3044 3316 100.—
1963 3286 3303 3373 Im Gegensatze zu alderen Bureaux für Zeitungsausschnitte ist das
498 3272 1759 3364 im Gegensalze zu anderen Bureaux für Zeitungsausschnitte ist?
1863 3303 2890 3388 Vhonnement durch keine bestimmte Zeitdauer begrenzt;
381 3309 1423 3397 Abonnement durch keine bestimmte Zeitdauer begrenzt;
2900 3345 3308 3406 — auch steht es den
1466 3351 1749 3405 auch stcht es
1855 3375 3202 3458 Abonnenten lrei die aulgegehenen Themnen zu ergännen oder zu ändern.
383 3374 1752 3463 Abonnenten frei die aufgegebenen Themen zu erganzen oder zu ändern.
