3436 4320
1180 258 1345 344 Kak
344 262 2016 389 9. 4. Der Brnene aan ZykInS
734 1791 1938 1856 Handlungsmotiven beeinflußt, spielen da Schein und Wirk¬
181 1791 705 1871 weite der Stückchen, ist
731 1856 1951 1921 liches ineinander. Ein grotesker Scherz über den grund¬
176 1854 708 1936 elle, eine Variante und
726 1903 1942 1988 legenden Satz von der untrennbaren Nähe von Realität und
187 1914 711 1991 eisen“ etwa. In der Ge¬
723 1975 1941 2036 Vorstellung. Ein paar Aristokraten des ancien régime, die
188 1968 719 2047 müht sich dieser Einakter
729 2027 1953 2114 sich in einer Spelunke von Schauspielern belustigen lassen,
184 2028 713 2107 und Ueberraschungen des
716 2086 1946 2167 sehen plötzlich das Spiel von Aufruhr, Mord und Todschlag,
186 2089 702 2172 ie ein Erlebniß zu ent¬
721 2144 1947 2224 das man ihnen vorgegaukelt, zur furchtbaren Wirklichkeit
189 2150 709 2231 egraben wird, erfährt ein
721 2207 1951 2273 werden. Daß dabei der schmucke Herzog von Cadignan ums
187 2209 710 2289 deren Betrug er gewußt
725 2266 1940 2334 Leben kommt, ist mehr ein besonders starker Ausdruck für
187 2273 718 2346 den Dritten und für sich
732 2324 1938 2401 das Gesagte, als ein dramatischer Vorgang. Nicht die Eifer¬
181 2320 719 2408 n könnte ganz gut Gegen¬
728 2376 1950 2456 sucht des Schauspielers tödtet den Aristokraten, sondern seine
187 2386 715 2457 nur etwas von Schicksal
717 2440 1952 2520 erhitzte Phantasie, die ihn die Scene spielen ließ, bevor sie
198 2440 714 2505 eEpisode, die diese Er¬
716 2503 1949 2565 wirklich war. Was er zuerst erdichtet und dargestellt, muß
191 2498 716 2581 und ruhigen Mannes, der
720 2560 1953 2625 er unter dem Einfluße der allgemeinen Aufregung dann in
188 2561 706 2636 estanden, darstellt, führt
726 2624 1954 2699 That umsetzen. Ueber die Psychologie dieses Vorganges, ob
186 2618 711 2699 espräches zwischen entfernt
717 2671 1937 2744 die vorher in aller Deutlichkeit gefaßte Vorstellung die nach¬
189 2677 711 2753 sen mehr in der großen
731 2734 1951 2804 folgende That fördernd oder hindernd beeinflußt, ließe sich
176 2733 711 2804 ein Schicksal. Und so wird
725 2798 1943 2864 streiten, — wenn man es hier mit einem Drama zu thun
182 2799 714 2881 hkeit und elegante Finesse
729 2856 1949 2923 hätte. In der Groteske ist dem Witz des Erfinders alles
183 2856 712 2931 en die Empfindungen ab¬
727 2919 1940 2988 Recht und alle Freiheit gelassen. Und einen höheren Namen
185 2912 707 2998 t werden; man wird nie
725 2982 1946 3059 als den eines etwas starken, aber sehr gelungenen Witzes
177 2973 472 3050 anzuwohnen.
714 3032 1949 3093 kann diese Ermordung kaum in Anspruch nehmen. Sie ist
181 3022 719 3112 ht befreit, in seinem Wesen
729 3088 1942 3154 die Pointe dieser an bunten und geistvollen Einfällen so
202 3094 718 3160 originell gestelltes Bild
730 3150 1952 3222 überaus reichen Anekdote. Die mannigfache Pracht dieses Aktes,
191 3145 704 3214 letzte und weitaus gelun¬
721 3224 1952 3280 seine feine, scharfe, sichere Lustigkeit, die den großen Ernst
196 3209 710 3288 ne Kakadu“. In freier
198 3267 1973 3355 e gelenkt und von keinerlei in ganz eigena#tig verzerrenden Lichtern durchschimmern läßt,
2112 252 2554 363 box 15/5
2365 1729 2490 1805 S
1960 1803 3202 1866 geben der Arbeit hohen literarischen Werth. Die Menschen
1968 1856 3199 1929 sind, wie in den beiden anderen Stücken auch, einfach und
1960 1916 3202 2000 paradigmatisch, mit wenigen leicht erkennbaren Strichen ge¬
1964 1980 2162 2058 zeichnet.
2074 2027 3203 2100 Die Aufführung am Burgtheater war in den beiden
1954 2103 3207 2168 ersten Stücken ausgezeichnet. Nur Herr Robert gestaltete
1966 2150 3199 2227 einen gespensterhaft unheimlichen Paracelsus, während doch
1962 2213 3199 2289 ein fröhlicher, geistreicher, sehr ironischer Vagabund viel wirk¬
1951 2272 3206 2342 samer und viel menschlicher gewesen wäre. Herr Krastel,
1968 2331 3201 2406 gab köstlich einen humoristischen Spießbürger, an dem doch der
1961 2372 3207 2461 feste Mann sehr symphatisch fühlbar wurde. Es war eine
1956 2444 3189 2520 kleine Meisterleistung. Sonnenthal spielte den Professor
1964 2504 3181 2579 im zweiten Stück mit all' seiner inneren Vornehmheit und
1961 2550 3194 2646 Wärme. Fräulein Bleibtreu zeichnete sich neben ihm durch
1953 2619 3188 2682 geistreiche Wiederga be des feinen Dialoges aus. In dem letzten
1962 2678 3186 2761 Stück, dessen scenischer Witz von der Regie nicht genügend
1949 2753 3184 2815 ausgearbeitet wurde, gab Sonnenthal den Schauspieler,
1947 2804 3185 2874 der zum Mörder wird, ein wenig zu weich und zu süßlich.
1962 2858 3193 2935 Der überzeugte Phantast, der den anderen doch lächerlich
1960 2909 3197 2999 wird, kam zu wenig heraus. Glänzend spielte Zeska einen
1952 2989 3190 3056 Verbrecher und Römpler den Wirth. Auch Herr Moser
1963 3044 3200 3116 in einer sehr grotesken Episode muß erwähnt werden. Die
1960 3101 3191 3186 übrigen Leistungen des Abends waren meist gut, ohne be¬
1961 3146 2433 3216 merkenswerth zu sein.
2827 3158 3145 3234 Willi Handl.
