3436 4320
481 116 1411 190 Unternehmen für Zeitungs-Ausschnitte.
178 106 379 186 105
1466 158 1675 215 Ausschnitt
581 178 1295 303 „OBSERVER“
1404 204 1653 314 9. 22
249 271 1670 358 österr. behördl. concess. Bureau für Zeitungsberichte und Personalnachrichten
516 342 1370 453 Wien, IX/1 Türkenstrasse 17.
440 414 1428 539 — Flliale in Budapest: „Figyelö“, VIII. Josefsring 31 a.—
204 540 1425 662 Ausschnitt aus: Wiener Abendre
1288 626 1379 719 8
209 679 1094 849 # 1. 78. UX
1565 787 1648 887 —
676 868 1149 968 —Theater und Kunst.
419 943 1444 1036 * Im Hofburgtheater wurde gestern zum ersten
379 1017 1436 1067 Male aufgeführt: „Das Vermächtniß", Schauspiel in
382 1070 1446 1138 drei Acten von Arthur Schnitzler. Wir haben bereits
383 1114 1441 1185 im Morgenblatte über den Erfolg des Stückes berichtet, jetzt
381 1161 1446 1223 wollen wir einige Worte über das Werk selbst sagen. Der
382 1222 1436 1287 erste Act bringt einen plötzlichen Todesfall, die anderen ein
395 1264 1440 1325 langsames Dahinsterben zweier Personen. Der erste Act ist
397 1324 1439 1378 ein Stück für sich, ein „Anatol=Trauerspiel“, wieder die Tragik
402 1367 1453 1419 des: „sie geht mit ihm". Er ist mit so großer Kenntniß
398 1422 1435 1493 des Theaters und des Spitals behandelt, daß er ergreift,
400 1468 1447 1539 erschüttert und auch abgehärtete Männer gleich Kindern
399 1521 1447 1581 weinen macht. Selten ist uns der Gegensatz: der alte
403 1563 1445 1651 Dichter, die Leyer in der Hand und den Lorbeer auf dem
404 1617 1452 1692 Haupte, und der neue Dichter am Leichentische, das Messer
404 1669 1439 1748 in der Hand, die weiße Schürze wie Billroth umgebunden,
399 1716 1455 1795 so scharf erschienen wie gestern. Psychologie und patho¬
394 1772 1159 1842 logische Anatomie sind eben nicht dasselbe.
432 1822 1460 1889 Ein junger Wiener, Sohn wohlhabender Eltern, so daß
401 1871 1451 1936 er ein Reitpferd halten kann, stürzt und erleidet eige Gehirn¬
395 1937 1446 1989 Erschütterung. Bei Stücken von Aerzten kann man ja die
387 1977 1449 2034 Krankheit nennen. Auf dem Sterbebette beschwört er die Mutter,
396 2035 1461 2104 sein Mädchen und sein Kind in das Haus zu nehmen und so
174 2043 270 2109 Für
283 2026 399 2112 50 Ze
389 2077 1463 2137 zu behandeln, als ob der Bund anerkannt wäre. Man ver¬
249 2098 360 2151 100
395 2125 1581 2189 spricht, er stirbt. Das ist der erste Act. In den zwei anderen clusive
241 2142 353 2187 200
1443 2169 1552 2204 orto.
401 2177 1552 2242 tritt in der Familie das Abfallen der Blätter der Liebe ahlbar
183 2209 365 2292 " 1000
398 2221 1580 2291 und der Verheißung ein, das Hochgehen der Empfindung Voraus
412 2276 1451 2361 läßt nach und die moralische Ebbe bringt mancherlei häßlichen
1441 2273 1627 2359 ist das
162 2280 412 2360 Abonnement
414 2329 1626 2395 Tang. Man denkt nach, weil man nicht vorgedacht, nicht es den
164 2345 409 2408 Abonnenten
397 2383 1509 2445 konnte, nicht wollte. Der gesunde Menschenverstand macht n.
404 2425 1457 2508 sich geltend und wird vom Dichter ad absurdum geführt.
404 2470 1454 2539 Mit Recht, mit Unrecht. Schnitzler hält die Wage der Ge¬
401 2531 1459 2594 rechtigkeit in der Hand und wirft bald in diese, bald in
396 2582 1455 2651 jene Schale ein kleines gelbes Gewicht, aber er
393 2624 1466 2692 steht doch auf Seite der Forderungen des Herzens
403 2673 1457 2745 gegen jene des Verstandes. Die Anforderungen der Gesell¬
395 2726 1460 2803 schaft, des Kreises, der mit und von einander' lebt, werden
403 2779 1454 2830 in zweite oder dritte Reihe gestellt. Dem ersten Ereigniß¬
396 2823 1474 2890 Acte folgen zwei Discussions=Abende. Die Familie des Ge¬
400 2880 1453 2952 storbenen erkaltet, die Hinterlassenen desselben werden lieblos
393 2940 1460 2989 behandelt, das Kind stirbt, die junge Mutter geht in den
400 2981 1455 3040 Tod. Alle erklären sich unschuldig, nur die heldenhafte
401 3029 1459 3093 Schwester des Verunglückten ruft die strafende Todtenklage,
407 3098 1460 3149 aus ihrem Munde spricht der Dichter. Da erst tritt er aus der
397 3130 1455 3203 bisher festgehaltenen Objectivität heraus. Zu spät, der lehr¬
400 3183 1455 3259 same Charakter der zwei letzten Acte regt zu sehr zum Er¬
397 3231 1455 3284 wägen des für und wider an, und man geht ohne Interesse
412 3285 1453 3344 für das Stück, jedoch mit der Nöthigung, über dasselbe zu
413 3341 1175 3401 sprechen oder zu streiten, aus dem Theater.
437 3385 1463 3453 Also das Schauspiel hat einen zu großen Kopf, den ersten
406 3445 1464 3495 Act, dessen Wirkung die anderen nicht erreichen. Diese zeigen:
408 3480 1461 3551 wie Alles kommt, gekommen ist, kommen mußte, in dramati¬
409 3529 1464 3603 scher Form, diese allein bildet aber noch kein Drama. Die
419 3579 1458 3646 „Toni Weber“ ist ein „liebes Mädel“ und ihr Schicksal
408 3634 1468 3705 recht traurig, aber die Erörterung solcher Fälle im Theater
407 3680 1457 3746 oder außerhalb desselben führt zu nichts. Wer ist nicht für
406 3746 1462 3809 Herz und Liebe? Ein junger Mann aber, der die schöne
415 3781 1459 3850 brave Mutter seines Kindes liebt und sie nicht heiratet,
418 3832 1459 3885 dann aber von Eltern und Verwandten verlangt u. s. w.
419 3872 1467 3962 kurz, dieser junge Gentleman kann uns auf dem Theater
416 3941 1474 4002 eben so wenig wie im Leben Hochachtung abgewinnen. Daß
428 3986 1465 4065 er schlecht gehandelt, sollte der Dichter züchtigen, der für
425 4043 1467 4104 Herz und Liebe ist, aber die Eltern des Pflichtvergessenen
423 4083 1466 4159 dramatisch zu ohrfeigen, halten wir für etwas unberechtigt.
2244 859 2602 923 Telefon 12801.
1941 953 2867 1028 Unternehmen für Zeitungs-Ausschnitte.
2953 981 3156 1045 Ausschnitt
1843 1007 2044 1118 100
2876 1038 3157 1150 Nr. 34
2091 1045 2709 1159 „OBSERVER
1690 1146 3140 1213 I. österr. behördl. concess. Bureau für Zeitungsberichte und Personalnachrichten
1982 1196 2847 1301 Wien, IX/ Türkenstrasse 17.
1930 1290 2902 1379 Filiale in Budapest: „Figyelö“, VIII. Josefsring 31 a —
1690 1427 2192 1511 Ausschnitt aus:
2204 1446 2798 1555 Wiener Zeitung
1689 1538 2007 1651 von72.46
2206 1668 2586 1765 Theater.
1934 1754 2926 1819 (Hofburgtheater.) Heute wurde zum ersten
1885 1811 2934 1885 Male ausgeführt: „Das Vermächtniß“ Schau¬
1895 1854 2939 1922 spiel in drei Acten von Arthur Schnitzler, Nach
1890 1913 2940 1985 dem ersten Acte dankte Herr Regisseur Lewinsky
1883 1969 2931 2032 wiederholt im Namen des „Autors“ nach den zwei
1885 1997 2936 2076 anderen oft der Dichter. Das „Morituri“-Stück, an
1876 2051 2928 2113 jedem Actschlusse geht ein Menschenleben zugrunde,
1866 2110 2933 2172 wird wohl, trotz des äußeren Erfolges, manche
1884 2166 2928 2233 Anfechtung erfahren, doch mit einem großen
1885 2215 2927 2266 Talente wie Schnitzler lohnt es der Mühe,
1883 2259 2932 2316 sich auseinanderzusetzen. Gespielt wurde das starke
1875 2304 2929 2395 Wehmuth hervorrufende Stück sehr gut von den Damen
1889 2365 2933 2419 Schratt, Hohenfels, Medelsky, Bleibtreu
1873 2423 2926 2481 und Schmittlein und den Herren Hartmann,
1879 2477 2937 2551 Treßler, Devrient, Paulsen und Römpler.
2060 2863 2742 2951 Bezugs-Bedingungen.
2781 2916 2903 3006 7.50
1691 2950 2631 3012 Für 50 Zeitungsausschnitte (Artikel oder Notizen)
2916 2958 3095 3032 inclusive
2758 2983 2896 3054 14.—
1782 2989 1871 3038 100
2936 3016 3069 3052 Porto.
2758 3025 2880 3074 25.—
1763 3032 1874 3079 200
2928 3036 3088 3083 Zahlbar
2755 3056 2884 3108 55.—
2907 3054 3108 3139 im Voraus
1764 3071 1880 3115 500
2741 3092 2886 3155 100.—
1710 3108 1881 3162 " 1000
1802 3113 3139 3202 Im Gegensatze zu anderen Bureaux für Zeitungsausschnitte ist der
2774 3187 3148 3247 auch steht es den
1683 3195 2718 3244 Abonnement durch keine bestimmte Zeitdauer begrenzt;
1697 3227 3036 3284 Abonnenten frei die aufgegebenen Themen zu ergänzen oder zu ändern.
