3484 4480
1959 246 2415 339 box 16/1
202 256 1812 350 9.4. Der gruene Kakadu Zyklus
1404 842 1824 911 Telefon 12801.
1121 935 2138 1032 Unternehmen für Zeitungs-Ausschnitte.
2011 989 2182 1057 Ausephuit
1979 1056 2304 1153 Nr. 40
1274 1021 1922 1164 „OBSERVER“
872 1139 2341 1230 I. österr. behördl. conc. Bureau für Zeitungsberichte u. Persenaegebricbten
1079 1222 2158 1315 Wien, IX/1. Türkenstrasse 1.
1288 1295 2084 1383 Filiale in Budapest: „Flgyelé“ —
988 1369 2264 1461 Vertretungen in Berlin, Chicago, London, Newyork, Paris, Stessktolm.
891 1500 1433 1584 Ausschnitt aus:
1420 1583 2174 1697 unn ahe (Bn,
1154 1593 1370 1714 2
903 1652 1166 1739 vom
1119 1938 2285 2026 ## 21. Dezember. (Eig. Mitth.) Es gab Zeiten, in
1072 2010 2278 2080 denen die Hostheater den Rang der Stücke nach dem gesellschaft¬
1114 2064 2260 2110 ichen Stand der handelnden Personen abschätzten. Dazu kam,
1138 2091 2261 2143 aß die Mandart als minderwerthig angesehen wurde. So that
1088 2131 2260 2194 der alte Herr v. Hütfen Anzengruber schlankweg als Bauerndichter
1080 2172 2266 2236 ab und fand es ganz in der Ordnung, daß Raimunds Valentin von
1069 2206 2271 2268 einem Schauspieler gegeben wurde, den er selbst nur immer als
1356 2245 2277 2294 feller gelten ließ. Aehnliche Erwägungen mögen;
1078 2256 1231 2311 Bedien
1380 2288 2279 2337 imund die Pforten des Burgtheaters ver¬
1075 2298 1186 2344 dem
1427 2327 2261 2380 Und doch war es dieses Dichters hochster Traum
1073 2335 1159 2392 sch
1429 2361 2261 2424 ig“ zu werden. Er mußte hinter einer Unzahl
1073 2382 1154 2429 40
1423 2405 2263 2452 Stückmacher zurückstehen, auf denen Laube dey
1432 2450 2262 2497 ftheaters aufbaute. Erst im Jahre 1885 magte
1085 2452 1162 2509 8
1078 2482 2292 2541 man es, den „Verichwender“ im Burgtheater zu spielen. Trotz
1077 2531 2261 2581 dem damals Tyrolt den Valentin darstellte, ging das Werk nicht
1088 2561 2278 2621 öfter als zweimal. Jetzt hat man den Versuch erneut, hoffentlich
1611 2606 2262 2662 s scheint, daß die Realisten dem
1077 2598 1553 2668 mit besserem Erfolge.
1089 2650 2261 2697 Romantiker die Wege geebnet haben. Die Vorstellung ist
1093 2677 2255 2742 fast durchwegs lobenswerth, Die „harbe“ und gemüthvolle Rosel
1092 2722 2259 2781 ist bekanntlich eine Glanzrolle der Frau Schratt, Herr Reimers
1095 2769 2259 2819 ist ein edler, feuriger Flottwell, Fräulein Medelsky eine
1091 2804 2259 2864 rührende Cheristane. Reben ihnen zeichneten sich Frl. Schönchen
1089 2834 2267 2900 in der Rolle des alten Weibes und Herr Devrient als Chevalier
1091 2889 2269 2937 Dumont aus. Valentin war Herr Kainz, leider Herr Kainz
1089 2912 2270 2979 nicht der Valentin. Dieser Künstler, der im Nu der Liebling
1089 2961 2261 3016 der Wiener geworden ist, möchte gern als Tausendfasa gelten,
904 2957 1081 3046 For 50
2085 2993 2265 3054 ir gefällt
1090 2996 2059 3060 der alles kann und noch etwas darüber. 9
992 3022 1100 3073 100
1101 3022 2275 3088 solches Wunderknabenwesen nicht. Wer fast alle Gebiete des
985 3062 1097 3107 200
1101 3064 2268 3131 Dramatischen so genial beherrscht wie Herr Kainz, braucht
991 3105 1085 3148 500
1086 3107 2265 3173 sich nicht auf das zu steifen, was ihm inneruich doch fremd ist.
937 3136 1102 3198 " 1000
1100 3150 2271 3207 In Wien spielt jetzt Girardi den Valentin; er ist von schlichtester
1099 3178 2361 3235 Gemüthsinnigkeit und durchaus wurzelecht. Schafft er alles aus Jaa¬
1037 3192 1103 3250 1n
1111 3227 2359 3299 dem Herzen heraus, so entspringt bei Kainz alles aus dem Kopf sden
924 3220 1095 3294 Abonnen
1115 3272 2269 3326 und dem Temperament. Da gab es denn freilich prächtige, inter¬
919 3280 1102 3330 Abonnen
1105 3310 2269 3360 essante Momente, selbst im Vortrag der Gesangsnummern, aber
1105 3343 2278 3398 der gute, alte, bescheidene, ehrliche Valentin war das doch nicht.
1091 3391 2271 3449 Was Herr Kainz für das Burgtheater bedentet, zeigte sich
1099 3434 2277 3474 einige Tage nach der „Verschwender“=Vorstellung, als Herr Kainz !
1104 3464 2278 3507 Schvißlers Paracelius spielte. Der verstorbene Robert hatte
1106 3508 2276 3567 ihn als einen Zwillingsbruder des Pausanias geschaffen; bei Kainz!
1098 3548 2272 3608 war er ein noch jugendfrischer, etwas abenteuernder Idealist, der¬
1104 3583 2273 3639 die Menschen liebt, wenn er auch einmal in überlegener, sieges¬
1101 3614 2270 3676 gewisser Genialität mit ihnen spielt. Jedenfalls ist jetzt erst die
1106 3653 2293 3722 Figur gewonnen worden, die der Dichter auf die Bühne stellen
1105 3709 1296 3766 wollte.—
