3392 4224
2373 181 2453 232 —
1186 241 1425 308 Kakat
2044 232 2585 328 box 15/5
358 235 1986 356 4 ZVKIIS
1254 990 1441 1078 mrshiche
2413 1032 2767 1123 Telefon 12801.
853 1080 1216 1142 Telefon 12801.
2116 1119 3056 1210 Unternehmen für Zeitungs-Ausschnitte.
3107 1136 3337 1224 Ausschnitt
539 1170 1484 1262 Unternehmen für Zeitungs-Ausschnitte,
1547 1181 1766 1260 Ausschnitt
309 1212 452 1287 10
2281 1212 2897 1314 „OBSERVER
2955 1216 3320 1325 Nr. 89
1448 1258 1758 1368 Nr. 82
699 1239 1316 1353 OBSERVER
1852 1310 3330 1382 I österr. behördl. concess. Bureau für Zeitungsberichte und Personalnachrichten
299 1338 1759 1411 I. österr. behördl. concess. Bureau für Zeitungsberichte und Personalnachrichten
2155 1364 3034 1460 Wien, IX/1 Türkenstrasse 17.
590 1408 1468 1519 Wien, IX/1 Türkenstrasse 17.
2089 1445 3093 1556 — Filiale in Budapest: „Figyelö“. VIII. Josefsring 31a. —
528 1496 1521 1591 — Filiale in Budapest: „Figyelö“, VIII. Josefsring 31a. —
1843 1587 2389 1668 Ausschnitt aus:
2416 1599 3066 1716 Breslauer Zeitung
1124 1603 1283 1714 Tas
281 1627 770 1723 Ausschnitt aus:
1860 1649 2383 1808 „ 4½3.10.
284 1763 786 1875 vom 44½ 00
2324 1855 2745 1950 Wiener Brief.
1967 1878 2053 1942 W*?
2005 1906 3238 1976 Aber auch im Ensemble des Burgtheaters beginnt es sich zu
1936 1977 3230 2027 lichten und die Frühlingsurlaube schießen frisch und üppig aus den
1935 2022 3223 2074 Brettern. Herr von Sonnenthal geht diesmal sogar übers Meer
573 2023 1517 2105 Dem Bürgermeister ist eine zarte Aufmerksamkeit er¬
1931 2070 3236 2126 zu den Amerikanern. Unsere Segenswünsche begleiten ihn, den
471 2098 1508 2153 wiesen worden, für deren Feinfühligkeit er vielleicht nicht ein¬
1951 2116 3234 2185 großen, ungebrochenen Recken, die unerschütterliche Säule unseres
488 2137 1525 2217 mal besonders erkenntlich sein dürfte. Nicht ganz mit Unrecht.
1935 2164 3236 2214 Burgtheaters. Welche tiefe Freuden hat er uns erst jüngst wieder
493 2192 1545 2287 sogar, denn genau betrachtet, sieht die kleine Aufmerksamkeit
1929 2216 3228 2269 bereitet. Als „Fuhrmann Henschel“, als „Professor Pilgram", in
505 2241 1544 2306 einem indirekten Mißtrauensvotum verzweifelt ähnlich.
1924 2270 3224 2334 der „Gefährtin“ von Schnitzler und als Henri im „Grünen Kakadu“.
512 2295 1534 2352 Denn Diejenigen, von welchen die delikate Anregung aus¬
1934 2304 3228 2373 Mächtiger mag Sonnenthal in den besten Tagen seiner Kraft nicht
506 2342 1541 2402 gegangen ist, haben dadurch zu verstehen gegeben, daß sie
1947 2358 3226 2418 dagestanden sein, als jetzt wieder in beiden letzten Jahren. Er
512 2379 1547 2446 von der Allbeliebtheit des Herrn Bürgermeisters und von
1944 2417 3228 2476 ist der größte Heldenvater der deutschen Bühne, deren umfassendster
511 2437 1538 2494 seiner unantastbaren Popularität nicht so ganz durch¬
1932 2462 3227 2518 und innerlichster Schauspieler er immer gewesen. Ich nehme selbst
503 2473 1545 2551 drungen sind, denn sonst hätten sie wohl unmöglich die
1933 2503 3230 2572 Baumeister, den kernbraven Recken, und den genialen Mitterwurzer
515 2527 1542 2579 Besorgniß fassen dürfen, es könne im Burgtheater
1946 2575 3235 2617 nicht aus. Das Repertoire erleidet eine sehr empfindliche Störung
516 2569 1548 2644 bei dem letzten der drei Schnitzler'schen Einakter, „Der
1948 2596 3233 2667 durch den Urlaub Sonnenthals, dazu kommt noch, daß auch Robert
515 2623 1548 2683 grüne Kakadu“, zu mißliebigen Demonstrationen
1941 2666 3229 2715 erkrankt ist, vermuthlich an akuter Klarheit der Stimme und auf
513 2672 1556 2730 kommen, wenn darin die Originalworte des Dichters von
1945 2694 3226 2748 dringenden ärztlichen Rath nach dem Süden gehen muß. Auch
514 2717 1550 2773 einem „unbeliebten Bürgermeister“ ge¬
1947 2745 3234 2817 Hanne Schäl — pardon Fräulein Witt geht auf Urlaub — Bau¬
511 2766 1543 2815 sprochen würden. Bei der letzten Probe noch, am Tag der
1947 2784 3228 2845 meister ist wieder erkrankt — armer Schlenther! Wenn man nur
514 2817 1543 2867 Première, wurde deshalb der „Bürgermeister“ ge¬
1943 2832 3238 2903 Kainz ausborgen könnte — apropos Kainz. Er ist doch ein
517 2847 1557 2916 strichen und das französische „Mr. le maire“ dafür gesetzt.
1947 2883 3228 2954 prächtiger Künstler und ein prächtiger Mensch. Ein Wiener Blatt
503 2902 1543 2965 „Das Franzö'sche hat seine eig'nen Kläng', Schnedderedäng!“
1938 2937 3228 3001 veröffentlicht heute ein Interview mit Kainz, das den Künstler für
531 2951 1566 3006 — und bei denWorte „Maire“ denkt zum Glück Niemand an¬
1949 2990 3233 3043 uns Wiener in sympathischestem Lichte erscheinen läßt. Der
520 2994 1551 3064 Herrn Dr. Lueger. Es dachte auch wirklich kein Mensch
1940 3031 3221 3095 warme Ton tiefer innerer Bewunderung, mit dem Kainz vom Burg¬
528 3036 1574 3107 in ihn. Aber, wie gesagt, besonders schmeichelhaft ist diese
1923 3080 3228 3138 theater spricht, läßt erhoffen, daß er voll und ganz das sein wird,
530 3101 1505 3175 einempfundene Zeusur=Aufmerksamkeit kaum zu nennen.
1820 3106 1923 3169 Für
283 3160 382 3223 Für
1945 3139 3219 3221 was wir von ihm erwarten, ein großer Künstler eines großen
1834 3162 1887 3216 „
389 3148 1227 3232 50 Zeitungsausschnitte (Artikel odel Notizen)
1367 3160 1488 3242 7.50
376 3186 466 3246 100
1889 3194 1929 3239 4
1849 3213 1892 3252 „
1510 3191 1686 3252 inclusive
1943 3194 3225 3278 Ensembles, ein Künstler, der den Geist und die Tradition des Burg¬
1352 3192 1471 3257 14.—
1536 3241 1672 3277 Porto.
373 3233 479 3290 200
1829 3220 1874 3291 1
1353 3242 1474 3298 25.—
1838 3238 3230 3330 . 10 theaters erfaßt. Kainz hat bei uns gespielt und seine klugen, ehr¬
1505 3263 1672 3309 Zahlbar
360 3283 478 3325 500
1345 3275 1707 3361 55.— im Voraus
1945 3284 3233 3367 lichen Augen, sein sicheres Urtheil, haben richtig und vorurtheilsfrei
307 3312 470 3375 „ 1000
1316 3327 1471 3384 „ 100.—
1957 3336 3259 3411 zu schauen gewagt. Mit vollem Freimuth bekennt Kainz, daß ange
1817 3351 1950 3412 Aboni
405 3363 1733 3426 Im Gegensatze zu anderen Bureaux für Zeitungsausschnitte ist dlas
1954 3403 3255 3450 keiner deutschen Bühne so gespielt werde, als heute noch am Burg¬en
1816 3404 1950 3469 Abonr
295 3387 1322 3455 Abonnement durch keine bestimmte Zeitdauer begrenzt;
1377 3413 1748 3487 auch steht es den
1950 3440 3217 3498 theater. Jetzt müssen also deutsche Kritiker, deutsche Künstler an die
291 3455 1628 3509 Abonnenten frei die aufgegebenen Themen zu ergänzen odler zu ändern.
1955 3475 3194 3541 Ehrenrettung des Burgtheaters gehen! Das ist typisch für die
1958 3538 3153 3595 Wiener und ihre Affenschande. Was könnte aus dieser Stadt
1962 3577 3175 3647 soviel besitzt an künstlerischem Material, soviel an Stimmung un
1964 3611 3229 3689 innerer Schönheit werden — wenn sie nicht das traurige Opfers
1954 3658 3235 3731 einiger Hanswurste wäre, die sie politisch und künstlerisch zu einem
1963 3713 3232 3792 Jahrmarktflecken herabgedrückt haben. Wir haben wohl einige
1957 3760 3236 3829 Künstler, die das Zeug hätten, mit diesen Marktschreiern aufzu¬
1962 3801 3218 3889 räumen. Warum die es nicht thun? Die Antwort ein andermal
2725 3859 3158 3940 Paul Wilhelm.
1954 3871 2288 3944 lieber Leser.
