3484 4480
1976 187 2427 277 box 16/1
232 200 1838 305 9.4. Der gruehe KakaduZuklus
1402 1100 1817 1165 Telefon 12801.
936 1192 2298 1285 Alex. Weigl's Unternehmen für Zeitungs-Ausschnitte
1964 1262 2149 1316 Ausschuilt
1270 1276 2283 1413 „OBSERVER“ Nr. 76
836 1398 2341 1507 X Balekr. behördl. conc. Bureau für Zeitungsberichte u. Personalnachrichten
1064 1485 2177 1573 Wien, IX/1 Türkenstrasse 17.
1279 1556 1943 1650 Filiale in Budapest: „Flgyelé“
884 1623 2340 1713 Vertretungen in Berlin, Chicago, Genf, London, Newyork, Paris, Rom, Stockholm.
885 1758 1429 1853 Ausschnitt aus:
1491 1734 2083 1873 iner BarSclibezurn
885 1892 1568 2007 vo 4 %/ 770
1053 2196 2047 2295 Aus Hannover wird uns geschriebenIm
990 2249 2061 2343 Residenz=Theater wurden gestern die Einacter „Para¬
991 2286 2046 2374 celsus“ „Die Gefährtin" und „Der grüne Kakabu“
998 2329 2058 2424 von Arthur Schnitzler aufgeführt. Die Aufnahme der
1010 2371 2059 2485 Einacter war, wie man voraussehen konnte, sehr
1035 2406 2063 2498 kreundlich. Herr Steffter hatte sich um eine sorg¬
1023 2460 2066 2540 fäiltige Einstudirung und stilgerechte Inscenirung ver¬
1026 2490 2073 2593 Rent gemacht, er dankte im Namen des Autors.
1025 2533 2076 2624 Fräulein Lisbeth Baumbach, unsere vom Braun¬
1025 2582 2073 2667 schweiger Hoftheater zurückgekehrte Salondame, hatte!
1042 2592 2076 2710 sowohl als Justina in „Paracelsus“, wie auch als
1043 2665 2068 2750 Léocadie im „Grünen Kakadu“ Erfolg. Herr Hille
1030 2706 2076 2807 „fand in „Paracelsus“ eine dankbare Aufgabe, sein halb
925 2703 1031 2804 Für
2107 2733 2309 2805 inclusive
1013 2747 2084 2817 mephistophelischer, überlegener Charlatan war von
2129 2787 2290 2835 Porto.
1005 2776 2081 2891 Llebhafter Wirkung. Viel Erfolg erzielte Herr Lebius
2112 2803 2301 2876 Zahlbar
1040 2824 2080 2934 Zim „Grünen Kakadu“ als Henri. Unter den anderen
1052 2835 2334 2956 zahlreichen Figuren ist noch Schubart's angstmeier=] im Voraus.
951 2867 1034 2952 71
1014 2895 2085 2997 llicher Chevalier, Haack's Philosoph, Steffter's
904 2924 2354 3032 Abonne Schneider und Fräulein Engl's lüsterne Marquisehnitte ist das
891 2973 2358 3081 Abonnetzu nennen. Nach den letzten Stück mußte der Vuch stcht es len
2035 3025 2187 3087 ändern.
1062 3044 1720 3135 hang ofimals in die K'he gehen.
1896 3082 2357 3173 uszug enthaltend die
1322 3128 2360 3201 Kesnesen Mittheilungen der Wiener Morgen¬
902 3154 1106 3213 Inhalts
910 3159 2359 3243 blätter (Tagesjournale ausser „Neue Freie Presse“ und „Wiener Zeitung“)
900 3230 2353 3275 wodurch eine Uebersicht über das gesammte politische und wirthschaftliche Leben
910 3274 2365 3342 des In- und Auslandes in drastischer Kürze geboten wird. Diese Mittheilungen
904 3313 1710 3377 werden in Wien um 9 Uhr Früh verschickt.
1210 3372 2046 3464 Prospecte gratis und franco.
