<?xml version="1.0" encoding="UTF-8" standalone="yes"?>
<PcGts xmlns="http://schema.primaresearch.org/PAGE/gts/pagecontent/2013-07-15" xmlns:xsi="http://www.w3.org/2001/XMLSchema-instance" xsi:schemaLocation="http://schema.primaresearch.org/PAGE/gts/pagecontent/2013-07-15 http://schema.primaresearch.org/PAGE/gts/pagecontent/2013-07-15/pagecontent.xsd">
    <Metadata>
        <Creator>prov=University of Rostock/Institute of Mathematics/CITlab/Gundram Leifert/gundram.leifert@uni-rostock.de:name=ONB_Newseye_GT_M1+(htr_id=10810)::::v=2.4.2
prov=University of Rostock/Institute of Mathematics/CITlab/Tobias Gruening/tobias.gruening@uni-rostock.de:name=de.uros.citlab.module.baseline2polygon.B2PSeamMultiOriented:v=2.4.2
prov=University of Rostock/Institute of Mathematics/CITlab/Tobias Gruening/tobias.gruening@uni-rostock.de:name=/mnt/transkribus/LA/DEA/URO/LA_news_onb_att.pb:de.uros.citlab.segmentation.CITlab_LA_ML:v=2.4.2
Transkribus</Creator>
        <Created>2019-10-07T11:42:57.952+02:00</Created>
        <LastChange>2019-10-08T20:38:24.216+02:00</LastChange>
        <TranskribusMetadata docId="223987" pageId="9503632" pageNr="426" tsid="16609164" status="IN_PROGRESS" userId="40391" imgUrl="https://files.transkribus.eu/Get?id=WWPEBWWSIVHDDYPZLDHCZWQO&amp;fileType=view" xmlUrl="https://files.transkribus.eu/Get?id=XEVOMWRDXSLKOIXRUIKOOOKH" imageId="6193846"/>
    </Metadata>
    <Page imageFilename="223987_0426.jpeg" imageWidth="3436" imageHeight="4320">
        <ReadingOrder>
            <OrderedGroup id="ro_1711447460744" caption="Regions reading order">
                <RegionRefIndexed index="0" regionRef="r1"/>
                <RegionRefIndexed index="1" regionRef="r2"/>
            </OrderedGroup>
        </ReadingOrder>
        <TextRegion orientation="0.0" id="r1" custom="readingOrder {index:0;}">
            <Coords points="324,315 324,3154 2837,3154 2837,315"/>
            <TextLine id="r1l1" custom="readingOrder {index:0;}">
                <Coords points="2072,355 2158,370 2202,354 2226,373 2334,368 2374,384 2454,357 2520,372 2521,296 2477,283 2431,277 2403,303 2331,284 2197,314 2113,287 2073,299"/>
                <Baseline points="2083,344 2108,343 2133,344 2158,344 2183,344 2208,345 2233,345 2258,346 2283,346 2309,347 2334,348 2359,348 2384,348 2409,348 2434,348 2459,347 2484,347 2510,345"/>
                <TextEquiv>
                    <Unicode>box 15/5</Unicode>
                </TextEquiv>
            </TextLine>
            <TextLine id="r1l2" custom="readingOrder {index:1;}">
                <Coords points="313,355 1239,406 1933,376 1772,285 1459,328 1252,284 537,326 314,291"/>
                <Baseline points="324,342 408,348 492,353 576,356 660,359 744,361 828,363 913,364 997,365 1081,365 1165,365 1249,365 1333,364 1418,364 1502,363 1586,363 1670,363 1754,363 1838,364 1923,365"/>
                <TextEquiv>
                    <Unicode>9. 4. Der pruene kakadi Zuklus</Unicode>
                </TextEquiv>
            </TextLine>
            <TextLine id="r1l3" custom="readingOrder {index:2;}">
                <Coords points="444,1610 474,1614 504,1597 556,1597 570,1609 594,1597 658,1609 692,1598 708,1608 748,1602 748,1536 728,1528 700,1534 672,1523 648,1535 630,1521 612,1527 586,1515 542,1527 444,1524"/>
                <Baseline points="453,1580 478,1581 504,1581 530,1581 556,1581 582,1582 607,1582 633,1582 659,1582 685,1582 711,1582 737,1581"/>
                <TextEquiv>
                    <Unicode></Unicode>
                </TextEquiv>
            </TextLine>
            <TextLine id="r1l4" custom="readingOrder {index:3;}">
                <Coords points="369,1648 1599,1683 1575,1608 1227,1637 369,1606"/>
                <Baseline points="379,1649 439,1648 499,1648 560,1648 620,1648 681,1648 741,1649 802,1649 862,1650 923,1650 983,1651 1043,1652 1104,1653 1164,1654 1225,1655 1285,1656 1346,1657 1406,1657 1467,1658 1527,1658 1588,1658"/>
                <TextEquiv>
                    <Unicode>ist, wie das einactige Drama heute nun einmal behandelt</Unicode>
                </TextEquiv>
            </TextLine>
            <TextLine id="r1l5" custom="readingOrder {index:4;}">
                <Coords points="1625,1680 2842,1674 2842,1634 2682,1618 1626,1620"/>
                <Baseline points="1635,1657 1694,1658 1754,1659 1814,1660 1874,1661 1934,1661 1993,1662 2053,1663 2113,1663 2173,1664 2233,1664 2292,1665 2352,1665 2412,1666 2472,1666 2532,1667 2591,1668 2651,1669 2711,1670 2771,1671 2831,1672"/>
                <TextEquiv>
                    <Unicode>Schein beherrscht nun das Leben; er hat den Sicheren</Unicode>
                </TextEquiv>
            </TextLine>
            <TextLine id="r1l6" custom="readingOrder {index:5;}">
                <Coords points="369,1713 1595,1743 1596,1681 1554,1665 370,1673"/>
                <Baseline points="380,1705 440,1705 500,1706 560,1707 621,1708 681,1709 741,1711 802,1713 862,1714 922,1716 983,1718 1043,1719 1103,1721 1163,1722 1224,1723 1284,1723 1344,1724 1405,1723 1465,1723 1525,1722 1586,1720"/>
                <TextEquiv>
                    <Unicode>wird, diesmal gar kein Vorwurf, der den Dichter trifft.</Unicode>
                </TextEquiv>
            </TextLine>
            <TextLine id="r1l7" custom="readingOrder {index:6;}">
                <Coords points="1607,1728 2284,1758 2845,1728 2845,1686 2444,1659 2321,1702 1607,1684"/>
                <Baseline points="1617,1719 1677,1721 1738,1723 1799,1724 1860,1725 1921,1727 1982,1727 2042,1728 2103,1729 2164,1729 2225,1730 2286,1730 2347,1730 2408,1731 2468,1731 2529,1732 2590,1732 2651,1733 2712,1734 2773,1735 2834,1736"/>
                <TextEquiv>
                    <Unicode>aus seiner Ruhe gestürzt, er hat der Sehnsucht Erfüllung</Unicode>
                </TextEquiv>
            </TextLine>
            <TextLine id="r1l8" custom="readingOrder {index:7;}">
                <Coords points="379,1774 1589,1809 1590,1747 1552,1734 1471,1762 1420,1729 380,1716"/>
                <Baseline points="389,1769 448,1769 508,1769 567,1770 627,1770 686,1771 746,1772 805,1772 865,1773 924,1774 984,1775 1044,1776 1103,1777 1163,1777 1222,1778 1282,1779 1341,1779 1401,1779 1460,1779 1520,1779 1580,1778"/>
                <TextEquiv>
                    <Unicode>Es sollte nur bei dieser Gelegenheit ganz beiläufig aus¬</Unicode>
                </TextEquiv>
            </TextLine>
            <TextLine id="r1l9" custom="readingOrder {index:8;}">
                <Coords points="1614,1780 2458,1814 2834,1789 2805,1744 1615,1730"/>
                <Baseline points="1625,1779 1688,1778 1751,1778 1814,1778 1877,1778 1940,1778 2003,1779 2066,1780 2129,1781 2192,1782 2256,1784 2319,1785 2382,1786 2445,1787 2508,1788 2571,1789 2634,1790 2697,1790 2760,1791 2824,1791"/>
                <TextEquiv>
                    <Unicode>und Reue gebracht. Nach außen und nach innen geht der</Unicode>
                </TextEquiv>
            </TextLine>
            <TextLine id="r1l10" custom="readingOrder {index:9;}">
                <Coords points="367,1857 433,1858 517,1832 573,1855 671,1832 757,1846 875,1835 875,1807 843,1815 763,1776 367,1775"/>
                <Baseline points="377,1823 402,1824 428,1824 453,1825 479,1825 505,1826 530,1826 556,1826 582,1826 607,1826 633,1826 658,1826 684,1826 710,1826 735,1827 761,1827 787,1827 812,1828 838,1828 864,1829"/>
                <TextEquiv>
                    <Unicode>einandergesetzt werden.</Unicode>
                </TextEquiv>
            </TextLine>
            <TextLine id="r1l11" custom="readingOrder {index:10;}">
                <Coords points="1610,1854 2842,1868 2842,1814 2787,1800 1930,1821 1611,1778"/>
                <Baseline points="1620,1839 1680,1838 1741,1837 1801,1836 1862,1836 1923,1837 1983,1837 2044,1838 2104,1839 2165,1840 2226,1842 2286,1843 2347,1844 2407,1845 2468,1846 2529,1847 2589,1847 2650,1848 2710,1848 2771,1848 2832,1847"/>
                <TextEquiv>
                    <Unicode>Conflict. Und wäre nur der, der ihn gebracht hat, ein</Unicode>
                </TextEquiv>
            </TextLine>
            <TextLine id="r1l12" custom="readingOrder {index:11;}">
                <Coords points="500,1889 1598,1909 1598,1857 1521,1837 1406,1865 933,1811 500,1845"/>
                <Baseline points="510,1883 566,1885 623,1887 680,1888 737,1889 793,1890 850,1890 907,1891 964,1891 1021,1891 1077,1892 1134,1892 1191,1892 1248,1892 1305,1893 1361,1893 1418,1894 1475,1895 1532,1896 1589,1898"/>
                <TextEquiv>
                    <Unicode>Am ernstesten und größten erscheint der Vorwurf in</Unicode>
                </TextEquiv>
            </TextLine>
            <TextLine id="r1l13" custom="readingOrder {index:12;}">
                <Coords points="1617,1892 2845,1920 2845,1866 2765,1857 1617,1852"/>
                <Baseline points="1627,1897 1687,1897 1747,1897 1808,1897 1868,1897 1928,1897 1989,1897 2049,1897 2109,1897 2170,1898 2230,1898 2290,1899 2351,1899 2411,1900 2471,1901 2532,1903 2592,1904 2652,1906 2713,1908 2773,1910 2834,1913"/>
                <TextEquiv>
                    <Unicode>wenig selbst mit hineinverwickelt, das schönste, originellste,</Unicode>
                </TextEquiv>
            </TextLine>
            <TextLine id="r1l14" custom="readingOrder {index:13;}">
                <Coords points="381,1943 1588,1985 1589,1913 381,1897"/>
                <Baseline points="390,1946 449,1945 508,1944 568,1943 627,1943 687,1943 746,1943 806,1944 865,1944 925,1946 984,1947 1043,1948 1103,1949 1162,1951 1222,1952 1281,1953 1341,1954 1400,1955 1460,1956 1519,1956 1579,1957"/>
                <TextEquiv>
                    <Unicode>„Paracelsus“ angegriffen. Das ist auch folgerichtig das</Unicode>
                </TextEquiv>
            </TextLine>
            <TextLine id="r1l15" custom="readingOrder {index:14;}">
                <Coords points="1614,1963 2836,1984 2836,1924 2784,1915 2306,1935 1614,1895"/>
                <Baseline points="1623,1957 1683,1956 1743,1955 1803,1955 1863,1954 1923,1954 1983,1954 2044,1955 2104,1955 2164,1955 2224,1956 2284,1957 2344,1957 2404,1958 2465,1959 2525,1960 2585,1961 2645,1962 2705,1963 2765,1964 2826,1965"/>
                <TextEquiv>
                    <Unicode>richtigste Drama wäre sozusagen unvermeidlich; es müßte</Unicode>
                </TextEquiv>
            </TextLine>
            <TextLine id="r1l16" custom="readingOrder {index:15;}">
                <Coords points="378,2011 1438,2037 1584,2013 1585,1979 379,1945"/>
                <Baseline points="389,2004 448,2003 507,2002 566,2001 626,2001 685,2001 744,2002 803,2002 863,2003 922,2004 981,2005 1040,2006 1100,2008 1159,2009 1218,2010 1277,2011 1337,2012 1396,2013 1455,2014 1514,2014 1574,2014"/>
                <TextEquiv>
                    <Unicode>schwächste der drei Stücke. Alle Voraussetzungen einer dra¬</Unicode>
                </TextEquiv>
            </TextLine>
            <TextLine id="r1l17" custom="readingOrder {index:16;}">
                <Coords points="1610,2028 2848,2026 2848,1990 2712,1974 1610,1966"/>
                <Baseline points="1620,2021 1680,2020 1741,2019 1802,2019 1863,2018 1924,2017 1985,2017 2045,2017 2106,2017 2167,2017 2228,2017 2289,2017 2350,2018 2411,2019 2471,2019 2532,2020 2593,2021 2654,2023 2715,2024 2776,2026 2837,2028"/>
                <TextEquiv>
                    <Unicode>sich dann fast gegen den Willen und die Kraft des Dichters</Unicode>
                </TextEquiv>
            </TextLine>
            <TextLine id="r1l18" custom="readingOrder {index:17;}">
                <Coords points="366,2066 1590,2090 1590,2042 1518,2023 366,2026"/>
                <Baseline points="375,2062 435,2061 495,2061 555,2061 615,2061 676,2061 736,2062 796,2063 856,2064 916,2065 977,2066 1037,2068 1097,2069 1157,2070 1217,2071 1278,2072 1338,2073 1398,2074 1458,2075 1518,2075 1579,2075"/>
                <TextEquiv>
                    <Unicode>matischen Entwicklung sind gegeben: Zwischen der beschränkten</Unicode>
                </TextEquiv>
            </TextLine>
            <TextLine id="r1l19" custom="readingOrder {index:18;}">
                <Coords points="1606,2087 2544,2112 2832,2095 2832,2027 1606,2049"/>
                <Baseline points="1615,2079 1675,2079 1735,2078 1795,2078 1856,2077 1916,2077 1976,2077 2037,2077 2097,2076 2157,2076 2218,2076 2278,2077 2338,2077 2398,2077 2459,2078 2519,2078 2579,2079 2640,2080 2700,2081 2760,2083 2821,2084"/>
                <TextEquiv>
                    <Unicode>durchsetzen. Aber das fehlt. Paracelsus bleibt gegenüber</Unicode>
                </TextEquiv>
            </TextLine>
            <TextLine id="r1l20" custom="readingOrder {index:19;}">
                <Coords points="376,2125 1586,2149 1586,2099 1496,2084 377,2063"/>
                <Baseline points="385,2120 444,2119 504,2119 563,2119 623,2119 682,2120 742,2121 801,2121 861,2122 920,2123 980,2124 1040,2125 1099,2127 1159,2128 1218,2128 1278,2129 1337,2130 1397,2131 1456,2131 1516,2132 1576,2132"/>
                <TextEquiv>
                    <Unicode>Ruhe des Mannes, und der dunklen Sehnsucht seiner Frau</Unicode>
                </TextEquiv>
            </TextLine>
            <TextLine id="r1l21" custom="readingOrder {index:20;}">
                <Coords points="1615,2145 2789,2168 2841,2148 2842,2096 1616,2089"/>
                <Baseline points="1626,2133 1686,2132 1746,2132 1806,2132 1867,2132 1927,2132 1987,2133 2048,2133 2108,2134 2168,2135 2229,2135 2289,2136 2349,2137 2409,2138 2470,2139 2530,2140 2590,2140 2651,2141 2711,2142 2771,2143 2832,2143"/>
                <TextEquiv>
                    <Unicode>der Verwirrung die er angerichtet hat, ganz klar und kalt und</Unicode>
                </TextEquiv>
            </TextLine>
            <TextLine id="r1l22" custom="readingOrder {index:21;}">
                <Coords points="366,2188 1590,2211 1591,2147 1435,2133 367,2148"/>
                <Baseline points="377,2181 437,2180 497,2179 557,2178 617,2178 677,2178 737,2179 798,2179 858,2180 918,2181 978,2182 1038,2183 1098,2184 1158,2185 1219,2186 1279,2187 1339,2188 1399,2189 1459,2190 1519,2191 1580,2191"/>
                <TextEquiv>
                    <Unicode>schlummert der Schicksalskampf. Träte einer dazwischen, der</Unicode>
                </TextEquiv>
            </TextLine>
            <TextLine id="r1l23" custom="readingOrder {index:22;}">
                <Coords points="1611,2205 2711,2228 2833,2210 2834,2154 1612,2143"/>
                <Baseline points="1622,2190 1682,2191 1742,2192 1802,2193 1862,2193 1922,2194 1982,2194 2042,2195 2102,2195 2162,2196 2222,2196 2282,2197 2342,2197 2402,2198 2462,2199 2522,2199 2582,2200 2642,2201 2702,2202 2762,2203 2823,2205"/>
                <TextEquiv>
                    <Unicode>unberührt. Er weiß genau, was der Dichter wissen lassen</Unicode>
                </TextEquiv>
            </TextLine>
            <TextLine id="r1l24" custom="readingOrder {index:23;}">
                <Coords points="376,2240 662,2268 828,2236 884,2271 950,2237 1371,2233 1538,2267 1598,2254 1599,2210 377,2186"/>
                <Baseline points="386,2239 446,2239 506,2239 566,2239 626,2239 686,2240 746,2241 806,2241 866,2242 926,2243 987,2244 1047,2245 1107,2246 1167,2247 1227,2247 1287,2248 1347,2248 1407,2248 1467,2248 1527,2247 1588,2246"/>
                <TextEquiv>
                    <Unicode>ihrer Sehnsucht ein Ziel gäbe, und seiner Ruhe die</Unicode>
                </TextEquiv>
            </TextLine>
            <TextLine id="r1l25" custom="readingOrder {index:24;}">
                <Coords points="1618,2268 2796,2289 2843,2213 1618,2214"/>
                <Baseline points="1628,2251 1688,2251 1748,2251 1808,2251 1869,2251 1929,2251 1989,2252 2049,2252 2110,2253 2170,2253 2230,2254 2290,2254 2351,2255 2411,2256 2471,2256 2531,2257 2592,2258 2652,2259 2712,2259 2772,2260 2833,2261"/>
                <TextEquiv>
                    <Unicode>will; und während alles nach einer Fortentwicklung und</Unicode>
                </TextEquiv>
            </TextLine>
            <TextLine id="r1l26" custom="readingOrder {index:25;}">
                <Coords points="363,2296 1329,2296 1574,2335 1599,2253 1527,2286 1377,2237 1311,2274 1111,2241 363,2258"/>
                <Baseline points="372,2299 432,2298 493,2297 554,2296 615,2296 676,2296 736,2297 797,2298 858,2299 919,2300 980,2301 1040,2303 1101,2304 1162,2305 1223,2306 1284,2307 1344,2308 1405,2308 1466,2308 1527,2307 1588,2306"/>
                <TextEquiv>
                    <Unicode>unerwünschte Bewegung, daun müßte sich ein Schicksal an</Unicode>
                </TextEquiv>
            </TextLine>
            <TextLine id="r1l27" custom="readingOrder {index:26;}">
                <Coords points="1613,2319 2835,2345 2835,2289 2785,2279 1613,2271"/>
                <Baseline points="1623,2311 1683,2311 1743,2311 1803,2311 1863,2311 1923,2311 1983,2311 2043,2311 2103,2312 2163,2312 2223,2312 2283,2313 2343,2313 2403,2314 2463,2315 2523,2315 2583,2317 2643,2317 2703,2319 2763,2320 2824,2323"/>
                <TextEquiv>
                    <Unicode>katastrophalen Lösung des Conflictes schreit, wird er von</Unicode>
                </TextEquiv>
            </TextLine>
            <TextLine id="r1l28" custom="readingOrder {index:27;}">
                <Coords points="365,2378 1351,2360 1529,2402 1597,2387 1598,2331 662,2293 366,2332"/>
                <Baseline points="375,2356 435,2356 496,2356 556,2356 617,2356 678,2356 738,2356 799,2357 860,2357 920,2357 981,2358 1042,2359 1102,2359 1163,2360 1224,2361 1284,2362 1345,2363 1406,2365 1466,2366 1527,2368 1588,2369"/>
                <TextEquiv>
                    <Unicode>diesen orei Menschen vollziehen. Und es kommt auch Einer,</Unicode>
                </TextEquiv>
            </TextLine>
            <TextLine id="r1l29" custom="readingOrder {index:28;}">
                <Coords points="1610,2395 2360,2370 2796,2403 2835,2345 1611,2329"/>
                <Baseline points="1620,2368 1680,2369 1740,2369 1800,2369 1860,2369 1921,2369 1981,2370 2041,2370 2101,2370 2161,2370 2222,2371 2282,2371 2342,2372 2402,2373 2462,2374 2523,2375 2583,2377 2643,2378 2703,2380 2763,2383 2824,2385"/>
                <TextEquiv>
                    <Unicode>dem klugen Manne rasch wegerklärt. Die Suggestion weicht,</Unicode>
                </TextEquiv>
            </TextLine>
            <TextLine id="r1l30" custom="readingOrder {index:29;}">
                <Coords points="365,2413 1318,2453 1602,2441 1603,2395 365,2377"/>
                <Baseline points="375,2417 435,2416 496,2416 557,2415 618,2415 679,2415 740,2415 800,2416 861,2416 922,2417 983,2418 1044,2419 1105,2419 1166,2420 1226,2421 1287,2422 1348,2422 1409,2423 1470,2423 1531,2423 1592,2423"/>
                <TextEquiv>
                    <Unicode>der große Paracelsus, und bringt dies Schicksal; aber er</Unicode>
                </TextEquiv>
            </TextLine>
            <TextLine id="r1l31" custom="readingOrder {index:30;}">
                <Coords points="1613,2442 2831,2456 2832,2394 2756,2387 1614,2396"/>
                <Baseline points="1624,2427 1683,2428 1743,2428 1803,2428 1863,2428 1923,2428 1983,2428 2043,2428 2103,2428 2163,2429 2223,2429 2282,2429 2342,2430 2402,2430 2462,2431 2522,2432 2582,2433 2642,2434 2702,2435 2762,2437 2822,2438"/>
                <TextEquiv>
                    <Unicode>das Weib spricht — auf posthypnotischen Befehl — seine</Unicode>
                </TextEquiv>
            </TextLine>
            <TextLine id="r1l32" custom="readingOrder {index:31;}">
                <Coords points="367,2470 1595,2505 1595,2445 1509,2437 367,2424"/>
                <Baseline points="377,2477 437,2476 497,2475 558,2475 618,2475 678,2475 739,2475 799,2475 859,2475 920,2475 980,2476 1040,2476 1101,2476 1161,2477 1221,2477 1282,2478 1342,2479 1402,2479 1463,2480 1523,2480 1584,2481"/>
                <TextEquiv>
                    <Unicode>bringt es in einem Traume, und in Worten nimmt er es</Unicode>
                </TextEquiv>
            </TextLine>
            <TextLine id="r1l33" custom="readingOrder {index:32;}">
                <Coords points="1621,2506 2839,2498 2839,2446 1621,2442"/>
                <Baseline points="1630,2481 1693,2484 1756,2485 1819,2487 1882,2488 1945,2490 2008,2491 2071,2491 2134,2492 2197,2493 2261,2493 2324,2494 2387,2494 2450,2495 2513,2496 2576,2497 2639,2497 2702,2498 2765,2499 2829,2501"/>
                <TextEquiv>
                    <Unicode>Sehnsucht unverhohlen aus, der Mann zieht seine Lehre</Unicode>
                </TextEquiv>
            </TextLine>
            <TextLine id="r1l34" custom="readingOrder {index:33;}">
                <Coords points="370,2537 1596,2543 1596,2503 1516,2490 370,2481"/>
                <Baseline points="380,2536 440,2534 500,2533 560,2532 621,2531 681,2531 741,2531 802,2531 862,2532 922,2532 983,2533 1043,2534 1103,2535 1163,2536 1224,2537 1284,2538 1344,2539 1405,2539 1465,2540 1525,2541 1586,2541"/>
                <TextEquiv>
                    <Unicode>wieder weg. Ein großer Spieler ist er, der mit dem Menschen</Unicode>
                </TextEquiv>
            </TextLine>
            <TextLine id="r1l35" custom="readingOrder {index:34;}">
                <Coords points="1618,2564 2822,2587 2841,2498 1618,2506"/>
                <Baseline points="1628,2542 1688,2544 1748,2545 1808,2547 1868,2548 1928,2549 1988,2550 2048,2551 2108,2551 2168,2552 2229,2552 2289,2553 2349,2553 2409,2554 2469,2554 2529,2555 2589,2555 2649,2556 2709,2556 2769,2557 2830,2557"/>
                <TextEquiv>
                    <Unicode>daraus, und verspricht, klug und brav zu sein. Paracelsus</Unicode>
                </TextEquiv>
            </TextLine>
            <TextLine id="r1l36" custom="readingOrder {index:35;}">
                <Coords points="378,2600 1596,2618 1552,2548 1500,2576 1294,2541 378,2546"/>
                <Baseline points="387,2596 450,2595 513,2594 576,2594 639,2594 702,2594 765,2594 828,2594 891,2594 954,2595 1018,2595 1081,2596 1144,2597 1207,2597 1270,2597 1333,2598 1396,2598 1459,2598 1522,2598 1586,2597"/>
                <TextEquiv>
                    <Unicode>spielt. Sein Erlebniß könnte uns in die Tiefen des Le¬</Unicode>
                </TextEquiv>
            </TextLine>
            <TextLine id="r1l37" custom="readingOrder {index:36;}">
                <Coords points="1615,2624 1729,2643 1780,2608 1933,2630 2132,2614 2161,2637 2210,2608 2269,2638 2302,2614 2429,2633 2430,2593 2375,2558 2224,2583 2099,2558 1974,2581 1877,2548 1832,2573 1783,2552 1617,2564"/>
                <Baseline points="1625,2598 1664,2597 1704,2597 1744,2598 1784,2598 1823,2599 1863,2600 1903,2601 1943,2602 1982,2604 2022,2605 2062,2607 2102,2608 2141,2609 2181,2610 2221,2611 2261,2611 2300,2612 2340,2612 2380,2611 2420,2610"/>
                <TextEquiv>
                    <Unicode>erklärt den Sinn des Lebens und geht.</Unicode>
                </TextEquiv>
            </TextLine>
            <TextLine id="r1l38" custom="readingOrder {index:37;}">
                <Coords points="370,2657 1532,2691 1602,2667 1603,2623 541,2590 371,2619"/>
                <Baseline points="381,2653 441,2652 502,2651 562,2651 623,2650 683,2650 744,2651 804,2651 865,2652 925,2652 986,2653 1047,2654 1107,2655 1168,2655 1228,2656 1289,2657 1349,2658 1410,2658 1470,2659 1531,2659 1592,2659"/>
                <TextEquiv>
                    <Unicode>bens sehen lassen, Erkenntnisse, die ihm werden, könnten uns</Unicode>
                </TextEquiv>
            </TextLine>
            <TextLine id="r1l39" custom="readingOrder {index:38;}">
                <Coords points="1723,2671 2825,2686 2826,2638 2778,2631 1724,2627"/>
                <Baseline points="1734,2658 1788,2659 1842,2661 1896,2662 1950,2664 2004,2665 2058,2666 2112,2667 2166,2668 2220,2669 2274,2669 2328,2670 2382,2671 2436,2671 2490,2672 2544,2673 2598,2673 2652,2674 2706,2674 2760,2675 2814,2676"/>
                <TextEquiv>
                    <Unicode>So verliert sich das Drama, kaum daß es begonnen</Unicode>
                </TextEquiv>
            </TextLine>
            <TextLine id="r1l40" custom="readingOrder {index:39;}">
                <Coords points="363,2723 1593,2734 1594,2680 624,2657 584,2689 412,2655 364,2689"/>
                <Baseline points="373,2709 433,2710 494,2710 554,2710 615,2711 675,2711 736,2712 796,2712 857,2712 917,2713 978,2713 1039,2714 1099,2714 1160,2714 1220,2715 1281,2715 1341,2716 1402,2717 1462,2718 1523,2718 1584,2719"/>
                <TextEquiv>
                    <Unicode>belehren. Aber wir sehen ihn immer nur hantiren, und</Unicode>
                </TextEquiv>
            </TextLine>
            <TextLine id="r1l41" custom="readingOrder {index:40;}">
                <Coords points="1618,2731 2828,2755 2808,2687 1618,2685"/>
                <Baseline points="1627,2723 1686,2722 1746,2722 1805,2722 1865,2722 1924,2722 1984,2722 2043,2722 2103,2723 2162,2723 2222,2724 2282,2724 2341,2725 2401,2726 2460,2727 2520,2728 2579,2729 2639,2731 2698,2732 2758,2733 2818,2735"/>
                <TextEquiv>
                    <Unicode>hat, in gescheidte Worte. Das Leben, das der Schein für</Unicode>
                </TextEquiv>
            </TextLine>
            <TextLine id="r1l42" custom="readingOrder {index:41;}">
                <Coords points="369,2757 453,2792 1599,2781 1599,2747 1491,2723 369,2721"/>
                <Baseline points="378,2769 438,2769 499,2769 559,2769 620,2769 680,2769 741,2769 801,2770 862,2770 922,2770 983,2771 1043,2771 1104,2772 1164,2773 1225,2774 1285,2774 1346,2775 1406,2776 1467,2777 1527,2778 1588,2779"/>
                <TextEquiv>
                    <Unicode>die Erklärungen dazu geben; nicht aus der Tiefe seines</Unicode>
                </TextEquiv>
            </TextLine>
            <TextLine id="r1l43" custom="readingOrder {index:42;}">
                <Coords points="1616,2779 2836,2803 2836,2753 2748,2742 1616,2733"/>
                <Baseline points="1625,2777 1685,2777 1745,2777 1805,2778 1865,2778 1925,2779 1985,2780 2045,2781 2105,2781 2165,2782 2225,2783 2285,2784 2345,2785 2405,2786 2465,2787 2525,2788 2585,2788 2645,2789 2705,2790 2765,2790 2826,2791"/>
                <TextEquiv>
                    <Unicode>einen Augenblick erhalten hat, verlischt, und es bleibt nichts</Unicode>
                </TextEquiv>
            </TextLine>
            <TextLine id="r1l44" custom="readingOrder {index:43;}">
                <Coords points="368,2826 1600,2834 1600,2802 1380,2785 368,2794"/>
                <Baseline points="378,2827 438,2828 499,2829 559,2830 620,2830 681,2830 741,2831 802,2831 862,2831 923,2831 984,2831 1044,2831 1105,2831 1165,2832 1226,2832 1287,2832 1347,2833 1408,2834 1468,2836 1529,2837 1590,2839"/>
                <TextEquiv>
                    <Unicode>inneren Schicksals, sondern von oben herab. Ein rechter</Unicode>
                </TextEquiv>
            </TextLine>
            <TextLine id="r1l45" custom="readingOrder {index:44;}">
                <Coords points="1618,2856 2830,2876 2831,2802 1619,2802"/>
                <Baseline points="1628,2842 1687,2840 1747,2839 1806,2839 1866,2839 1926,2839 1985,2839 2045,2840 2104,2841 2164,2842 2224,2843 2283,2844 2343,2845 2402,2846 2462,2847 2522,2848 2581,2849 2641,2849 2700,2850 2760,2850 2820,2849"/>
                <TextEquiv>
                    <Unicode>zurück, als die seit Menschengedenken gefragte Frage. Und das</Unicode>
                </TextEquiv>
            </TextLine>
            <TextLine id="r1l46" custom="readingOrder {index:45;}">
                <Coords points="372,2883 1598,2917 1599,2841 373,2839"/>
                <Baseline points="383,2886 443,2885 503,2885 563,2885 624,2885 684,2885 744,2885 804,2886 865,2886 925,2887 985,2888 1045,2889 1106,2890 1166,2891 1226,2892 1286,2893 1347,2894 1407,2895 1467,2896 1527,2897 1588,2898"/>
                <TextEquiv>
                    <Unicode>Gaukler und Zauberer bleibt er doch immer. Er hat der Frau</Unicode>
                </TextEquiv>
            </TextLine>
            <TextLine id="r1l47" custom="readingOrder {index:46;}">
                <Coords points="1610,2908 2808,2931 2833,2873 1611,2854"/>
                <Baseline points="1620,2894 1680,2896 1740,2898 1800,2899 1860,2900 1920,2901 1980,2902 2040,2903 2100,2904 2160,2905 2221,2905 2281,2905 2341,2906 2401,2906 2461,2907 2521,2907 2581,2907 2641,2908 2701,2908 2761,2909 2822,2909"/>
                <TextEquiv>
                    <Unicode>Ganze war nur ein interessantes Beispiel dazu, das nicht</Unicode>
                </TextEquiv>
            </TextLine>
            <TextLine id="r1l48" custom="readingOrder {index:47;}">
                <Coords points="372,2939 1586,2962 1586,2912 1530,2897 1128,2924 372,2883"/>
                <Baseline points="382,2943 441,2942 501,2943 561,2943 620,2943 680,2944 740,2945 799,2946 859,2947 919,2948 979,2949 1038,2950 1098,2951 1158,2952 1217,2953 1277,2954 1337,2955 1396,2955 1456,2955 1516,2956 1576,2955"/>
                <TextEquiv>
                    <Unicode>des satten Bürgers hypnotisch das Bewußtsein eines be¬</Unicode>
                </TextEquiv>
            </TextLine>
            <TextLine id="r1l49" custom="readingOrder {index:48;}">
                <Coords points="1610,2953 2826,2982 2827,2936 2657,2916 1611,2907"/>
                <Baseline points="1620,2954 1679,2955 1739,2956 1799,2957 1859,2958 1919,2959 1978,2960 2038,2961 2098,2962 2158,2963 2218,2964 2277,2965 2337,2965 2397,2966 2457,2967 2517,2968 2576,2968 2636,2969 2696,2970 2756,2970 2816,2970"/>
                <TextEquiv>
                    <Unicode>recht ausgeführt worden ist, gut ersonnen, fein zugespitzt,</Unicode>
                </TextEquiv>
            </TextLine>
            <TextLine id="r1l50" custom="readingOrder {index:49;}">
                <Coords points="372,3031 591,2994 868,3029 1443,3006 1596,3046 1597,2974 373,2959"/>
                <Baseline points="382,3003 442,3003 502,3003 562,3003 622,3004 683,3005 743,3006 803,3007 863,3008 923,3009 984,3010 1044,3011 1104,3012 1164,3013 1224,3014 1285,3014 1345,3015 1405,3015 1465,3015 1525,3014 1586,3013"/>
                <TextEquiv>
                    <Unicode>gangenen Ehebruches suggerirt: Der Conflict, der immer</Unicode>
                </TextEquiv>
            </TextLine>
            <TextLine id="r1l51" custom="readingOrder {index:50;}">
                <Coords points="1621,3030 2695,3050 2835,3027 2836,2995 1622,2976"/>
                <Baseline points="1631,3018 1690,3017 1750,3016 1810,3016 1869,3017 1929,3017 1989,3018 2048,3019 2108,3021 2168,3022 2228,3023 2287,3025 2347,3026 2407,3028 2466,3029 2526,3030 2586,3030 2645,3031 2705,3031 2765,3030 2825,3029"/>
                <TextEquiv>
                    <Unicode>mangelhaft entwickelt und gelöst. Eine Arbeit feinsten schaf¬</Unicode>
                </TextEquiv>
            </TextLine>
            <TextLine id="r1l52" custom="readingOrder {index:51;}">
                <Coords points="368,3054 784,3094 862,3063 1600,3083 1553,3019 369,3020"/>
                <Baseline points="378,3054 438,3057 499,3060 559,3062 620,3065 681,3067 741,3068 802,3070 862,3071 923,3072 984,3073 1044,3074 1105,3074 1165,3074 1226,3075 1287,3075 1347,3074 1408,3074 1468,3074 1529,3074 1590,3073"/>
                <TextEquiv>
                    <Unicode>in dieser Ehe gekeimt hat, ist nun in der phantastischen</Unicode>
                </TextEquiv>
            </TextLine>
            <TextLine id="r1l53" custom="readingOrder {index:52;}">
                <Coords points="1616,3085 2646,3118 2826,3093 2827,3039 1617,3039"/>
                <Baseline points="1626,3079 1685,3078 1745,3077 1804,3076 1864,3076 1923,3076 1983,3076 2042,3077 2102,3078 2161,3079 2221,3080 2281,3081 2340,3083 2400,3084 2459,3085 2519,3086 2578,3087 2638,3088 2697,3089 2757,3089 2817,3089"/>
                <TextEquiv>
                    <Unicode>fenden Geistes, der manchmal den Geschmack von Phantasie</Unicode>
                </TextEquiv>
            </TextLine>
            <TextLine id="r1l54" custom="readingOrder {index:53;}">
                <Coords points="374,3123 594,3163 696,3128 736,3166 1594,3139 1594,3089 374,3075"/>
                <Baseline points="384,3123 444,3125 504,3127 564,3128 624,3130 684,3131 744,3132 804,3132 864,3133 924,3134 984,3134 1044,3134 1104,3134 1164,3135 1224,3135 1284,3135 1344,3135 1404,3135 1464,3135 1524,3135 1584,3135"/>
                <TextEquiv>
                    <Unicode>Großartigkeit eines lebendigen Traumes aufgegangen. Der</Unicode>
                </TextEquiv>
            </TextLine>
            <TextLine id="r1l55" custom="readingOrder {index:54;}">
                <Coords points="1605,3143 1653,3161 1717,3125 1795,3160 1883,3142 2015,3179 2079,3165 2080,3115 2006,3089 1960,3110 1942,3094 1900,3106 1874,3088 1852,3102 1738,3087 1714,3099 1674,3083 1606,3107"/>
                <Baseline points="1616,3141 1641,3139 1666,3138 1691,3137 1716,3137 1741,3137 1767,3137 1792,3137 1817,3137 1842,3138 1867,3138 1892,3139 1918,3139 1943,3139 1968,3140 1993,3140 2018,3140 2043,3140 2069,3139"/>
                <TextEquiv>
                    <Unicode>und Empfindung hat.</Unicode>
                </TextEquiv>
            </TextLine>
            <TextEquiv>
                <Unicode>box 15/5
9. 4. Der pruene kakadi Zuklus

ist, wie das einactige Drama heute nun einmal behandelt
Schein beherrscht nun das Leben; er hat den Sicheren
wird, diesmal gar kein Vorwurf, der den Dichter trifft.
aus seiner Ruhe gestürzt, er hat der Sehnsucht Erfüllung
Es sollte nur bei dieser Gelegenheit ganz beiläufig aus¬
und Reue gebracht. Nach außen und nach innen geht der
einandergesetzt werden.
Conflict. Und wäre nur der, der ihn gebracht hat, ein
Am ernstesten und größten erscheint der Vorwurf in
wenig selbst mit hineinverwickelt, das schönste, originellste,
„Paracelsus“ angegriffen. Das ist auch folgerichtig das
richtigste Drama wäre sozusagen unvermeidlich; es müßte
schwächste der drei Stücke. Alle Voraussetzungen einer dra¬
sich dann fast gegen den Willen und die Kraft des Dichters
matischen Entwicklung sind gegeben: Zwischen der beschränkten
durchsetzen. Aber das fehlt. Paracelsus bleibt gegenüber
Ruhe des Mannes, und der dunklen Sehnsucht seiner Frau
der Verwirrung die er angerichtet hat, ganz klar und kalt und
schlummert der Schicksalskampf. Träte einer dazwischen, der
unberührt. Er weiß genau, was der Dichter wissen lassen
ihrer Sehnsucht ein Ziel gäbe, und seiner Ruhe die
will; und während alles nach einer Fortentwicklung und
unerwünschte Bewegung, daun müßte sich ein Schicksal an
katastrophalen Lösung des Conflictes schreit, wird er von
diesen orei Menschen vollziehen. Und es kommt auch Einer,
dem klugen Manne rasch wegerklärt. Die Suggestion weicht,
der große Paracelsus, und bringt dies Schicksal; aber er
das Weib spricht — auf posthypnotischen Befehl — seine
bringt es in einem Traume, und in Worten nimmt er es
Sehnsucht unverhohlen aus, der Mann zieht seine Lehre
wieder weg. Ein großer Spieler ist er, der mit dem Menschen
daraus, und verspricht, klug und brav zu sein. Paracelsus
spielt. Sein Erlebniß könnte uns in die Tiefen des Le¬
erklärt den Sinn des Lebens und geht.
bens sehen lassen, Erkenntnisse, die ihm werden, könnten uns
So verliert sich das Drama, kaum daß es begonnen
belehren. Aber wir sehen ihn immer nur hantiren, und
hat, in gescheidte Worte. Das Leben, das der Schein für
die Erklärungen dazu geben; nicht aus der Tiefe seines
einen Augenblick erhalten hat, verlischt, und es bleibt nichts
inneren Schicksals, sondern von oben herab. Ein rechter
zurück, als die seit Menschengedenken gefragte Frage. Und das
Gaukler und Zauberer bleibt er doch immer. Er hat der Frau
Ganze war nur ein interessantes Beispiel dazu, das nicht
des satten Bürgers hypnotisch das Bewußtsein eines be¬
recht ausgeführt worden ist, gut ersonnen, fein zugespitzt,
gangenen Ehebruches suggerirt: Der Conflict, der immer
mangelhaft entwickelt und gelöst. Eine Arbeit feinsten schaf¬
in dieser Ehe gekeimt hat, ist nun in der phantastischen
fenden Geistes, der manchmal den Geschmack von Phantasie
Großartigkeit eines lebendigen Traumes aufgegangen. Der
und Empfindung hat.</Unicode>
            </TextEquiv>
        </TextRegion>
        <TextRegion orientation="0.0" id="r2" custom="readingOrder {index:1;}">
            <Coords points="2855,1649 2855,3174 3344,3174 3344,1649"/>
            <TextLine id="r2l1" custom="readingOrder {index:0;}">
                <Coords points="2980,1693 3084,1695 3128,1671 3197,1705 3252,1686 3350,1695 3351,1639 3241,1623 3213,1635 3141,1626 3093,1641 3065,1624 2996,1661 2980,1655"/>
                <Baseline points="2990,1677 3015,1676 3040,1676 3065,1676 3090,1677 3115,1678 3140,1679 3165,1680 3190,1681 3215,1682 3240,1682 3265,1682 3290,1681 3315,1680 3340,1677"/>
                <TextEquiv>
                    <Unicode>„Die Gefähr</Unicode>
                </TextEquiv>
            </TextLine>
            <TextLine id="r2l2" custom="readingOrder {index:1;}">
                <Coords points="2859,1740 3079,1760 3115,1738 3219,1764 3245,1746 3343,1752 3343,1688 3191,1702 3159,1686 3139,1700 3111,1678 3039,1698 2943,1678 2859,1700"/>
                <Baseline points="2869,1736 2894,1737 2920,1738 2946,1739 2971,1739 2997,1740 3023,1740 3049,1741 3074,1741 3100,1742 3126,1742 3151,1742 3177,1741 3203,1741 3229,1740 3254,1739 3280,1738 3306,1737 3332,1735"/>
                <TextEquiv>
                    <Unicode>das Muster einer dia</Unicode>
                </TextEquiv>
            </TextLine>
            <TextLine id="r2l3" custom="readingOrder {index:2;}">
                <Coords points="2858,1805 2982,1816 3020,1798 3102,1817 3154,1803 3236,1813 3266,1798 3302,1810 3328,1798 3329,1760 3249,1746 3159,1759 3131,1743 3107,1757 2957,1746 2933,1760 2903,1738 2859,1759"/>
                <Baseline points="2868,1794 2893,1794 2918,1794 2943,1794 2968,1794 2993,1795 3018,1795 3043,1796 3068,1796 3093,1796 3118,1797 3143,1797 3168,1797 3193,1797 3218,1797 3243,1796 3268,1796 3293,1795 3318,1794"/>
                <TextEquiv>
                    <Unicode>Weiterentwicklung der</Unicode>
                </TextEquiv>
            </TextLine>
            <TextLine id="r2l4" custom="readingOrder {index:3;}">
                <Coords points="2850,1857 2947,1868 3116,1856 3137,1872 3218,1861 3289,1875 3340,1856 3340,1808 3276,1799 3230,1815 3156,1804 3108,1822 3052,1799 2986,1819 2850,1803"/>
                <Baseline points="2860,1849 2886,1850 2912,1850 2938,1851 2964,1852 2990,1852 3016,1853 3042,1854 3068,1854 3095,1854 3121,1855 3147,1855 3173,1855 3199,1855 3225,1855 3251,1854 3277,1854 3303,1853 3330,1851"/>
                <TextEquiv>
                    <Unicode>dankenführung durchaus</Unicode>
                </TextEquiv>
            </TextLine>
            <TextLine id="r2l5" custom="readingOrder {index:4;}">
                <Coords points="2859,1931 2889,1919 2971,1929 3033,1904 3141,1934 3177,1916 3259,1938 3327,1931 3327,1869 3171,1862 3069,1880 2859,1863"/>
                <Baseline points="2869,1910 2895,1911 2921,1911 2947,1912 2974,1913 3000,1913 3026,1914 3053,1914 3079,1915 3105,1915 3131,1915 3158,1915 3184,1914 3210,1914 3237,1913 3263,1913 3289,1912 3316,1911"/>
                <TextEquiv>
                    <Unicode>in fein ausgedachten</Unicode>
                </TextEquiv>
            </TextLine>
            <TextLine id="r2l6" custom="readingOrder {index:5;}">
                <Coords points="2846,2001 2904,1998 2934,1976 3020,1993 3072,1977 3126,1989 3166,1974 3188,1990 3342,1975 3341,1927 3125,1939 3077,1919 2995,1940 2947,1922 2929,1936 2897,1919 2845,1925"/>
                <Baseline points="2856,1971 2881,1973 2906,1973 2931,1974 2956,1975 2981,1976 3006,1976 3031,1976 3056,1975 3081,1975 3106,1974 3131,1974 3156,1973 3181,1973 3206,1972 3231,1972 3256,1971 3281,1970 3306,1970 3331,1970"/>
                <TextEquiv>
                    <Unicode>Gespräches, eine </Unicode>
                </TextEquiv>
            </TextLine>
            <TextLine id="r2l7" custom="readingOrder {index:6;}">
                <Coords points="2860,2043 2898,2033 2998,2051 3102,2035 3124,2053 3186,2041 3222,2057 3260,2033 3330,2035 3330,1991 3298,1983 3240,2005 3204,1981 3188,1991 3150,1977 3106,1997 3076,1977 3014,2001 2966,1981 2860,1991"/>
                <Baseline points="2870,2032 2895,2032 2920,2032 2945,2032 2970,2032 2995,2032 3020,2032 3045,2033 3070,2033 3095,2034 3120,2034 3145,2034 3170,2034 3195,2034 3220,2033 3245,2032 3270,2032 3295,2030 3320,2028"/>
                <TextEquiv>
                    <Unicode>wickeln. Am Tage, da</Unicode>
                </TextEquiv>
            </TextLine>
            <TextLine id="r2l8" custom="readingOrder {index:7;}">
                <Coords points="2860,2102 3112,2092 3183,2113 3224,2093 3237,2105 3288,2094 3309,2110 3340,2089 3340,2025 3284,2044 3262,2032 3230,2055 3192,2041 3120,2052 3104,2036 3030,2061 2932,2037 2860,2064"/>
                <Baseline points="2870,2094 2895,2093 2921,2092 2946,2092 2972,2092 2997,2091 3023,2091 3048,2091 3074,2091 3100,2091 3125,2091 3151,2091 3176,2091 3202,2090 3227,2090 3253,2088 3278,2088 3304,2086 3330,2084"/>
                <TextEquiv>
                    <Unicode>gütiger und weiser Ma</Unicode>
                </TextEquiv>
            </TextLine>
            <TextLine id="r2l9" custom="readingOrder {index:8;}">
                <Coords points="2850,2153 3020,2172 3062,2152 3112,2168 3130,2154 3330,2154 3330,2110 3294,2098 3224,2094 3186,2112 3078,2098 3052,2114 3010,2102 2966,2120 2922,2094 2902,2109 2850,2105"/>
                <Baseline points="2860,2150 2885,2150 2911,2150 2936,2149 2962,2150 2987,2150 3013,2150 3038,2150 3064,2151 3090,2151 3115,2152 3141,2152 3166,2152 3192,2152 3217,2152 3243,2151 3268,2150 3294,2149 3320,2148"/>
                <TextEquiv>
                    <Unicode>und geduldet hat, für</Unicode>
                </TextEquiv>
            </TextLine>
            <TextLine id="r2l10" custom="readingOrder {index:9;}">
                <Coords points="2851,2217 3005,2228 3053,2213 3097,2229 3220,2204 3297,2216 3332,2205 3332,2167 3296,2154 3176,2154 3138,2173 3090,2157 3038,2172 2894,2157 2850,2175"/>
                <Baseline points="2861,2211 2886,2211 2912,2210 2937,2209 2963,2209 2989,2209 3014,2209 3040,2209 3065,2209 3091,2209 3117,2210 3142,2210 3168,2210 3193,2209 3219,2209 3245,2208 3270,2207 3296,2206 3322,2204"/>
                <TextEquiv>
                    <Unicode>selbst gewesen sei. Und</Unicode>
                </TextEquiv>
            </TextLine>
            <TextLine id="r2l11" custom="readingOrder {index:10;}">
                <Coords points="2853,2275 3283,2270 3329,2286 3329,2226 3305,2222 3277,2240 3229,2214 3169,2235 3033,2213 2987,2235 2853,2223"/>
                <Baseline points="2864,2268 2889,2268 2914,2268 2940,2267 2965,2267 2990,2267 3016,2267 3041,2268 3066,2268 3092,2268 3117,2268 3142,2268 3168,2268 3193,2267 3218,2267 3244,2267 3269,2267 3294,2266 3320,2266"/>
                <TextEquiv>
                    <Unicode>stand eines Dramas se</Unicode>
                </TextEquiv>
            </TextLine>
            <TextLine id="r2l12" custom="readingOrder {index:11;}">
                <Coords points="2849,2321 2911,2327 2937,2349 3011,2322 3107,2339 3145,2323 3337,2328 3336,2288 3284,2272 3168,2273 3138,2299 3036,2272 2982,2282 2970,2270 2942,2289 2896,2271 2848,2287"/>
                <Baseline points="2858,2324 2884,2325 2910,2325 2936,2326 2962,2326 2988,2327 3014,2327 3040,2327 3066,2327 3092,2326 3118,2326 3144,2326 3170,2325 3196,2324 3222,2324 3248,2323 3274,2323 3300,2322 3327,2321"/>
                <TextEquiv>
                    <Unicode>an sich hätte. Aber die</Unicode>
                </TextEquiv>
            </TextLine>
            <TextLine id="r2l13" custom="readingOrder {index:12;}">
                <Coords points="2861,2407 2948,2390 3001,2407 3046,2382 3069,2402 3092,2390 3127,2409 3202,2384 3331,2396 3330,2330 3307,2326 3221,2328 3190,2358 3096,2336 2940,2350 2911,2328 2860,2335"/>
                <Baseline points="2870,2392 2895,2391 2920,2389 2945,2389 2970,2388 2995,2387 3020,2387 3045,2386 3070,2386 3095,2386 3120,2386 3145,2386 3170,2385 3195,2385 3220,2385 3245,2385 3270,2384 3295,2384 3321,2383"/>
                <TextEquiv>
                    <Unicode>fahrung in dem Leben</Unicode>
                </TextEquiv>
            </TextLine>
            <TextLine id="r2l14" custom="readingOrder {index:13;}">
                <Coords points="2860,2452 3338,2456 3338,2406 3295,2388 3239,2386 3188,2409 3058,2406 3044,2392 2998,2409 2951,2391 2860,2406"/>
                <Baseline points="2870,2448 2895,2446 2920,2446 2946,2445 2971,2444 2996,2444 3022,2444 3047,2444 3073,2444 3098,2444 3123,2444 3149,2444 3174,2444 3200,2444 3225,2443 3250,2443 3276,2442 3301,2441 3327,2440"/>
                <TextEquiv>
                    <Unicode>seiner Frau nie besond</Unicode>
                </TextEquiv>
            </TextLine>
            <TextLine id="r2l15" custom="readingOrder {index:14;}">
                <Coords points="2845,2516 3043,2500 3125,2526 3181,2506 3247,2526 3265,2508 3341,2506 3341,2456 3311,2468 3285,2448 3265,2462 3197,2448 3179,2464 3099,2466 3039,2450 3021,2468 2909,2450 2873,2478 2845,2464"/>
                <Baseline points="2855,2502 2880,2502 2905,2502 2930,2502 2955,2502 2980,2502 3005,2502 3030,2503 3055,2503 3080,2503 3105,2503 3130,2503 3155,2504 3180,2504 3205,2503 3230,2503 3255,2503 3280,2502 3305,2501 3330,2500"/>
                <TextEquiv>
                    <Unicode>aus der Enge eines in</Unicode>
                </TextEquiv>
            </TextLine>
            <TextLine id="r2l16" custom="readingOrder {index:15;}">
                <Coords points="2846,2584 2897,2565 2976,2583 3061,2565 3089,2579 3107,2563 3279,2566 3338,2584 3337,2520 3323,2516 3301,2528 3187,2508 3123,2525 3083,2511 3039,2525 3005,2505 2845,2518"/>
                <Baseline points="2855,2560 2881,2561 2907,2561 2933,2561 2960,2562 2986,2562 3012,2562 3038,2562 3065,2561 3091,2561 3117,2561 3144,2561 3170,2560 3196,2560 3222,2560 3249,2560 3275,2560 3301,2560 3328,2560"/>
                <TextEquiv>
                    <Unicode>Betheiligten nie hinaus</Unicode>
                </TextEquiv>
            </TextLine>
            <TextLine id="r2l17" custom="readingOrder {index:16;}">
                <Coords points="2850,2624 2896,2642 2984,2622 3170,2626 3190,2641 3268,2623 3288,2637 3336,2625 3336,2579 3226,2585 3196,2567 3092,2582 3064,2568 2976,2584 2892,2570 2850,2588"/>
                <Baseline points="2860,2620 2885,2620 2911,2619 2937,2619 2963,2619 2989,2619 3015,2619 3041,2620 3067,2620 3093,2620 3118,2620 3144,2620 3170,2620 3196,2620 3222,2619 3248,2619 3274,2619 3300,2618 3326,2618"/>
                <TextEquiv>
                    <Unicode>Lebenswissenschaft eines</Unicode>
                </TextEquiv>
            </TextLine>
            <TextLine id="r2l18" custom="readingOrder {index:17;}">
                <Coords points="2850,2692 3064,2693 3140,2674 3158,2691 3306,2693 3334,2686 3335,2626 3259,2645 3239,2628 3191,2643 3169,2625 3093,2641 2997,2623 2953,2644 2851,2638"/>
                <Baseline points="2860,2674 2885,2674 2911,2674 2937,2674 2963,2675 2989,2675 3015,2676 3040,2677 3066,2677 3092,2678 3118,2679 3144,2680 3170,2680 3195,2681 3221,2681 3247,2681 3273,2681 3299,2681 3325,2680"/>
                <TextEquiv>
                    <Unicode>man immer die groß</Unicode>
                </TextEquiv>
            </TextLine>
            <TextLine id="r2l19" custom="readingOrder {index:18;}">
                <Coords points="2847,2733 2943,2759 2993,2740 3119,2752 3239,2732 3335,2762 3336,2686 3266,2699 3210,2680 3100,2696 3080,2684 3028,2699 2982,2684 2940,2699 2914,2681 2848,2698"/>
                <Baseline points="2858,2735 2884,2733 2910,2733 2936,2732 2962,2732 2988,2732 3014,2733 3040,2733 3066,2734 3092,2735 3118,2735 3144,2736 3170,2737 3196,2737 3222,2738 3248,2739 3274,2739 3300,2739 3326,2739"/>
                <TextEquiv>
                    <Unicode>bewundern, mit in dies</Unicode>
                </TextEquiv>
            </TextLine>
            <TextLine id="r2l20" custom="readingOrder {index:19;}">
                <Coords points="2855,2800 2883,2812 2929,2798 2969,2818 3025,2799 3109,2813 3127,2797 3183,2818 3277,2808 3343,2829 3343,2757 3295,2746 3191,2758 3105,2745 3037,2769 2993,2742 2933,2762 2855,2752"/>
                <Baseline points="2864,2796 2890,2794 2916,2792 2942,2792 2968,2791 2994,2790 3020,2790 3046,2791 3072,2791 3098,2792 3124,2792 3150,2793 3176,2794 3202,2794 3228,2795 3254,2795 3280,2795 3306,2794 3333,2793"/>
                <TextEquiv>
                    <Unicode>gewogen und Erkenntn</Unicode>
                </TextEquiv>
            </TextLine>
            <TextLine id="r2l21" custom="readingOrder {index:20;}">
                <Coords points="2848,2860 2903,2873 2946,2858 2961,2872 3008,2857 3033,2876 3096,2861 3183,2880 3202,2866 3235,2877 3260,2857 3342,2867 3343,2803 3238,2831 3203,2806 2849,2818"/>
                <Baseline points="2857,2848 2883,2848 2909,2848 2936,2847 2962,2848 2988,2848 3015,2849 3041,2850 3067,2851 3094,2851 3120,2852 3146,2854 3173,2854 3199,2855 3225,2856 3252,2856 3278,2856 3304,2856 3331,2856"/>
                <TextEquiv>
                    <Unicode>das Gefühl haben, ein</Unicode>
                </TextEquiv>
            </TextLine>
            <TextLine id="r2l22" custom="readingOrder {index:21;}">
                <Coords points="2950,2911 3001,2935 3028,2917 3091,2934 3124,2920 3155,2932 3190,2920 3221,2935 3242,2919 3343,2927 3344,2869 3250,2881 3210,2866 3160,2882 3092,2860 3062,2876 3000,2867 2950,2893"/>
                <Baseline points="2959,2912 2985,2912 3012,2913 3039,2913 3065,2914 3092,2914 3119,2914 3146,2915 3172,2915 3199,2915 3226,2915 3252,2915 3279,2915 3306,2914 3333,2913"/>
                <TextEquiv>
                    <Unicode>Von aller drama</Unicode>
                </TextEquiv>
            </TextLine>
            <TextLine id="r2l23" custom="readingOrder {index:22;}">
                <Coords points="2851,2976 2963,2993 2993,2975 3051,2992 3101,2974 3127,2987 3191,2975 3257,2992 3323,2981 3324,2947 3272,2920 3004,2939 2974,2913 2910,2914 2852,2932"/>
                <Baseline points="2861,2971 2886,2970 2911,2969 2936,2969 2961,2969 2986,2970 3011,2970 3036,2971 3061,2971 3087,2972 3112,2973 3137,2973 3162,2974 3187,2974 3212,2974 3237,2974 3262,2973 3287,2972 3313,2970"/>
                <TextEquiv>
                    <Unicode>nichts anderes als ein</Unicode>
                </TextEquiv>
            </TextLine>
            <TextLine id="r2l24" custom="readingOrder {index:23;}">
                <Coords points="2847,3045 3151,3035 3285,3047 3337,3075 3338,2992 3314,2981 3284,2999 3190,2979 3150,2999 3010,2979 2848,2989"/>
                <Baseline points="2858,3027 2884,3028 2910,3028 2936,3028 2962,3029 2988,3029 3014,3029 3040,3030 3066,3030 3093,3031 3119,3031 3145,3032 3171,3032 3197,3032 3223,3032 3249,3033 3275,3033 3301,3033 3328,3033"/>
                <TextEquiv>
                    <Unicode>voll lebendiger Contraf</Unicode>
                </TextEquiv>
            </TextLine>
            <TextLine id="r2l25" custom="readingOrder {index:24;}">
                <Coords points="2850,3099 3034,3105 3078,3089 3118,3106 3180,3093 3286,3118 3330,3100 3330,3060 3261,3042 3046,3057 2923,3036 2850,3053"/>
                <Baseline points="2861,3095 2886,3095 2912,3095 2937,3095 2963,3095 2988,3095 3014,3095 3039,3095 3065,3095 3091,3094 3116,3094 3142,3093 3167,3093 3193,3092 3218,3092 3244,3091 3269,3091 3295,3090 3321,3090"/>
                <TextEquiv>
                    <Unicode>genste der drei Stücke</Unicode>
                </TextEquiv>
            </TextLine>
            <TextLine id="r2l26" custom="readingOrder {index:25;}">
                <Coords points="2847,3178 2911,3166 2953,3178 2997,3156 3099,3179 3177,3155 3247,3181 3353,3170 3353,3104 3285,3118 3185,3099 2847,3100"/>
                <Baseline points="2858,3150 2883,3152 2909,3153 2934,3153 2960,3154 2985,3153 3011,3153 3037,3153 3062,3151 3088,3151 3113,3150 3139,3150 3164,3150 3190,3150 3216,3150 3241,3151 3267,3153 3292,3155 3318,3158 3344,3161"/>
                <TextEquiv>
                    <Unicode>Beweglichkeit, blos durch</Unicode>
                </TextEquiv>
            </TextLine>
            <TextEquiv>
                <Unicode>„Die Gefähr
das Muster einer dia
Weiterentwicklung der
dankenführung durchaus
in fein ausgedachten
Gespräches, eine 
wickeln. Am Tage, da
gütiger und weiser Ma
und geduldet hat, für
selbst gewesen sei. Und
stand eines Dramas se
an sich hätte. Aber die
fahrung in dem Leben
seiner Frau nie besond
aus der Enge eines in
Betheiligten nie hinaus
Lebenswissenschaft eines
man immer die groß
bewundern, mit in dies
gewogen und Erkenntn
das Gefühl haben, ein
Von aller drama
nichts anderes als ein
voll lebendiger Contraf
genste der drei Stücke
Beweglichkeit, blos durch</Unicode>
            </TextEquiv>
        </TextRegion>
    </Page>
</PcGts>
