3436 4256
324 195 548 288 9. 4
1143 204 1236 271 K
544 206 1995 316 Der Briche kadu ZUkIns
1704 956 1757 1031 2337
907 1052 1262 1143 Telefon 12801.
1617 1133 1814 1214 Ausschnitt
603 1134 1555 1222 Unternehmen für Zeitungs-Ausschnitte.
1437 1207 1830 1312 Nr. 92
772 1221 1386 1347 „OBSERVER
358 1317 1821 1413 I. österr. behördl. concess. Bureau für Zeitungsberichte und Personalnachrichten
650 1393 1536 1497 Wien, IX/1 Türkenstrasse 17.
598 1474 1586 1566 — Filiale in Budapest: „Figyelö“, VIII. Josefsring 31a. —
364 1620 836 1725 Ausschnitt aus:
969 1645 1558 1764 Wiener Zeitung
369 1707 825 1863 30
891 2000 1250 2106 Theaier.
599 2066 1623 2168 (Hofburgtheater.) Heute wurde zum ersten
542 2139 1607 2213 Male aufgeführt: „Paracelsus“, Schauspiel in
565 2179 1613 2282 einem Acte; „Die Gefährtin" Schauspiel in
552 2240 1620 2318 einem Acte; „Der grüne Kakadu“, Groteske
554 2272 1618 2371 in einem Acte, von Arthur Schnitzler. Alle drei
552 2330 1618 2416 kleinen Stücke hatten Erfolg, nach dem ersten dankte
567 2375 1619 2476 der Regisseur im Namen des Dichters, nach den
562 2433 1628 2519 zwei anderen erschien Schnitzler selbst, um wiederholt
560 2487 1618 2590 für den reichen Beifall zu danken. Ob aber Alle, ob
564 2535 1614 2628 Viele sich genau Rechenschaft gegeben haben, was
575 2587 1618 2696 ihnen an den Stücken eigentlich gefalle, möchten wir
576 2638 1622 2732 bezweifeln. Gespielt wurden alle drei Schaus piele gut.
577 2676 1638 2790 Das erste von Frau Schratt und Herrn Robert
587 2732 1629 2844 (Paracelsus), das zweite und dritte von Sonnen¬
579 2783 1630 2880 thal, der nur für den Schauspieler Henri im „Kakadu“.
585 2847 1308 2961 denn doch etwas zu alt aussah. —
810 3074 1482 3160 Bezugs-Bedingungen.
1453 3117 1634 3194 fl. 7.50)
425 3143 1372 3228 Für 50 Zeitungsausschnitte (Artikel oder Notizen)
1639 3148 1829 3214 lachusme
1669 3198 1813 3234 Porto.
513 3205 608 3250 100
1484 3168 1624 3263 18—
1660 3226 1813 3267 Zahlbar
510 3244 614 3292 200
1459 3231 1847 3319 " 55.— im Voraus
502 3277 625 3328 500
1463 3286 1645 3347 „ 100.—
452 3324 618 3382 " 1000
559 3316 1857 3419 Im Gegensatze zu anderen Bureaux für Zeitungsausschnitte ist di
1526 3364 1856 3421 auch steht es de
449 3382 1477 3453 Abonnement durch keine bestimmte Zeitdauer begrenzt;
436 3423 1791 3520 Abonnenten frei die aufgegebenen Theinen zu ergänzen oder zu ändern.
2080 208 2540 307 box 15/5
2520 1054 2873 1145 Telefon 12801.
3224 1111 3409 1220 Ausenan
2216 1130 3148 1228 Unternehmen für Zeitungs-Ausschnitte.
3121 1215 3398 1322 Nr. 95
2377 1226 3045 1339 LOBSERVER
1959 1324 3397 1398 I. österr. behördt. concess. Bureau für Zeitungsberichte und Personalnachrichte
2251 1388 3145 1487 Wien, IX/1 Türkenstrasse 17.
2217 1472 3185 1560 Filiale in Budapest: „Figyelö“, VIII. Josefsring 31 a. —
1964 1612 2454 1697 Ausschnitt aus:
2509 1608 3160 1724 Reichswenr, Wien
1974 1701 2419 1842 1  3.10.
2073 1848 3165 2004 2 57/5 Theater und Kunst. 775
2129 1983 3225 2045 (Burgtheater.) Dre. Einacter von Arthur
2029 2029 3220 2098 Schnitzler gelangten heute zur ersten Aufführung: die
2042 2082 3230 2147 beiden Schauspiele „Paracelsus“ und die „Ge¬
2045 2127 3227 2193 fährtin“ und die Groteske „Der grüne Kakadu“.
2037 2178 3222 2244 Angeblich besteht ein innerer Zusammenhang zwischen diesen
2036 2220 3221 2304 Stücken, ähnlich wie dies bei der Sudermann'schen Trilogie
2046 2270 3229 2346 „Morituri“ der Fall ist. Aber dieser Zusammenhang ist
2034 2324 3227 2392 geradezu ein Preisräthsel, das heißt ein Räthsel, auf
2051 2366 3238 2425 dessen Lösung irgend ein besonderer Preis gesetzt werden
2048 2411 3228 2478 müßte. Sonst lohnt es nämlich gewiß nicht der Mühe, diesem
2059 2456 3237 2535 Räthsel nachzusinnen. Das erste Stück, das Schauspiel
2053 2524 3240 2590 „Paracelsus“, ist eine dramatisirte Abhandlung über Hypnose.
2059 2552 3232 2635 Herr Schnitzler hat sie, wenn ich nicht irre, schon einmal
2052 2608 3225 2697 geschrieben. Das zweite Stück, „Die Gefährtin“ ist
2373 2637 3242 2715 gegliederter psychologischer Kettenschluß
2045 2670 2358 2736 ein vielfach
2043 2707 3230 2769 und von der „Groteske“, die uns in einen Pariser Schank¬
2058 2771 3242 2823 keller versetzt, just am Tage der Erstürmung der Bastille,
2055 2799 3237 2874 ist wirklich schwer zu sagen, was sie eigentlich soll oder
2045 2854 3243 2915 will. Gespielt wurde sehr gut. Frau Schratt,
2047 2900 3233 2970 Herr Krastel, Herr Thimig, Herr Sonnen¬
2046 2958 3253 3018 thal und Frau Mitterwurzer boten
2055 2994 3239 3071 vortreffliche Leistungen. Die Aufnahme war keine übermäßig
2060 3041 3247 3109 freundliche. „Paracelsus“ wurde theils belächelt, theils wohl¬
2059 3094 3257 3164 wollend beklatscht, die „Gefährtin“ fand lebhafteren Beifall,
2001 3144 3210 3226 ##o der „Grüne Kakadu“ aber befremdete und fiel ab. g. d.
3217 3179 3391 3246 inclusive
3061 3194 3214 3266 14.—
2089 3206 2183 3251 100
3227 3222 3366 3258 Porto.
3057 3229 3185 3276 25.—
3220 3247 3382 3292 Zahlbar
2087 3243 2194 3290 200
3221 3266 3398 3331 im Voraus
3053 3260 3190 3324 55.—
2093 3280 2192 3326 500
3024 3289 3173 3371 „ 100.—
2079 3321 2195 3375 1000
2123 3349 3381 3411 ii Gegensalze zu anderen Bureaux für Zeitungsausschnitte ist
3092 3391 3399 3447 auch steht es d#
2025 3399 3038 3446 Abonnement durch keine bestimmte Zeitdlauer begrenzt;
2002 3444 3348 3502 Abonnenten frei die aufgegebenen Themen zu ergänzen oder zu ändern.
