3436 4256
134 183 367 273 9. 4
1892 169 2343 266 box 16/1
950 185 1212 252 Kakad
371 181 1748 276 Der gruche zyklus
1190 677 1937 750 Meee d Selder
1074 728 2040 810 = Bureau für Zeitungsausschnitte.
1053 784 2037 884 Berlin NO 43, Georgenkirchplatz 21 I.
1138 895 1935 985 (Liest die meisten Zeitungen und ist das
1138 956 1935 1035 bestorganisierte Bureau Deutschlands.)
990 1041 1237 1145 Zeitung:
1277 1036 1718 1163 A 702g
1439 1135 1711 1232 #erl#s
1000 1150 1145 1238 Ort:
982 1262 2011 1389 Datum:
2083 1435 2202 1530 ror
1017 1473 2083 1603 Artbur Schnitzler; der Fünfzigjährige.
1012 1557 2233 1680 Das „Schillertheater“ brachte als Festgruf „Die Ge¬
1050 1603 2213 1737 fährtin", „Paracelsus“ und „Der grüne Kakadu“.
1063 1656 1531 1734 (Verlag S. Fischer.)
1097 1707 2226 1827 Keines der Werke zeigt den Dichter in seiner vollen
1001 1745 2217 1875 Kraft, den eigentlichen Schnitzler, den glücklichen
999 1800 2011 1910 Götterfreund — wie Alfred Kerr ihn nennt —
2005 1863 2227 1926 der mit
1000 1848 2207 1977 weicher, leiser, spielend vollbringender Hand die Be¬
996 1895 1944 2007 standteile der menschlichen Psyche ordnet.
1084 1952 2220 2074 Unerwarteterweise brachte die gut gespielte „Ge¬
981 1965 2221 2101 fährtin“, die stärkste Wirkung hervor i
1006 2119 2257 2183 Schnitzler am nächsten sie beschwört sein Reich herauf,
1012 2147 2255 2232 dasReichder Menschenvollleichtblütige Lebens¬
1019 2206 2246 2282 freudigkeit, müder Frivolität, wienerischer Dekadenz und
1021 2261 2251 2324 Empfindsamkeit. Es gibt keine Gefährtin, nur eine
1008 2313 2236 2367 Geliebte! Als Robert Pilgram müden Schrittes das
1020 2350 2230 2411 Totenzimmer verließ, das nun in Dunkel gehüllt da¬
1019 2403 2239 2458 liegt — als langsam sich der Vorhang senkte, da waren
1007 2457 2232 2526 wir alle im Banne müder Traurigkeit. Wir wußten
1015 2502 2241 2573 mit dem sehend gewordenen Mann: es gibt keine Ge¬
1012 2542 1300 2611 fährtin! —
1392 2560 2239 2638 Oder vielleicht doch für ganz, ganz
1005 2591 1301 2663 kurze Zeit?
1106 2629 2249 2736 Gröber zugeschnitten und polternder in Wort und
1019 2696 2231 2779 Wirkung war Paracelsus, der Wunderdoktor. Nur
1017 2753 2237 2804 mitunter scheint hier zwischen den Zeilen der echte
1014 2804 2220 2879 Schnitzler hervor, der sonst stärkere, bewegtere Akzente
1015 2843 2240 2917 meidet. Aus den Traumworten der hypnotisierten
1001 2915 2227 2980 Justina leuchtet er hervor. Und dann ward — wie so
1166 2947 1891 3000 gern bei dem Wiener Dichter
1961 2950 2235 3032 die Wirk¬
1018 2995 1975 3069 lichkeit Spiel und das Spiel Wirklichkeit.
1106 3048 2235 3124 Grausam wirklich aber ward das Spiel im „Grü¬
1002 3116 2225 3183 nen Kakadu“ der Verbrecherspelunke! — Schauspieler,
1015 3160 2227 3227 die Verbrecher scheinen! Verbrecher, die Schauspieler
1009 3208 2229 3284 scheinen! Kokotten, die aufrichtig lieben; Marquisen,
1009 3258 2235 3322 die Kokotten sind; Pöbel und Aristokratie wirbelt der
1004 3303 2233 3366 Gewittersturm kommender Dinge im wüsten Taumel
1006 3352 2225 3437 zusammen und durcheinander. Und auf gen Himmel
1004 3401 1604 3466 flammt die Revolution!
1098 3449 2110 3523 Ein grausames Schicksal narrt sie alle, alle!
1098 3523 2225 3592 Die Darstellung war nicht schlecht, und doch den
999 3569 2210 3632 Anforderungen des „Grünen Kakadu“ nicht gewachsen.
1006 3605 2237 3686 Ich hatte nach der Lektüre des Buches einen stärkeren
989 3652 1242 3743 Eindruck.
1803 3667 2186 3758 Fritz With.
