3436 4352
232 205 457 293 9.3.
734 195 1304 269 ruene Kakadu
482 204 635 273 Der
465 219 1297 318 r en Aernen I K. e den ene en eene en e e de 1c 1
1451 183 1872 276 box 15/3
1997 223 2353 302 Cutling Fron—
2107 296 3265 423 The Daily Telegraph.
2237 413 2836 515 Date of Issue:
2109 544 3002 676 VAUDEVILLE TIIEATRE.
2118 716 2963 799 * BETWEEN SUNSETAND DAWN.“
2155 811 2974 886 We hnd some odd varieties of life, After a
2111 888 2985 939 long stay in the mean streets of our London
2107 916 2978 987 ne were whirled through a phantasmagoria of
2115 961 2983 1008 iche Pares of the Revolution. At the end of it
2112 1004 2981 1068 all, one might be exoused for a certain bewildor¬
2121 1044 2989 1114 ment. But the first half wus at least isterest¬
2126 1083 2989 1141 ing. and the last hugely exeting. Mr. Hermon
2112 1142 2979 1188 Oud’s play,“ Between Sunset and Dawn,?’ 1
2115 1175 2986 1231 a wholly sombre piece of work. Not much light
2112 1223 2988 1284 breukes through the shadows of his realism. Bur
2125 1260 2987 1328 on the whole we believed-in che gloom. There
2118 1311 2993 1370 was here and chere dilliculty in mickung out
2110 1359 2992 1409 just what some of the hapless claracters would
2116 1395 2994 1446 be at, and even in die und we were not quite
2126 1450 2991 1495 Gillident as to what the author of his being
2119 1473 2981 1537 meant diie chief of them to be. You feel um
2130 1525 2982 1588 uneasiness, am uncertainty of touch which mul¬
2126 1573 2982 1612 tiplies words withomt producig à clear inuswes¬
2114 1593 2994 1672 sion. Still, it was quite plain that Mr. Hermon
2113 1646 2995 1719 Oeld lis something to say und the ability to
2119 1687 2729 1743 say it in an interesting fashion.
2159 1735 2990 1790 The play takes the unusual form of four
2115 1772 2998 1833 short scenes. It began in the kitchen of a doss¬
2121 1821 2997 1878 heuse, which Jim Harris managed for his
2109 1867 3004 1914 mother. Thither came Liz Higgins, forlorn
2110 1913 2994 1968 and penniless, to be subsequently pursued by
2107 1954 2999 2008 her drunken and foul-mouthed husband Bill.
2123 1992 3010 2065 Bill was a boon companion of Jim Harris, but
2112 2042 2992 2101 Jim proposed to hide the wife and pack the
2117 2087 2995 2140 husband off. We were never quité ab home with
2127 2124 2791 2176 Jim. From the first he scemed a ki##
2936 2129 2996 2170 ro
2127 2164 2761 2214 whom you would not find managi
2123 2192 2738 2256 dosshouse. He was attracted by
2131 2240 2735 2292 pretty helplessness and annoyec
2125 2278 2765 2320 #hen ahe was discovered he hustled
2927 2283 2981 2323 of
2130 2314 3006 2383 the house and kept the fuming Bill behind
2124 2351 2742 2421 long enough for her to escape.
2259 2413 2838 2470 BETWEEN TWO STOOLS.
2155 2455 3003 2539 In the next scene, midnight having fallen
2131 2509 2980 2549 upon the dosshouse, Liz Higgins crept back
2111 2545 2998 2596 Sae was quite resourceless, Jim liked her more
2115 2585 2999 2623 and more, gave her sixpence for a night’s
2120 2613 2997 2674 lodging, and proposed to meet her in the morn¬
2110 2667 2995 2718 ing and set up house with her. She was not
2117 2701 2997 2763 Techilarated bythe prospect or his kisses. After
2111 2736 2987 2781 fall, she was her Bill's lawful wife; she was
2111 2768 2994 2832 gborn respectable, and in soine fashion or other
2115 2807 2984 2861 she still loved the brutish rascal. So the third
2118 2843 2665 2902 scene took her buck to him.
2161 2878 2988 2941 There was no doubt about Mrs. Higgins.
2113 2922 2989 2972 FShe was a real human ereature in all her vacil¬
2120 2958 3009 3005 lations and ber helplessness. Perhape we did
2117 2999 2986 3067 not feel much kinddess for ber. She was by
2116 3039 2990 3096 Inature so futile, such a blind waif in the
2119 3081 2988 3136 world. But there is notable work in the
2115 3123 2985 3171 Scharacter, observation, and knowiedge austerely
2122 3158 2992 3217 Free Trom the temptations of sentiment. When
2115 3193 2987 3256 her Bill found her home again ho was ready
2115 3231 2997 3297 to be moderately peuitent. Unfortunately he
2106 3281 2994 3326 would talk abont Jim Harris and breathe
2107 3311 2991 3368 Tenspicions threats. In vain Liz protested that
2109 3342 2992 3407 Fim was not, had net been, and never would
2111 3384 2990 3435 be anything to her. Bill growled still of
2112 3427 2989 3498 revenge, and when she protested raged at her,
2119 3470 2572 3514 so again she ran away.
2143 3493 2988 3550 Between two stools, the poor creature fell
2114 3527 2978 3586 tothe gronnd. Jim might perhaps havo for¬
2109 3557 2977 3629 given her stealing back to Bill, might have for¬
2121 3624 2990 3666 given her pathetie plending that she was
2110 3648 2980 3703 respertable, and did not know how to be any¬
2099 3689 2974 3736 üthing else. He could not forgive a lie, and
2101 3718 2983 3778 Isho had tol! Bill that Jim and she had nothing
2107 3750 2973 3810 between them. Jim was disgnsted at that,
2100 3801 2985 3846 and did not want her anv more. A nice point
2113 3838 2980 3891 in male human nature this. but quite credible.
2165 3867 2988 3927 What was to become of her? Jim had his
2095 3908 2977 3973 solution. He began to laugh in a queer way,
2106 3958 2985 4005 Dhe asked her to kiss him and he stabbed her.
2104 3978 2979 4047 Was he mnad? We had heard something, but
2110 4027 2980 4085 nothing conclusive, of his queerness. Was he
2113 4066 2971 4112 resolved, like some other people in literature,
2115 4106 2980 4154 to preserve the lady spetloss for another worle?
2815 4141 2879 4181 aite
