3436 4256
2254 61 2413 114 —
2134 122 2585 208 box 15/6
322 145 1961 235 9.4. Dergruene Kakadu ZykIus
993 836 1280 931 vom 20
1436 974 2013 1051 Deutsches Theater.
1327 1039 2202 1099 Mit drei Stückchen die schon in seiner Vater¬
1255 1059 2201 1127 stadt Wien schönen Erfolg hatten, hat Arthur
1260 1114 2214 1163 Schnitzler heute Abend auch bei uns mit den seiner
1273 1161 2197 1213 Muse woblbekannten Truppen des Deutschen
1265 1184 2201 1238 Theaters freundlichen Beifall gefunden. Von
1271 1219 2213 1281 einem durchschlagenden Erfolg kann man eigent¬
1281 1265 2207 1314 lich nur beim zweiten reden, in dem der¬
1275 1289 2221 1356 Schilderer des intimen Kreises des Wiener¬
1280 1340 2209 1385 Miliens zum ersten Mal versucht, Massen in Be¬
1288 1372 2209 1420 wegung zu setzen und sogar gleich die Massen, die
1280 1415 2202 1462 johlend die Bastille stürmten und einem Ge¬
1275 1453 2212 1500 salbten hohnlachend das Haupt vor die Füße legten.
1286 1491 2207 1538 Zum ersten Mal kommt uns der Dichter der
1281 1523 2210 1583 Liebelei „historisch“; er giebt keine Handlung, nur
1283 1560 2215 1609 ein Bild, keinen Akt, nur eine Scene; und doch
1277 1607 2211 1654 es gelingt ihm, uns in diesem Wirtbshaus zum
1281 1636 2210 1686 „Grünen Kakadu“n nach dem das Stückchen ge¬
1277 1677 2213 1718 nanntist, eine jeuer finsteren Höhlen vorzuführen.
1269 1713 2201 1763 in denen Haß und Zorn der Unzufriedenen bei Spiel
1265 1756 2198 1814 und lärmender Selbstverspottung sich sammelte und
1272 1785 2200 1834 auschwoll, bis er die schützenden Dämme
1268 1820 2204 1873 zerriß, die Gefängnisse sprengte die Thronsessel
1272 1858 2214 1912 zerbrach und das Wappen der Bourbonen mit Blut
1270 1897 2211 1956 besudelte. Es ist der erste Akt zu einer unge¬
1286 1938 2209 1982 schriebenen Völkertragödie, was wir hier sehen.
1275 1975 2203 2013 In seiner Mischurg von grausamem Hohn, lachender
1274 2012 2199 2055 Ironie und athertraubender Schwüle und Traurig¬
1270 2031 2222 2097 keit erinnert es ar. Charles Dickens prächtigen Roman
1264 2078 1475 2139 von den
1469 2083 2209 2144 „Z'bei Städten“, der dieselbe Zeit
1280 2132 2215 2182 mit ähnlichen Farben malt. Die Handlung selbst
1020 2163 2207 2219 für 50 Zeit ist Nebensache. Daß in solcher Kneipe, in der
2209 2154 2413 2237 inclusive
1102 2192 1204 2253 100
1271 2196 2383 2247 verkommene Genies mit Lumpen und Verarmten Porto.
1276 2236 2406 2282 von Freiheit träumen und in improvisirten Komödien Zahlbar
1092 2241 1205 2285 200
1292 2280 2418 2353 ihre Bedrücker verspotten, ein Komödiant seine zm Voraus.
1106 2281 1217 2326 500
1279 2309 2213 2364 kaum angetraute Frau ersticht, weil sie geblieben
1043 2318 1214 2378 „ 1000
1277 2350 2211 2390 ist, was sie war, eine Dirne — das ist es nicht
1143 2363 1231 2428 Im
1894 2352 2447 2438 Unsere Theil= litte ist d
1287 2389 1887 2436 was unser Interesse fesselt.
1013 2412 1274 2473 Abonnement
1288 2408 2449 2467 nahme wird erweckt vom Milien; und es ist er= steht es d
1013 2457 1266 2518 Abonnenten
2076 2448 2340 2512 ganz idern.
1271 2463 2031 2514 staunlich, wie echt der Mann, der
1271 2493 2216 2554 und so durch und durch moderner Wiener ist, dieses
1268 2536 2206 2597 Paris vor hundeit Jahren in knappen, scharfen
1267 2572 2233 2621 Linien zu schildern weiß. Halb historisch kommt er —
1274 2612 2210 2661 auch im dritten Stückchen, dem Versspiel „Para¬
1280 2648 2203 2697 celsus“, in dem der Vielverlästerte keine übie Rolle
1271 2687 2199 2733 spielt. Man hat längst seine unbestrittenen großen
1276 2713 2215 2779 Erfolge auf seine Anwendung der hypnothischen
1288 2763 2213 2805 Metyode zu Heilzwecken zurückgeführt. Solch ein
1278 2794 2217 2843 bopnotisches Kunststückchen läßt Schnitzler seinen
1270 2828 2218 2875 Helden nun auch im Hause des biederen Baseler
1278 2873 2212 2918 Messerschmieds Cypriau ausführen. Er nimmt
1270 2913 2214 2967 eine gütige Nache an dem derben Mann, der ihn
1279 2949 2210 3003 und seine Kunst beleidigt. Er führt ihn inniger
1272 2988 2220 3019 mit seinem Weibe zusammen, dem er im hypno¬
1273 3018 2221 3072 tischen Schlaf die Ehrlichkeie gegen sich selbst und
1276 3055 2216 3110 andere suggerirt, und hinterlägt scheidend, fast wie ein
1279 3098 2215 3159 woderner Lustspielonkel, noch ein glückliches Paar. Es
1282 3125 2216 3192 ist eine Kleinigkeit. Ihr Sinn ist schlicht; ihre Verse
1278 3162 2220 3219 sind gefällig, ohne gerade Proben der Lebens¬
1278 3199 2213 3268 weisheit zn bergen. Ein Probiem rollt nur das
1284 3264 2218 3333 Professor hat eben seine Frau begraben. Sie ist viel
1273 3323 2208 3365 jünger gewesen, als er, hat ihn kurze Zeit geliebt und
1289 3357 2215 3400 nie verstanden. Er wußte, daß sie ihn betrog, wußte
1281 3398 2217 3440 auch, mit wem. Mit seinem Assistenten. Die
1280 3428 2219 3497 Freundin, die am Abend des Begräbnißtages kommt,
1286 3473 2218 3527 um die bösen, verrätherischen Briefe zu suchen und
1273 3505 2225 3565 zu vernichten, findet einen Wissenden. Hier ist
1282 3543 2220 3581 kein Betrug mit schonender Hand fanfrecht zu er¬
1273 3571 2207 3636 halten. Das Haus dieses Mannes ist leer ge¬
1286 3615 2221 3670 worden; sein Herz war es längst. Aber nun
1274 3647 2221 3710 kommt der „Andere“ zurück, den sie geliebt hat, der
1274 3694 2224 3744 sie geliebt hat. Und im ersten Gesprächerfährt der
1272 3729 2230 3784 Professo., daß dieser Geliebte seinesDoibes sie¬
1281 3766 1854 3832 eben im Seebad verlobt hat.
