3436 4256
-16 2568 112 2646 ihren
-2 2631 104 2693 habe
11 2674 109 2741 bsch
15 2722 106 2791 hät
2081 209 2566 317 box 15/5
314 222 1947 328 9.4. Der-Ernene Kakadu Zukins
230 1409 2189 1493 en Jages nicht entbehri, das wird geschaffen werden. Die Einbeziehung der Vorörie wurde von“
229 1530 738 1590 Mummer bringen wir:
2145 1536 3335 1602 den Junker Anselm, der seiner Frau den Hof macht und
971 1535 2142 1600 Milch und Haferbrot erzogen. Darum bin ich wol grob
233 1553 976 1643 tenographischen Berichtes über den
2151 1580 3345 1634 sie noch kürzlich mit seiner Liebe bestürmt hat, als kaum
965 1584 2140 1644 gegen die Katzenreinen und Superfeinen; denn dieselbigen,
238 1623 974 1689 or dem Cassationshofe mit
968 1603 2150 1693 die in weichen Kleidern und die von Frauenzimmern
2146 1627 3339 1688 vorhanden. Diese Zuversicht Cyprian's zu erschüttern, nimmt
238 1671 966 1728 ung gelangten, einen genauen Ein¬
975 1673 2153 1735 erzogen werden, und wir, die in Tannzapfen erwachsen, ver¬
2149 1672 3343 1742 sich nun Paracelsus vor. Er hypnotisirt Frau Justina und
232 1722 979 1796 En Proceß gewährenden Actenstücken.
964 1724 2154 1781 stehen einander nicht wohl. Ob ich mir selber holdselig zu
2152 1706 3342 1794 suggerirt ihr, daß sie mit dem Junker Anselm ein Schäfer¬
2157 1772 3339 1842 stündchen zugebracht. Wieder aufgewacht, klagt sie sich dem Gatten
966 1771 2155 1833 sein vermeine, muß ich also für grob gelten. Wie kann ich
975 1815 2150 1877 nicht seltsam sein dem, der nie in der Sonne gewandelt
2142 1822 3336 1879 gegenüber des Ehebruches an, mit allen Einzelheiten der Ver¬
227 1834 970 1942 des Romans „Auf der Höhe“ von
2160 1867 3342 1928 führung und des Unterliegens. Sie ist verzweifelt, sie geberdet
961 1870 1109 1932 hat?
1133 1859 2153 1928 Und doch wie subtil weiß sich dieser grobe
243 1915 639 1967 Seite 29 und 30.
2150 1906 3336 1975 sich halb wahnsinnig und fleht den bestürzten Gatten um Ver¬
973 1899 2159 1981 Schweizer, der „in Tannzapfen erwachsen“ in den feinsten
962 1942 2148 2017 Dingen auszudrücken, so wenn er vom Naturgeiste sagt:
2152 1960 3346 2031 zeihung. Als nun Junker Anselm erscheint, um vor seiner
2153 2001 3339 2071 nahen Abreise Abschied zu nehmen, ist er von den leiden¬
972 1996 2147 2061 „Der innere Schmied, der auf seinem Eisen Alles zurecht¬
237 1999 669 2108 uilleton.
2147 2043 3348 2120 schaftlichen Selbstanklagen der Frau als leider unschuldiger
969 2045 2159 2126 hämmert.“ Nicht mit Unrecht bringt man ihn mit den
725 1977 992 2156 70
2151 2098 3348 2171 Theil aufs äußerste betroffen. Die Verwirrung der Situation
981 2092 2152 2157 neuesten, halb mystischen Entdeckungen der Arzneikunst in
245 2102 595 2183 Burgtheater.
2146 2146 3348 2224 wächst in einem Grade, daß selbst Paracelsus kaum mehr
970 2148 2148 2210 Verbindung. Kühn genug behauptet er, es sei möglich, daß
803 2137 971 2222 „Die Ge¬
245 2154 776 2224 acelsus“ Schauspiel in einem Act.
303 2180 977 2266 „Der grüne Kakadu“, Groteste in einem Aet.)
2138 2195 3347 2274 zu unterscheiden weiß, was Wahrheit und was Schein ist.
973 2180 2155 2257 der Geist allein durch bloßes inbrünstiges Wollen ohne
2143 2247 3352 2297 Endlich läßt er von seiner ursprünglichen Absicht, die Zu¬
979 2247 2150 2313 Schwert einen Menschen steche, und wie frei von Vor¬
257 2247 973 2313 der Wiener Bühne in den letzten
2147 2281 3341 2355 versicht des Waffenschmieds durch den Wahn seiner Frau zu
965 2281 2162 2359 urtheilen liegt die Zukunft der Wissenschaft vor seinen
236 2287 975 2359 chienen: in der Operette „Die sieben
2153 2329 3351 2417 bestrafen, ab und befreit sie unter der Suggestion, fortan
971 2343 2157 2406 Blicken, wenn er ausruft: „Ehe die Welt untergeht, müssen
241 2325 973 2405 nn und Bauer, Musik von Millöcker.
2151 2387 3349 2454 die Wahrheit sagen zu müssen, von ihrer Täuschung. Von
961 2382 2150 2447 noch viele Künste, die man sonst der Wirkung des Teufels
244 2372 972 2454 wie in dem neuesten „Paracelsus“
2145 2433 3339 2499 der Wahrheit besessen, plaudert nun Frau Justina.
979 2417 2149 2494 und der Dämonen zuschrieb, offenbar werden, und dann wird
240 2422 979 2500 n einem Weibe gegenüber, um ihr
2143 2483 3344 2537 Sie gesteht, daß sie in ihren Mädchenjahren den Paracelsus
969 2484 2155 2547 man einsehen, daß sie von natürlichen Kräften abhängen.“
239 2464 975 2547 Ob Arthur Schnitzler den Paracelsus
1062 2526 2155 2603 Arthur Schnitzler zeigt uns den Paracelsus, wie er auf
2143 2514 3337 2587 leidenschaftlich geliebt habe, ja daß sie, wenn er in
245 2529 977 2601 hinerung geholt, weiß nur er selbst.
2138 2566 3343 2632 der Nacht nach seinem Abschied noch einmal zurückgekommen
967 2554 2149 2635 seiner Fahrt durch die Welt die berühmte Stadt Basel besucht,
273 2581 978 2642 als Arzt nahe, seinen glorreichen
2158 2617 3332 2676 wäre, ihm Alles gegeben hätte. Mit poctischen Worten wendet
960 2626 2154 2696 auf deren Hochschule er einst Heilkunde studirt, und wie er auf
276 2622 973 2692 des Heilens, der eine hervor¬
968 2676 2154 2737 dem Marktplatze daselbst seine Heilkünste zum Besten gibt. Ein
2162 2675 3344 2750 sie das ins Allgemeine, indem sie sagt: „Wei weiß, wie
239 2679 971 2745 Persönlichkeit und durch seinen aben¬
2151 2716 3333 2778 viele Fenster in der Stadt allnächtlich offen stehen für Einen,
963 2720 2157 2791 alter Bekannter aus seiner Studienzeit, der Waffenschmied
253 2722 970 2778 l zugleich eine Volksfigur war, aus
966 2767 2149 2822 Cyprian, nimmt ihn mit nach Hause, um ihn zu bewirthen und
2148 2762 3338 2820 der nicht kommt!“ Frau Justina ist die Wahrheit selbst ge¬
249 2773 984 2838 ie Bretter zu bringen. Wer sich mit
2142 2798 3347 2869 worden, und so widmet sie ihrem Gatten zum Schluß noch
968 2818 2150 2879 sich an dem wunderlichen Manne zu ergötzen. Er hält den
250 2822 978 2872 hnur oberflächlich befaßt hat, muß
2148 2863 3334 2923 den weisen Spruch: „Wenn du mich hütest, kannst du mir
977 2858 2147 2921 landfahrenden Arzt nicht hoch, er nimmt ihn für einen Aben¬
258 2864 982 2929 aus dem die deutsche Sprache wie
2150 2914 3336 2979 vertrauen.“ Nach schönen Worten über das Thema „Das
970 2907 2153 2967 teurer, für einen Schwindler. Paracelsus läßt sich diese
256 2911 980 2970 sprudelte, von Herzen lieb gewonnen
2143 2949 3337 3025 Leben ein Spiel“, die Grillparzer'schen Geist athmen, schließt
973 2945 2155 3015 Geringschätzung mit ironischer Miene gefallen und macht
248 2944 976 3027 ich allein bin, daß ich neu bin, daß
2152 2985 3357 3055 das Ganze mit dem Spruche Cyprian's: „Es war ein
973 3000 2151 3067 Anstalt, den unbequemen Wirth zu verlassen. Allein Cyprian
247 2999 982 3074 t darum meine Schriften nicht!“ So
2155 3033 2872 3108 Spiel, doch fand ich seinen Sinn.“
972 3051 2154 3109 will ihn nicht entlassen, ohne im eigenen Hause eines seiner
263 3043 983 3116 so selbstbewußt und aufrichtig spricht
2229 3065 3342 3173 Der Dichter hat Hypnose und Suggestion sinnreich
972 3089 2158 3152 Kunststücke gesehen zu haben. Paracelsus läßt sich bereit
242 3077 981 3160 dsleuten. Als ein geborener Schweizer,
2137 3121 3335 3211 verwendet und sie auch, historisch genommen, an die richtige
973 3145 2148 3205 finden und wählt als Gegenstand seiner Kunst Frau Justina,
235 3133 970 3211 enig verzärtelt worden ist, schildert
2156 3194 3334 3250 Person geknüpft. Er läßt uns den schwankenden Boden
972 3191 2151 3252 die Gattin des Waffenschmieds Cyprian. Cyprian schwört auf
249 3199 976 3264 Worten, in denen die Luft seiner
2156 3237 3342 3311 unseres ganzen Daseins fühlen, Schein und Sein rinnen
972 3236 2162 3301 die Treue seiner Frau, lächelt über eine Liebschaft, die
247 3236 983 3311 er Natur bin ich nicht subtil gesponnen,
255 3298 3374 3383 und Weizenbrot, sondern mit Käs, Justina als Mädchen mit Paracelsus gehabt, und behandelt in einander. Möglichkeit und Wirklichkeit hängen durch zarte.
