3484 4256
267 156 1328 242 9. 3. Der Fruene Kakadu
511 223 1326 269 e ee te st d ee e  e  ee:
1482 153 1898 246 box 15/3
2073 95 3015 157 Publikums ist diesem Streben sicher, das hat d#s
2067 134 3023 185 ausverkaufte Haus bei der ersten Vorstellung be¬
3031 138 3104 218 8
2067 185 3020 231 wiesen, ein Zeichen, das die Veranstalter zu tn¬
2065 232 3019 288 terer Arbeit aneifern möge! — Im Zeilalter dr
2065 270 2892 330 Revolutionen, das allem Anscheine nach,
2893 267 3009 330 h
2060 296 3099 376 lange nicht abgeschlessen ist und woitere our —
2063 349 3054 417 leicht noch größere Umwälzungen im Leben der
2063 388 3086 484 Monschheit bringen wird, zwei Stücke, von denen #
2059 451 3074 495 jedes in seiner Art, Revulutionsgeist atmet, aufe —
2067 493 3070 561 zuführen, war eine dansbare Aufgabe: Fräulun #
2068 534 3013 586 Julie“ war das erste Stück der Sprechb##ne, in
2059 567 3021 647 dem das komplizierte Seelenleben des Wo.bes un¬
2049 591 3015 680 verhüllt und naturgetreu Ausdruck fand. Traaich
2059 663 3016 735 wirkt das Stück durch das Schicksal der derar#ni
2060 712 3021 769 Heldin, die gleichsam das Resultat crerbte. Sün¬
2049 736 3005 811 denfolgen darstellt; Strindberg nennt es Sch##¬
2048 804 3023 861 che, wenn uns dabei das Gefühl de. S###a
2048 834 2938 903 überkommt — und doch dürfte dieses Gei##
2058 888 3024 948 meisten, wenn nicht alle Zuhörer beherischt Labe.
2062 929 3005 981 Zu wünschen wärc es, wenn wir so suuk m####,
2052 976 3017 1031 wie die ersten französischen Revolution##
2043 1033 2981 1083 damit wir dem Mitleide fromd, einen froh## ####
2038 1060 3010 1125 druck hätten, wenn wir sähen, daß die ###
2042 1087 3013 1176 durchforstet werden, deren morsche, überlehee
2050 1141 3011 1225 Bäume anderen, die das gleiche Re#########,
2052 1197 3002 1253 ihre Zeit zu vegeticren, zu lange im Wlege ge¬
2057 1233 3003 1303 standen sind, damit wir einen frohen Einoick
2055 1281 3000 1352 hätten, wie wenn man einen unhoilbar Kra in
2053 1326 3000 1397 sterben sieht. Der Weltkrieg hat uns zermürht,
2052 1375 2961 1449 wann werden wir zu dieser Kraft gelasger“ —
2041 1411 2999 1472 Das Frl. Julie dargestellt von Frl. Kuyne ar
2041 1468 2885 1530 lebenswahr gezeichnet, künstlerisch wirke##
2042 1509 3008 1576 dezent. Sie und ihr Partner Herr Mahr##n
2034 1559 3011 1617 die Gefahren derber Darstellungsweise, die mne
2048 1589 3003 1664 der begabte Künstler leicht zu Ueberirie#####iten
2037 1641 2999 1714 hätten reizen können, in anerkennenswer### Weise
2034 1697 3001 1757 geschickt zu vermeiden. Frl. Mohr als Chriftine
2038 1734 2987 1805 verdient in ihrer kleinen Rolle gleichfalls lab##nde
2040 1777 2994 1846 Anerkennung. — Die Funken, die in der mranzösi¬
2041 1817 3004 1897 schen Revolution zu hellen Flammen aufloderten,
2043 1858 2986 1935 sprühen bereits im „Grünen Kakadn“ von A.
2044 1906 2997 1969 Schnitzler. Der Abend vor dem Ausbruche der
2037 1942 2997 2023 Revolution ist in diesem Stücke mit svielertscher
2032 2005 2998 2068 Kunst, die den blutigen Ernst kaumn ahnen läßt,
2024 2034 2995 2124 zum Schlusse des Stückes aber mit schrecklichen
2012 2082 3003 2188 Deutlichkeit dan Augen führt, wirkfam und u¬
2366 2513 2591 2574 Sette 4
2219 2588 3191 2654 schütternd gezeichnet. Die Hauptrolle lag in den¬
2219 2651 3187 2706 bewährten Händen Herrn Mahrs, der auch die
2212 2688 3193 2764 Spöelleitung beider zur Aufführung gelangten
2217 2720 3182 2785 Stücke innehatte. Sein Henri war hinreißend
2209 2781 3183 2837 durch die Macht der Geste und des Wortes. Diese
2215 2827 3184 2874 Rolle zühlt zu den Glanzleistungen dieses
2211 2876 3192 2923 Künsilers. Eine herrliche Figur bot Herr Güns¬
2223 2912 3186 2974 berger in seinem Strolch Grain. Klein war dies¬
2215 2948 3181 3015 mal seine Rolle aber wunderbar gezeichnet.“ Herr
2220 3003 3173 3054 Pohl als Wirt Prospäre wirkte wie immer auf
2216 3061 3253 3097 das Pubtikum, dessen Gunst er im reichen Maßen
2221 3084 3187 3146 erorben hat. Eine schöne Leistung, loidenschaft¬
2209 3132 3174 3197 lich sprühend und Begeisterung weckend, bewun¬
2208 3176 3181 3237 derten wir im Balthasar des Herrn Barth. Auch
2220 3223 3172 3268 der Scaevola des Herrn Salten war eine an¬
2211 3276 3189 3328 erkennenswerte Tat. Fast das gesamte Schauspiel¬
2211 3307 3174 3367 personal unserer Bühne trat in diesem Stücke auf
2214 3356 3179 3400 und bot uns das Moglichste seiner Kunst, wofür
3061 3399 3174 3458 Das
2212 3399 3058 3464 hm diesmal im Ganzen gedankt sei. —
2216 3445 3181 3508 Lyraorchester, das die Pausen mit trefflich wie¬
2216 3483 3185 3544 vergegebenen Musikwerken in dankenswerter Weise
2208 3521 3189 3589 kürzte, sei an dieser Stelle lobend erwähnt. Auch
2219 3580 3180 3635 das Orchester hat mit Teil an dem Erfolg, den
2223 3618 3186 3683 diese Vorstellung in jeder Beziehung errang.
2231 3663 3174 3734 Glückauf zum weiteren Woge, der zum fornen,
3029 3706 3143 3769 M.
2210 3710 2790 3782 herrlichen Ziel führen muß!
2391 3805 3027 3889 Der Schrei nach dem Kinde“
2690 3861 3192 3942 ind Julius Horst sind
2738 3927 3181 3991 chernen“ Posse, mit
2791 3978 3191 4040 Zweck anstrebten,
2804 4025 3189 4091 * Aneinanderrei¬
2811 4073 2984 4133 mog. 0)
2862 4063 3207 4151 gune zu ver¬
