3436 4224
512 97 693 160 Kirche!“
613 124 1674 217 Das Wesen der modernen Seele beruht in einer ge¬
516 193 1679 245 wissen Gebrochenheit oder Zwiespältigkeit, einer Dis¬
518 234 1684 298 harmonie zwischen Innenleben und Außenwelt einem
508 273 1686 332 Mißverhältniß zwischen Sehnsuchtsfülle und Erfüllungs¬
504 313 1676 387 möglichkeit, Wollen und Können. Sehr klar findet Lorenz
509 369 1678 428 dies zum Ausdruck gebracht in Fulda's „Herostrat“
511 401 1675 484 dessen Inhalt er in feinsinnigster Weise analysirt. Daß
516 448 1682 517 aber nicht nur die Seelen unsrer Tage durch den Zwie¬
504 494 1685 549 spalt des Lebens gefährdet werden, sucht Lorenz an
516 537 1674 600 Hebbels „Herodes und Marianne“ nachzuweisen, den er
506 590 1674 648 als den „klassischen Dichter einer am Bruch unheilvoll
497 623 1688 673 leidenden Uebergangszeit" bezeichnet. Es folgt nun ein
502 666 1676 723 Aufsatz über die beiden Lyriker Liliencron und Dehmel.
506 705 1678 773 Was Lorenz über den Ersteren vorbringt, gehört wohl
508 757 1672 814 zu dem Feinsten und Besten, was über diesen „ganz famosen
511 797 1671 860 Dichter“ gesagt worden ist. Der Absicht, etwas über die
505 838 1667 884 spezifisch n ibliche Art der künstlerischen Begabung zu er¬
502 874 731 938 fahren un
803 874 1665 940 irkunden, wie die literarisch thätigen Frauen
501 915 704 972 Leben
806 925 1664 994 #nschen auffassen, dient der Aufsatz über
500 941 1666 1021 „Frauenwect. von Maria Janitschek Gabriele
496 1000 1665 1075 Reuter, Helene Böhlau, Sophie Höchstetter,
490 1064 1662 1116 Hans v. Kahlenberg. Das Beste aber hat sich Lorenz
487 1095 1666 1144 bis an den Schluß seines Buches aufgespart; es sind die
499 1128 1664 1202 drei Aufsätze über Sudermanns „Johannes“, „Die
493 1185 1588 1241 drei Reiherfedern“ und über „Theodor Fontane“
576 1221 1659 1275 Bekanntlich gehen die Urtheile über Sudermann sehr
485 1260 1662 1331 weit auseinander. Es gibt Leute, die ihm die Literatur¬
485 1307 1663 1361 fähigkeit überhaupt abstreiten und ihn bestenfalls als
496 1358 1658 1409 einen erfolgreichen Theaterschriftsteller gelten oder viel¬
489 1403 1665 1455 mehr nicht gelten lassen möchten. In gewissen Kreisen ist
495 1431 1661 1497 es geradezu Mode geworden, diesen Dichter als einen
489 1480 1662 1540 bloßen „Macher“ zu behandeln. Ich habe diese Art der
480 1525 1660 1579 Kritik nie begreifen können. Bei Lorenz ist nun eine Be¬
486 1576 1662 1625 urtheilung Sudermanns zu finden, die diesem gegenüber
485 1621 1661 1675 eine ganz andere Stellung einnimmt als die Mehrzahl
479 1647 1666 1717 der „maßgebenden" Kritiker. Sudermann fällt, wie Lorenz
488 1704 1652 1754 mit Recht bemerkt, aus der Entwicklungsreihe der modernen
478 1736 1658 1804 Literatur heraus, die sich von Hauptmann bis Maeterlinck
482 1791 1656 1854 und Hoffmannsthal hinzieht. Er ist eine für sich stehende,
476 1817 1654 1890 selbständige und selbstherrliche Persönlichkeit von Kraft
488 1872 1654 1916 und Eigenart". Sudermann ist kein Naturalist. „Er
487 1915 1662 1978 spiegelt nicht Gestalten wieder, sondern er schafft selbst
476 1960 1660 2006 welche. Er schafft sie aus dem Innern heraus“ Er ist
476 2005 1654 2058 in seinem Verhältniß zur Außenwelt männlich, während
477 2049 1658 2100 Hauptmann weiblich ist. Er hat nicht wie dieser bloß
485 2091 1645 2141 Sinn für das Individuelle, sondern auch für das Typische.
479 2137 1653 2188 „Das Ruhige, Effektlose, Undramatische, das Fehlen der
481 2188 1650 2236 Handlung und des handelnden, führenden Helden, die
480 2221 1655 2273 Art, einen Charakter plastisch herauszuarbeiten unter Ver¬
478 2267 1647 2318 zicht auf lebhafte Aktionen — das alles, was früher als
481 2308 1648 2366 Mangel eines Dramatikers getadelt wäre, wurde in der
476 2352 1648 2414 Periode des Naturalismus als erstes und vornehmes,
470 2410 1657 2456 rein künstlerisches Streben empfunden“. Darin dürfte
468 2441 1636 2501 in der That der Hauptgrund liegen, weßhalb unsre „Maß¬
475 2486 1646 2540 gebenden“ Sudermann nicht gerecht werden, nicht gerecht
481 2529 1646 2587 werden wollen. Es ist ihre einseitige ästhetische Theorie,
476 2570 1641 2624 die ihnen das Verständniß für Sudermann unterbindet.
471 2613 1642 2658 Sie blicken noch immer ausschließlich durch die Brille des
469 2659 1644 2716 Naturalismus und sind blind, wo diese Brille nicht zureicht.
475 2701 1639 2750 Jene Kritiker lassen sich den Traumidealismus „Hannele's“
467 2742 1635 2793 die Märchenpoesie der „Versunkenen Glocke“, die Ver¬
481 2786 1641 2836 flüchtigung des Seins im Schein und Spiel ja selbst
476 2817 1635 2879 Macterliucks trübe Mystik und abstrakt idealistische Phan¬
474 2874 1635 2936 tastik gefallen, da die Vorstellungswirklichkeit ja auch eine
468 2922 1635 2978 Wirklichkeit ist und die psychologischen Gesetze, nach denen
478 2956 1636 3014 sich der Traum oder das Märchen abspielt, ja gleichfalls
467 3014 1645 3059 Natur gesetze sind, so wie sich unsre Naturforscher den sub¬
481 3050 1645 3100 jektiven Idealismus Kants gefallen lassen, da sie damit ja
481 3100 1628 3149 scheinbar gleichfalls auf dem Boden der Erfahrung bleiben.
474 3132 1638 3187 Aber daß Sudermann das Leben als ein reales auffaßt
468 3189 1640 3248 und es trotzdem nicht einfach passiv wiederspiegelt, sondern
786 3299 1571 3430 15 S 147 41
1710 127 2870 179 Und doch glaube ich, daß Sudermann sich in ästhetischer
1705 175 2869 229 Hinsicht auf einem richtigeren Weg befindet, als alle
1697 220 2874 276 Rabulisten und abstrakt idealistischen Traumkünstler und
1699 263 2863 308 Romantiker, sowie ich auch nur diejenige philosophische
1707 295 2870 363 Richtung für die wahre halten kann, die Idee und Wirk¬
1691 328 2868 405 lichkeit nicht abstrakt voneinander losreißt und über der
1698 386 2867 448 Betrachtung der einen die Existenz der anderen leugnet,
1707 419 2869 489 sondern die beide in konkreter Weise in eins zu fassen
1700 468 2867 517 sucht und die Wirklichkeit als die Erscheinung und Reali¬
1700 506 2867 561 sirung der Idee begreift. Aesthetisch entspricht diesem Stand¬
1689 559 2865 599 punkt der konkrete Idealismus, wie Hartmann ihn ge¬
1698 600 2868 659 nannt hat, und gerade diesem scheint mir Sudermann
1694 638 2862 699 unter allen anderen Dramatikern am nächsten zu kommen.
1788 678 2867 747 Gegen die Mängel Sudermanns ist auch Lorenz nicht
1684 713 2861 792 blind. Er findet, daß dieser Dichter es sich oft zu leicht ge¬
1696 768 2865 818 macht habe, z. B. in der „Schmetterlingsschlacht“, im „Gluck
1694 811 2858 863 im Winkel“. Solche gewissermaßen spielend geschaffene Werke
1692 850 2863 917 machen naturgemäß auch den Eindruck des Spiels, sie er¬
1686 892 2865 960 scheinen „virtuos“ und scheinen dem Einwurf der Gegner,
1684 931 2865 1005 den diese in dem Worte „Mache“ zusammenfassen, recht zu
1691 974 2855 1035 geben. Erst an dem gewaltigen Stoff der Johannes=Tra¬
1688 1035 2855 1082 gödie hat sich das riesige Können des Dichters voll ent¬
1700 1070 2867 1132 faltet. Die Vorwürfe, die man gegen dieses Drama, seinen
1694 1115 2860 1158 Helden, die Figur der Salome u. s. w. erhoben hat, weist
1686 1146 2855 1215 Lorenz sehr geschickt zurück. Er sieht im „Johannes“ mit
1695 1190 2848 1247 Recht ein wahrhaft historisches Drama, das bei aller vor¬
1679 1234 2853 1302 trefflichen Wahrung des Zeitkolorits doch eine Stimmung
1676 1291 2861 1347 und ein Wollen offenbart, die auch uns nicht fremd sind.
1679 1326 2859 1372 Noch bedeutender vielleicht erscheint ihm jedoch Sudermann
1683 1368 2853 1427 in den „Drei Reiherfedern“. Die Analyse und Deutung
1685 1404 2860 1458 dieses Werkes, das bisher weder beim Publikum, noch bei
1680 1453 2858 1511 der Kritik die Würdigung und das Verständniß gefunden,
1686 1488 2855 1559 die ihm zukommen, bilden den Glanzpunkt des Lorenz'schen
1678 1537 2851 1586 Buches. Sehr richtig bemerkt er, daß Abendpublikum und
1675 1588 2854 1645 Nachtkritik nicht geeignet sind, entscheidend und endgültig
1681 1620 2848 1677 über dieses Drama abzuurtheilen, und nur sie haben sich
1672 1669 2856 1724 bis jetzt darüber vernehmen lassen. Ich selbst habe die
1685 1716 2852 1758 „Drei Reiherfedern“ seinerzeit mit großer Freude als eine
1681 1755 2848 1806 wahrhaft schöne und tiefsinnige Ideendichtung begrüßt und
1670 1800 2858 1857 meine Studenten nachdrücklichst auf dieselbe hingewiesen,
1674 1840 2853 1897 und ich halte sie auch heute noch trotz aller verwerflichen
1668 1873 2854 1933 Urtheile, die mir inzwischen darüber zu Gesicht gekommen
1684 1928 2859 1973 sind, für das gehaltreichste und bedeutendste Werk der
1678 1965 2853 2015 modernen dramatischen Literatur, ohne mir selbstverständ¬
1675 2009 2853 2049 lich eine Meinung darüber anzumaßen, ob das Werk von
1669 2058 2851 2109 der Bühne herab hält, was es beim Lesen verspricht. Es
1663 2083 2849 2157 war mir daher eine große Genugthnung, mich hierüber mit
1662 2143 2854 2180 Lorenz völlig einverstanden zu finden. Wie thöricht und
1668 2178 2844 2229 vorurtheilsvoll es ist, die „Drei Reiherfedern“ „das zu¬
1667 2229 2842 2288 sammenhangloseste und verworrenste Bühnenwerk der letzten
1667 2274 2831 2326 Jahre“ zu nennen, wie dies einer unsrer „Maßgebenden“
1664 2310 2842 2361 gethan hat, daran wird Niemand mehr zweifeln, der Lorenz'
1676 2371 2848 2418 glänzende Wiedergabe ihres Inhalts gelesen hat. Ganz
1665 2396 2849 2444 verkehrt ist es auch, das Stück ausschließlich als „Märchen¬
1669 2446 2840 2497 drama“ zu betrachten und es so darzustellen, als ob Suder¬
1666 2484 2842 2533 mann die Lorberen der „Versunkenen Glocke“ nicht hätten
1667 2532 2843 2583 schlafen lassen. Mit dem gleichen Recht könnte man auch
1664 2575 2843 2631 „Hamlet“, „Lear“ und „Faust“ als Märchendramen be¬
1664 2615 2851 2673 zeichnen. Es handelt sich hier nicht um eine bloß spiele¬
1659 2662 2835 2710 rische Aneinanderreihung phantastischer Situationen und
1664 2699 2833 2749 Bilder, sondern um eine Versinnlichung und Symbolisirung
1666 2740 2841 2794 innerster persönlichster Erlebnisse, die zugleich ein Stück
1655 2788 2839 2824 der Zeitseele selbst zur Darstellung bringen. Prinz Witte
1656 2823 2849 2889 bedeutet nach Lorenz einen vorgeschritteneren Typus der
1665 2873 2835 2921 wieder erwachten Seele. Die Kinderseele Maeterlincks und
1664 2919 2837 2968 Hoffmannsthals ist weiter herangewachsen zur Kraft und
1657 2960 2837 3007 zur Sehnsucht des Jünglings. „Wenn die Zeit der Kind¬
1660 3006 2833 3060 heit und der Spiele vorüber ist regt sich im Jüngling der
1657 3033 2833 3105 Drang zum Leben. Mit dem Lebensdrang steht der Lebens¬
1657 3093 2838 3151 widerstand auf, und mit dem Lebenswiderstand steigt des
1656 3129 2833 3186 Lebens Rätsel empor. Was ist das Leben? Wo ist sein
1652 3172 2835 3247 Glück? Wie verhalten sich Sehnsucht und Erfüllung? Das
1665 3221 2830 3279 ist das Problem, vor das die romantische Jünglingsseele
1650 3261 2816 3338 des Prinzen Witte gestellt ist, das sie nicht lösen kann und
1733 3316 2831 3376 dem sie darum zugrunde geht.“ Lorenz nennt das
1668 3360 2820 3415 (Derk „eine romantische Tragödie“. Vielleicht könnte man
1663 3407 2830 3474 is noch zutreffender die „Tragödie der Romantik“ nennen.
1661 3446 2827 3506 Es bringt die Seele der letzteren mit ihrer abstrakten Sehn¬
1668 3493 2834 3541 sucht, ihrem Gefühlsüberschwang und ihrer Willensschwäche
1666 3534 2830 3590 zum symbolischen Ausdruck. Es zeigt=in der lebensvollen
1661 3577 2831 3631 Figur das Leben, wie aus den Irrfahrten der Romantik
1666 3621 2907 3668 der Mensch zwar nicht wundenlos und heil aber doch in
1656 3652 2889 3723 neuer Kraft und Lebensfülle hervorgeht. Es lehrt, daß
1657 3702 2824 3755 nur demjenigen die Welt gehört, der Sehnsucht und Er¬
1661 3748 2842 3808 füllung in eins verspricht, der nicht abstrakten Idealen
1658 3788 2828 3842 nachjagt, sondern das Leben muthig zu ergreifen und zu
1654 3825 2850 3885 beherrschen wagt. Es zeigt auch zugleich der Kunst den
1659 3874 2832 3917 Weg aus dem dumpfen Druck des Naturalismus und den
1666 3914 2834 3959 Nebeln des abstrakten Idealismus zu einem neuen Ideal,
1655 3941 2815 4013 in welchem Idee und Wirklichkeit sich nicht mehr gegen¬
1659 3996 2833 4062 seitig verschließen, sondern diese nur die Versinnlichung
1658 4033 2324 4106 und Offenbarung jener darstellt.
