3484 4256
1906 218 1960 271 S
2148 203 2620 301 box 15/6
360 196 2000 305 9. 4. Der pruene Kakadn ZyK11-
1562 464 1915 535 Telefon 12801.
1264 570 2475 650 Unternehmen für Zeitungs-Ausschnitte. Ausschnitt
1417 638 2485 754 OBSERVER“ N. 820
991 733 2474 823 I. österr. behördl. concess. Bureau für Zeitungsberichte und Personalnachrichten
1080 806 2160 905 1o. Wien, IX/1 Türkenstrasse 17.
1204 888 2230 970 — Filiale in Budapest: „Figyelö“. VIII. Josefsring 31a. —
983 1009 1482 1108 Ausschnitt aus:
1744 1050 1995 1161 Na. 1L
974 1142 1430 1240 vo 9% %0
1497 1481 1966 1568 Die Bühnen.
1298 1553 2327 1637 Deutsches Theater. Gestern zum ersten Male:
1154 1593 2312 1673 „Die Gefährtin“, hierauf: „Der grüne Kakadu“,
1158 1646 2315 1717 zum Schluß: „Paracelsus“, alle drei von Arthur
1952 1681 2096 1739 —
1146 1679 1452 1740 Schwitzber.
1237 1726 2321 1794 Der Erfolg, der sich nach dem bläßlichen ersten Stückchen nur
1142 1767 2313 1834 matt andeuten wollte, wuchs der Mitte zu sehr kräftig an. Das
1155 1809 2324 1877 theaterwirksame Liebesdrama mit dem bunten Revolutionshineer=
1149 1847 2322 1922 grund, flott, lebendig und verständig gespielt, packte und Schnitzle#
1149 1890 2317 1944 konnte wohl ein halbdutzendmal vor den Vorhang. Das letzte,
1153 1917 2317 2007 der Versschwank mit der Volksfigur des Paracelsus, eine hübsche,
1151 1967 2308 2037 sauber geführte Kleinigkeit, die an desselben Autors „Frage an
1140 2006 2314 2081 das Schicksal“ mehrfach erinnerte, sprach nett an. Der Erfolg
1137 2047 2320 2128 lag also in der Mitte und die kluge Direktion wußte wohl, warum
1145 2101 2306 2158 sie den „grünen Kakadu“ zwischen die beiden anderen Einakter
1149 2126 2304 2201 setzte. Eine solche Mitte macht eben den Erfolg, wie ja meist
1143 2175 2302 2237 immer der Mittelakt. Schnitzler gewann sich gestern einen Sieg
1139 2221 2301 2269 nicht als der Dichter erotisch=melancholischer Stimmungen mit
1143 2251 2310 2326 Wiener Abendröthen, sondern sein unstreitiger Theatersinn ersocht
1137 2299 2300 2365 ihn. Wie er die Szeue im Revolutionsstückchen beherrscht, zeigt er
1133 2349 2304 2401 rothes Theaterblut. Ueber die Vorbilder dieses Aktes sei nicht
1138 2382 2295 2430 gestritten; man denkt an Tabarin und an manches Andere, schließ¬
1138 2411 2293 2466 lich aber bleibt Einem die Sache amüsant, flott, geschickt, und es
1139 2463 2302 2523 macht immer Freude, wenn man sieht, daß Einer sein Handwerk
1141 2506 2294 2567 versteht. Und es unterhaltend übt. „Der grüne Kakadu.“
1137 2536 2308 2612 Was heißt das? Wenn Schnitzler ein Stück so nennt, so mag
1055 2545 1137 2599 50
945 2544 1057 2603 Für
1130 2581 2295 2645 man an eine Wiener Kokotte denken, die in ihrem weichen, lüstern¬
1040 2591 1127 2636 100
1143 2624 2305 2693 lauschigen Boudoir einen grünen tropischen Vogel in goldenem Reifen
1039 2631 1132 2675 200
1032 2671 1132 2716 500
1137 2658 2342 2708 hängen hat, und daß er der Anlaß oder das Symbol eines par¬ ur
965 2707 1137 2774 „ 1000
1144 2694 2373 2765 fümirten Amor sei. Nein, das ist es nicht. „Der grüne Kakadu“ saus
1129 2743 2288 2810 nennt sich eine Pariser Spitzbubenbudike, in der ein Wirth, der die
1066 2749 1134 2810 In
2309 2777 2395 2835 das
1153 2785 2288 2854 Grobheit als Reklameeigenschaft führt, hungrige Schauspieler
954 2778 1151 2850 Abonnem
2291 2826 2393 2882 den
942 2846 2291 2891 Abonnen seinen noblen Gästen verrückte Szenen aufführen läßt. Sie
1130 2871 2289 2928 spielen Mörder, Briganten, Diebe. Es ist schwer auseinderzuhalten,
1137 2908 2292 2971 was Spiel ist und was echt. Das ist der Hauptreiz
1126 2933 2287 3011 der Szeuen. Das Rathen und die kleinen Ueberraschungen. Denn
1132 2979 2286 3050 die Szenen laufen alle nebeneinander und die Mittelhandlung
1129 3028 2289 3093 kommt nur schwer in den Vordergrund. In den Schnapskeller
1127 3062 2292 3119 hinab tönen Schüsse. Oben in Paris stürmen sie die Bastille,
1127 3116 2312 3180 Geschrei, der Lärm von Volksaufläufen dringt herab. Aber die
1121 3133 2314 3220 seingekleideten Aristokraten amüsiren sich an den Szenen
1114 3186 2291 3239 der Schauspieler. Und das ist nicht nur das Eine, mas
1121 3238 2284 3286 Ich Schnitzter nicht glauden möchte, nämlich daß am Abend der
1120 3269 2288 3323 Erstürmung der Bastille die seinen Herren in dem Keller der
1117 3310 2292 3383 Sansculotten so friedlich sitzen, um dann so jäh an die Luft be¬
1129 3348 2304 3425 fördert zu werden. Ueberhaupt ist das Interesse an dem Bastillen="
1125 3415 2285 3463 sturm in dem patriotischen Keller zu gering. Die paar Kanonen¬
1123 3457 2286 3512 schüsse hinter der Szeue geben kein Bild. Es korrespondirt nichts
1125 3497 2295 3560 von unten nach oben. Der Zusammenhänge sind wenig, es ist ja
1412 3531 1625 3586 als ein
2184 3539 2283 3578 W0
1125 3530 1396 3586 doch nichts
1641 3528 2166 3592 Straßentumult da oben,
1130 3568 2276 3622 sich Fraunkreichs und Europas Geschicke eben blutig
1129 3597 2277 3662 zu wenden beginnen. Unten im Keller amüsirt nur
1124 3646 2286 3719 dor Schauspieler Heuri, der eine kleine Schauspielerin von der
1122 3689 2284 3749 Porte St. Martin geheirathet hat und auf das leichte Diruchen
1128 3732 2282 3770 offenbar sehr eifersüchtig ist. Er erzählt, daß er soeben einen
1121 3769 2286 3808 Herzog, den er bei Léocadie erwischte, erdolcht habe. Spielt er
1124 3813 2284 3864 nur eine Szene oder meint er's ernst? Der geschäftige Wirth glaubt
1120 3837 2282 3887 an den Ernst und verräth, daß Léocadie thatsächlich mit dem
1133 3885 2277 3945 Herzog was habe. In dem Augenblick kommt der Herzog
1128 3924 2274 3979 und Heuri ersticht ihn. Aus dem Spiel ist Wirklich¬
1133 3967 2271 4024 keit geworden und neben Tabarin fällt Einem die
1129 4011 2290 4055 melodramatische Wirkung des Bajazzo=Finales ein. Kainz, der den
1130 4049 2276 4106 liebetollen Schauspieler Heuri gab, hätte nur noch die Tenoristen¬
1130 4086 2292 4143 worte rufen müssen „La comedia é finita!“ Für die kleine
1142 4124 2270 4179 Eisersucht ein großer Nahmen, diese Zeit von 1789. Zu gestalten¬
