3392 4256
2061 169 2522 255 box 15/6
266 184 1912 269 9.4. Der-Ernene KakaduZ#kIus
755 375 1515 482 — Vor den Coulissen.
694 449 1718 533 Das „Deutsche Theater“ hat gestern mit
640 505 1696 559 drei in Stoff und Stil verschiedenartigen Stücken
643 536 1704 617 drei sehr verschiedenartige Erfolge erzielt. Drei Er¬
653 585 1693 655 folge? fragen wir uns noch einmal vorsichtig nach¬
655 628 1700 690 zählend. Nun denn, zum Mindesten doch dritthalb,
648 670 1703 735 wenn man schon nicht den starken Ueberschuß an Bei¬
643 709 2746 782 fall und Wirkung im zweiten Stück dem dritten an= proletariat geschildert und mit scharfer Satire die vor¬
648 778 1519 832 rechnen will, dessen Eindruck schwücher war.
1678 779 2728 828 nehme Gesellschaft. Die groteste Komik mischt sich
710 814 2728 878 Sonst pflegt unser: Deutsches Theater“ Kopf=sseltsam mit der grausen Tragik und unser gespanntes
652 852 2743 914 station für seine neuen Dramen zu sein. Von hier] Interesse macht den Sprung von der bizarren
653 892 2733 955 aus pflegen sie meist ihre Reise um die Bretterwelts Heiterkeit zur blutigen Katastrophe willig mit.
651 944 1689 991 anzutreten. Auch die drei neuen Schnitzler'schen Ein¬
1688 943 2736 994 Den armseligen Komödianten, der zum tragischen
643 985 1683 1039 aeter sollten hier zuerst erscheinen. Die Censur¬
1686 983 2733 1034 Helden wird, spielte Herr Kainz voller Feuer, ob¬
1695 1018 2748 1064 wohl die Rolle mit ihrem gemachten, leeren Pathos
645 1022 1690 1076 Schwierigkeiten haben es verhindert und haben dem
645 1069 1677 1113 Borgtheater einen Vorsprung gewährt. Von Wien aus
1691 1063 2742 1112 ihm entfernt keine geeignete Aufgabe bietet. Mit viel
1693 1093 2746 1158 heiterer Wirkung gab Herr Hanns Fischer den
647 1104 1682 1156 haben wir denn auch schon über die merkwürdigen
1694 1145 2737 1194 Wirth und Theater=Director, der, eine Art „grober
652 1149 1695 1202 dramatischen Drillinge berichtet, die dort vor Wochen
1694 1188 2752 1238 Gottlieb“ des vorigen Jahrhunderts, seine Gäste zum
643 1189 1691 1262 gesund und glücklich zur Welt gekommen sind und ein
1686 1223 2739 1291 Scherz aber doch voll tief innerster Befriedigung mit
646 1235 1109 1288 fröhlich Leben führen.
706 1269 2734 1320 Das „Deutsche Theater“ erschien uns gestern als Beschimpfungen regalirt. Eine köstliche Figur, von
1700 1304 2737 1359 Herrn Rittner in prächtiger Maske und mit inten¬
650 1296 1693 1355 eine Art „Salon Brahm“, in dem eine Ausstellung
657 1351 2750 1393 von Schnitzler'schen Werken, von Entwürfen, Studien siver Komik dargestellt, war der wirkliche Verbrecher, der
1693 1393 2149 1446 unter die harmlosen,
2160 1385 2737 1446 Verbrecher spielenden
655 1392 1308 1448 und Skizzen veranstaltet wird.
1319 1388 1688 1450 Hier haben wir
1690 1429 2751 1494 Komödianten sich mischt. Fr. Reisenhofer in der
653 1415 1696 1489 es nicht mit drei Einactern im gewohnten Theater¬
1685 1474 2733 1523 kleinen Rolle der koketten Schauspielerin, Fräulein
666 1472 1685 1527 sinne zu thun, die als Stücke fesseln und wirken
1690 1513 2741 1570 [Dumont als Sensationen suchende vornehme Dame,
665 1516 1695 1575 sollen, gleichviel wer der Verfassei ist. Daß die drei
1691 1546 2741 1609 Frl. Elsinger, Fr. Eberty, Hr. v. Winter¬
652 1555 1692 1608 Werke Schöpfungen desselben Bühnendichters sind,
2400 1599 2514 1651 alle
2546 1598 2746 1650 wirkten
1689 1599 1858 1659 stein,
1895 1595 2370 1656 Herr Reinhardt,
664 1598 1684 1648 eines Bühnendichters, für dessen Schaffen wir uns
1688 1617 2741 1689 mit wahrer Freudigkeit mit. Das Stück, das
658 1635 1685 1690 lebhaft interessiren, das ist es, was den drei Werken
656 1679 1160 1740 Reiz und Werth verleiht.
1680 1677 2739 1731 eine so vielbewegte, überkeck sich aufbauende, bizarre
705 1700 2751 1773 Wenn man bei Erstlings=Schöpfungen um der Handlung aber weder Empfindungen, noch Leiden¬
656 1760 2746 1817 Dramen willen auch für den Verfasser sich interessirt, schaften, noch Charaktere bringt, muthet zuweilen an
660 1798 2750 1868 so kommt später, nach einer Anzahl von Erfolgen, die wie ein Ideal=Libretto für einen Mascagni. Von
1702 1839 2747 1891 Herrn Lessing glänzend, voller Leben und Bewegung
659 1846 1696 1904 Zeit, wo man um des Verfassers willen seinen
654 1883 1704 1942 Arbeiten Theilnahme entgegenbringt, aus seinen Ent¬
1689 1885 2753 1935 inscenirt, erzielte das Werk stürmischen Erfolg, der
662 1927 1691 1979 würfen, Versuchen und Skizzen sein Wesen wie seine
1694 1923 2755 1991 den Verfasser sehr oft vor den Vorbang rief. In den
652 1960 1679 2014 Schaffensweise ergründen will. Arthur Schnitzler, der
1690 1960 2745 2023 hundertstimmigen Bravorufen ging ein Versuch zur
1697 2010 2188 2063 Opposition völlig unter.
651 2013 1688 2067 mit „Liebelei" als Typus von ausgeprägter Eigenart in die
653 2051 1688 2101 Bühnenliteratur sich einführte und durch „Freiwild“,
1747 2055 2746 2099 Nach dieser lauten, vielbewegten und absonderlichen
652 2082 1690 2137 durch den Anatol=Cykius, durch „Vermächtniß“ die
1698 2080 2749 2153 Groteske hätte selbst ein starkes Stück den schwersten
661 2127 1693 2193 Aufmerksamkeit nur noch steigerte, ist jetzt wohl auf
1693 2130 2012 2188 Stand gehabt.
2040 2130 2740 2191 „Paracelsus“ aber ist das
662 2164 1684 2215 dem Punkte, auf dem die Theilnahme für den Ver¬
1686 2163 2754 2216 schwächste Stück des Abends und recht dünn, recht
664 2212 1686 2276 fasser den Werken Sympathie und Beachtung sichert.
1685 2209 2065 2275 schwach überhaupt.
2083 2214 2756 2266 Schnitzler bringt hier wieder,
661 2257 1389 2315 Das hat der gestrige Abend bewiesen.
1684 2253 2745 2295 wie in Anatol, den Hypnotismus auf die
704 2277 1703 2366 In allen drei Stücken ist Schnitzler nicht der
1698 2293 2743 2348 Bühne. Theophrastus Paracelsus wird von einem
656 2327 1704 2379 Dichter, der, von einem Stoffe beherrscht, unter dem
1689 2338 1887 2387 plumpen
1879 2330 2750 2389 und allzu protzigen Handwerksmann
660 2378 1685 2434 Zwange einer großen Stimmung die Ideen und
1689 2380 2740 2437 beleidigt. Er rächt sich, indem er der Frau suggerirt,
663 2406 1690 2488 Gestalten, die Empfindungen und Leidenschaften in
1696 2416 2755 2474 sie sei dem Gatten untreu gewesen und sie dann eben¬
655 2452 1001 2515 Leben übersetzt;
1697 2458 2742 2518 falls in der Hypnose veranlaßt, dem Gatten allerlei
1143 2462 1689 2526 thier der Künstler, der
2585 2499 2741 2565 kleine
658 2498 1685 2550 die Kraft seiner Technik versucht, an mannichfachen
1697 2510 2446 2559 unangenehme Wahrheiten zu sagen.
1690 2543 2743 2595 Schnurre im Hans Sachs=Stil scheint eine
659 2541 1684 2601 Stoffen sein Geschick übt und sich wie Anderen zeigen
648 2574 1691 2637 will, was er kann, wie vielerlei er kann. Und es ist
1693 2580 2746 2639 ältere Arbeit Schnitzler's zu sein. Diese anti¬
656 2628 1696 2682 wirklich sehr viel. In keinem der drei Stücke ist
1842 2630 2741 2680 Suggestions = Humoreske begegnete nur
660 2667 1693 2716 Schnitzler so völlig er selbst, wie etwa in „Liebelei“.
1690 2670 2746 2724 geringem Interesse, obwohl Kainz in der nicht
657 2705 1684 2762 Bald kommt er uns nordisch, dann wieder mißt er
2287 2694 2745 2768 Nissen, Fräulein
1691 2704 2274 2760 eben dankbaren Titelrolle,
662 2743 1687 2799 seine Kräfte an einer so originellen wie ergiebigen,
1690 2751 2738 2805 Dumont, Frl. Heims sich redlich Mühe gaben.
656 2793 1691 2851 phantastischen und kühnen Aufgabe, endlich versucht er
1690 2782 2735 2850 Der Beifall, der auch jetzt nicht fehlte und den Ver¬
660 2831 1438 2892 sich auch einmal im Hans Sachs=Stil.
1683 2814 2744 2892 fasser hervorrief, war ein Postscriptum zum Erfolg
710 2870 2741 2939 Am meisten ist er in dem ersten der drei Stücke in vom „grünen Kakadu“. Der Einacter=Cyclus, der die
650 2919 2746 2955 seinem Element. „Die Gefährtin“ nennt sich eheliche Treue zum Gegenstande hat, wäre weit er¬
653 2946 2744 3029 das Schauspiel. Den schon einmal mitgetheilten Inhalt folgreicher gewesen, wenn diese Groteske den glänzen¬
1683 2997 2739 3074 den Abschluß des Abends gebildet hätte. J. L.
652 2998 1687 3058 brauchen wir nur kurz in Erinnerung zu bringen. Das
660 3038 1710 3103 Thema von der Schuld der Todten, das oft erörte
655 3084 1708 3138 neuerdings von den Italienern sehr bevorzugte Thema, ist,
652 3128 1716 3193 Thier eigenartig und in einer gewissen noblen, revo¬
651 3160 1709 3233 lutionären Moral=Auffassung behandelt. Prof. Pilgrim;
658 3206 1708 3265 hat eben seine Frau verloren und er betrauert sie.;
652 3245 1702 3289 Eine Freundin will es verhindern, daß er nun aus
655 3287 1703 3353 aufgefundenen Briefen erfährt, wie seine Frau die
649 3327 1694 3387 Geliebte eines Anderen gewesen. Unnütze Mühe —
656 3368 1709 3427 er weiß es längst und begreift es. Er war nun
658 3410 1706 3464 einmal so viel älter, sie war zur Geliebten geschaffen,
648 3443 1708 3492 nicht zur Gefährtin. Er hat nur Mitleid mit jenem
651 3491 1704 3559 [Anderen, den der Verlust so viel härter trifft. Das
651 3535 1712 3595 kommt der Andere an und der Professor erfährt von
657 3575 1694 3620 ihm, daß er sich verlobt hat, mit einem Mädchen,
658 3616 1701 3678 welches er schon lange kennt. Er hat also die Frau
637 3659 1701 3711 gar nicht geliebt, die sich ihm hingegeben. Nun
635 3688 1701 3756 lerst lodert sein zorn auf, nun erst fühlt er sich
646 3734 1701 3794 und sein Haus beschmutzt. Die Leidenschaft hätte
637 3776 1701 3845 er verstanden und respectirt, die gemeine Buhl¬
643 3816 1709 3881 schaft erfüllt ihn mit Abschen und er muß
631 3859 1705 3916 erkennen, daß die Todte nicht blos für seine
636 3898 1702 3957 Liebe, sondern selbst für seinen Zorn zu tief stand.“
646 3940 1699 4000 Sie starb zwar in seinem Hause aber sie war ihm
635 3987 1714 4043 doch so fremd. Das Stückchen hat keine Spur von
639 4027 1685 4078 Handlung — es bringt eben nur eine Aufklärung, —
1541 4053 1702 4119 Größe
629 4053 1510 4123 dennoch fesselt uns die Freiheit und
627 4099 1704 4157 der Auschauung. Der Einfluß der Ibsen'schent
