3484 4256
2135 193 2606 303 box 15/5
1190 215 1261 283 K
1315 209 1410 283 ka
2049 246 2113 318 100
381 209 2024 304 9.4. ber Brncnedu ZyKIns
976 627 1625 717 Kräften das Kampfen 9•9#.
987 672 2223 766 Seele, er erspart ihr die sicheren Niederlagen und die
987 722 2211 805 schwächenden entmannenden Verzweiflungen. So überlässt
993 782 2222 851 dieser „Arbeiter im Leben“, er ist Professor, seine Frau
991 823 2209 905 dem Anderen, dem Freunde. Aber unsere Seele sucht sich
993 867 2219 959 gegen heimtückische Ueberfälle des Daseins zu schützen
986 925 2217 1023 durch Idealismus. Idealismus ist der Versuch einer
999 983 2228 1062 kranken verwundeten Seele in Gesundheit zu reagiren
1004 1024 2221 1110 und die Krankheitsstoffe ihrer selbst aufzuzehren, fort¬
1000 1069 2231 1174 zuschwemmen, zu paralysiren. Dieser Professor reagirt
1003 1120 2223 1188 mit seiner immanenten Gesundheit gegen die Seelen¬
1006 1168 2233 1259 Wunde, indem er das Verhältnis seines Freundes zu¬
1007 1208 2237 1312 seiner Frau als ein hochstehendes seelisches exzeptionelles
2187 1256 2237 1312 5
1583 1272 2152 1332 den „Dichtungen d
998 1284 1464 1358 sich erträumt und
1008 1309 2246 1397 Daseins“ als Prosa=Mann sein Opfer darbringt, ruhig
1005 1373 1705 1455 und im Einklang mit sich selbst.
1125 1424 2223 1486 Nach dem Tode der Gattin muss er aber erfahren,
1009 1469 2230 1542 dass die Dame mit dem Herren nur in Sinnenlust ver¬
1011 1504 2239 1603 bunden war. Da jagt er den Freund hinaus, betrauert
1016 1555 2252 1644 ein vertrocknetes Leben, geht ergeben langsam in sein
1009 1605 2102 1695 Schlasgemach, in Einsamkeiten. Der Vorhang fällt.
1129 1652 2237 1732 Wunderschön und einfach ist das durchgeführt und
1023 1700 2236 1782 von Herren Sonnenthal in Würde und unerhörter Ein¬
1020 1752 2241 1833 fachheit gespielt. Nur eines, Herr Dichter: Halten Sie
1017 1787 2250 1888 die Bedürfnisse der Rückenmarks=Seele wirklich für
1022 1859 2237 1930 minder entschuldbar und entrinnbarer als die der Seelen¬
1032 1901 2246 1979 Seele im Weibe?!? Warum sollte der Professor seinem
1021 1971 2248 2033 Weibe unentrinnbare, organische Sehnsuchten ihres jungen,
1029 1990 2254 2090 tyrannischen Leibes weniger verzeihen können als seelische
1022 2054 2250 2131 Dinge?!? Man schreibt immer „Dramen der
1030 2086 2252 2183 [Seele". Man schreibe doch einmal „Dramen des
1027 2147 2245 2211 Leibes“. Hat dieser nicht tiefere mächtigere eigen¬
1033 2175 2259 2291 antigere Complicationen als die Seele?! Sind wir nicht
1034 2239 2254 2317 mehr und öfter in tragischem Kampfe mit ihm als mit
1032 2289 2257 2396 dieser Seele, welche man im Nothfalle immer wieder mit
1046 2340 2240 2436 Idealismus füttern und beruhigen kann!! Diese Be¬
1040 2391 2251 2480 merkungen sollen nicht gegen das Stück gehen, sondern
1042 2432 2258 2527 nur ein bischen in diskreter Art den Geist und die
1041 2485 2183 2574 Originalität des Besprechers zu Worte kommen lassen.
1150 2546 1759 2630 Der grüne Kakadu.
1157 2592 2257 2668 Komödie des Lebens und das Leben selbst. Ein
1036 2633 2262 2738 verlockendes Thema für jene Seltenen, die dem Leben!
1051 2674 2271 2773 selbst, in Folge ihrer Reife oder ihrer Erfahrungen, auf
1057 2735 2277 2816 seine Komödie bereits gekommen sind und den Ernst ge¬
1064 2791 2289 2860 wonnen haben, es nicht mehr ernst zu nehmen. Der
1063 2855 2284 2916 „thierische Ernst“, das ist das Spassigste
1052 2895 2275 2958 am Menschen. Hinter die Sachen kommen, über
1053 2957 2286 3018 die Sachen kommen, von den Sachen wegkommen,
1056 2989 2289 3060 das ist es!! Die unendlichen Variationen dieses Stückes
1047 3038 2277 3108 „Selbsterhaltungstrieb“ und „Glückseligkeitsbedürfnis“ er¬
1064 3081 2286 3178 skennen und sich dieses ewige Drama, dieses
1061 3129 2280 3208 [„Meisterwerk der Nerven“ ununterbrochen vor¬
1062 3180 2285 3265 spielen lassen, von sich selbst und von den Anderen! Und
1064 3235 2283 3315 simmer klatschen. Und immer weinen. Und immer in
1067 3280 2294 3367 ungeheures Lachen ausbrechen! Gehet hin und schauet,
1074 3338 2302 3409 wie nahe Leben und Komödie sich berühren im „grünen
1067 3390 1746 3460 Kakadu“ von Arthur Schnitzler.
1180 3431 2288 3492 Ich sage, gehet hin zu diesem Zwecke allein, aber
1076 3475 2287 3548 nicht um Euch besonders zu amüsiren. Denn das Stück
1075 3527 2290 3596 ist ziemlich fade und die glänzende Idee, auf welche der
1076 3578 2293 3655 Verfasser bei sich selbst hineingefallen ist, hätte fast eines
1078 3634 2295 3690 Shakespeare bedurft, geboren zu werden in's lebendige
1073 3666 2302 3751 Leben der Bühne. Wirklich vollkommen und tadellos
1058 3720 2308 3798 waren in diesem Stücke nur vier Arme. Zwei gehörten
1056 3768 2310 3866 dem Fräulein Ansion, zwei dem Fräulein Häberle.
1713 3833 2277 3903 Peter Altenberg.
2906 4106 3179 4187 A
