3484 4480
1987 132 2411 225 box 16/1
221 141 1829 259 9.4. Der gruene KakaduZpklus
2129 829 2523 924 Telephon 12801.
1598 926 2307 1069 „OBSERVER‘
1444 1034 2517 1142 I. österr. behördl. konz. Unternehmen für Zeitungs-Ausschnitte
1629 1107 2365 1185 Wien, I., Concordiaplatz 4.
1836 1166 2161 1245 Vertretungen
1443 1213 2543 1276 in Berlin, Budapest, Chicago, Christiania, Genf, Kopenhagen.
1445 1256 2543 1340 London, Madrid, Mailand, Minneapolis. New-Vork. Paris, Rom.
1609 1303 2372 1364 San Francisco, Stockholm, St. Petersburg.
1806 1345 2204 1420 Hnelierangabechy Gewahr)
1674 1359 2626 1444 Deutsche Suimmen, Prossnitz
1445 1420 1873 1499 Ausschnitt aus:
1928 1462 2228 1565 27.1 1906
1449 1530 1633 1613 vom:
1588 1528 2585 1636 (Theater). Drei Einakter brachte uns die The
1403 1593 2603 1675 tervorstellung vom 21. d. M. Der Erste Die Gefährtin““
1418 1653 2606 1766 von Schut#l#st ein kleiner realistischer Ausschnitt aus
1413 1701 2606 1778 dem Leden. Freilich werden Personen und Schicksale, wie
1424 1768 2595 1837 sie der Dichter uns vorführt, nicht allzuhäufig vorkommen.
1422 1798 2608 1877 Etwas Dunktes, Merkwürdiges, so ganz verschieden von
1419 1846 2598 1909 der sonstigen Durchsichtigkeit der Wiener Art Schnitzlers,
1417 1886 2599 1970 schwebt über dem Stücke. Der arme, naive Professor Pil¬
1417 1946 2607 2039 gram spielt die Hauptrolle; oder doch eigentlich seine tote
1423 1978 2611 2069 Gattin, jenes bedauernswerte Wesen, welches wir deutlich
1424 2047 2613 2100 vor uns zu sehen glauben, wie es seiner Sinnenlust erliegt,
1427 2080 2623 2168 da ihm der junge Doktor Hausmann naht, und sich neben
1423 2134 2612 2229 den alten Gatten stellt. Die tote, abwesenden Figur wind
1428 2199 2622 2261 uns seltsamerweise am klarsten und dentlichsten aus dem
1426 2225 2613 2313 schweren Stücke. Verschwommen dagegen bleibt uns die
1435 2285 2621 2348 Gestalt der Olga Marholm, eine Gestält, die uns fast an
1431 2326 2632 2393 die mystischen Dramatiker des Nordens mahnt. Ein Hauch
1432 2370 2629 2469 des Geistes Jakobsen's, vielleicht auch Strindberg's, des
1428 2427 2629 2498 wuchtigen Antifeministen, weht durch das Stück. Das Werk
1431 2470 2627 2558 stellte, offen gesagt, Anforderungen an die Darsteller, denen
1435 2518 2615 2603 sie nicht gewachsen sein konuten. Daher mag es rühren,
1429 2554 2622 2643 daß „Die Gefährtin“ einen Großteil des Publikums nicht
1424 2610 2640 2710 befriedigte. Es wirkten im Stücke Frl. Gigl und die
1437 2664 2608 2741 Herren Lübau, Flemming und Hofer mit. —
1440 2702 2624 2803 Das 2. Stück war „Paracelsus“, Schauspiel von Schnitz¬
1437 2784 2624 2848 ler. Es spielt zu Basel im 16. Jahrhundert, und hat die
1436 2808 2633 2892 sagenumwobene Faustgestalt des Theopyrastus Hohenheim
1437 2863 2635 2940 zum Mittelpunkte. Konflikt und Vorwurf jedoch sind ganz
1436 2907 2629 2980 modern. Der selbstgefällige Stolz des erbgesessenen Wa¬
1445 2937 2644 3044 ffeuschmieds Cyprian (etwa der „satte Bourgeois“) erfährt
1446 3003 2637 3083 eine Züchtigung durch einen verachteteu, fahrenden Pro¬
1449 3047 2636 3135 letarier, der eines besitzt: Geist und Meuschenkenntnis.
1437 3115 2634 3184 Das Mittel, dessen, sich der Landfahrer bedient, ist ein
1438 3146 2633 3214 ebenso modernes: Die Hypnose. Das Stück ist in chöner,
1456 3190 2633 3280 gebundener Sprache geschrieben, welche Stellen von nach¬
1454 3266 2651 3320 denklicher Tiefe aufweist. Die Darstellung war eine gute;
1452 3298 2638 3371 an ihr partizipierten die Damen Gigl und Just, wie
1459 3335 2629 3419 die Herren Orell, Berg, Flemming und Lü¬
1457 3362 2654 3474 bau. — Den Beschluß machte das alte Schauspiel „Grin¬
1453 3446 2637 3531 goire“ von Bauville. Dieses Stück, welches die überwälti¬
1448 3480 2647 3560 gende Kraft echter Poesie, mag diese sich ins zerlumpteste
1461 3526 2650 3606 äußere Gewand auch kleiden, verherrlichen soll, ist stets
1452 3585 2651 3674 seiner Wirkung sicher. Die Darstellung ließ zwar maucher¬
1462 3626 2649 3716 lei zu wünschen übrig, befriedigte jedoch im Gauzen. Hier
1463 3682 2647 3763 wirkten die Damen Gigl und Inst, sowie die Herren
1451 3723 2668 3834 Mauth (Titelrolle), Lübau, Flemming und H o.
1449 3794 2260 3879 fer mit. Das Haus war gut besucht.
