3436 4256
1248 125 1322 197 11
329 127 1977 241 9. 4. Der frnene Kakadn Zyklus
2122 132 2597 231 box 15/6
2008 1434 2066 1525 —
1561 1512 3375 1593 hat seine Frau begraben und zieht, während, während ihm ein einfindet und die Unterschiede
741 1420 1229 1597 Nachbrack verdoten.
1559 1565 3351 1631 Paar Freunde zur Seite stehen, die Bilanz seiner Ehe. Er sich zu verwischen anfangrn.
1572 1614 3375 1658 weiß, daß er ihr in den letzten Jahren innerlich fremd war und durch, daß ein junger Manm
728 1606 1245 1686 Deutsches Theater.
2773 1652 3360 1700 spielerin geheirathet hat und si
1571 1653 2785 1708 daß die Verstorbene mehr Talent zur Geliebten als zur
443 1656 1587 1727 Die drei einaktigen Stücke, die Arthur Schnitzler im
2763 1691 3368 1756 Kakadu“ seinen Freunden vo#
1580 1691 2782 1751 Lebensgefährtin besessen habe. In seinem grüblerischen Schmerz
356 1703 1589 1758 Deutschen Theater zur Aufführung brachte, haben ihn und
2768 1713 3369 1787 er sich die Möglichkeit aus, da
1572 1729 2782 1792 wird er von einer Freundin der Verblichenen gebeten, gewisse Briefe
363 1749 1587 1810 uns von einer ernsten Sorge befreit. Sie sind, wie man sie
2777 1776 3374 1832 von Cadignan betrüge und de
1580 1782 2782 1837 auszuliefern, die sich in ihrem Schreibtisch befinden und deren
363 1804 1584 1858 auch künstlerisch einschätzen mag, als Beweis dafür anzusehen,
2768 1824 3362 1880 ersteche. Nun betrügt ihn die
1576 1823 2782 1889 Inhalt auch ihrem Mann verborgen bleiben soll. Der Professor
368 1830 1579 1894 daß der Dichter nicht an seinen ersten Erfolg „Liebelei“ gekettet
2770 1862 3378 1940 vornehmen Herrn und als der E
1575 1864 2785 1927 ahnt, um was es sich handelt. Er weiß, daß ihn seine Frau
372 1869 1589 1946 ist, sondern Talent genug besitzt, um darüber hinauszuwachsen.
2778 1908 3350 1977 in die Kneipe kommen sieht, jag
1582 1912 2770 1968 mit seinem Assistenten betrogen hat, und giebt die Briefe heraus.
371 1926 1574 1982 Was für sein literarisches Auftreten seine Stärke war, die Schilde¬
2781 1950 3364 2009 ins Herz. Die Genossen rotte
1576 1957 2782 2016 Erst, als er erfährt, daß der Schuldige dies Verhältniß nur als
364 1969 1585 2026 rung des leichtlebigen Wiener Bluts und der Stimmungsduft,
2767 1988 3361 2065 sprechen ihm ihren Schutz, w
1574 1985 2784 2062 angenehme Zerstreuung angesehen, seit zwei Jahren eine andere
368 1994 1585 2064 den er in Scherz und Ernst über seine Liebesgeschichten
2779 2046 3366 2098 die Bastille losbricht. Schui
1580 2051 2778 2101 Liebe gehabt und sich soeben mit ihr verlobt habe, braust er
374 2044 1584 2119 auszubreiten wußte, schienen ihm bei seinen späteren Arbeiten
2779 2088 3358 2149 seiner Fabel, die viele Mensch
1582 2089 2778 2143 wüthend auf und weist dem Unwürdigen die Thür.
367 2097 1580 2159 verhängnißvoll zu werden. Ueber „Freiwild“ und „Vermächtniß“
2773 2125 3356 2188 beständigen Wechsel von Sein
1572 2140 2774 2190 Aber zu dieser Demüthigung kommt noch eine andere,
370 2138 1588 2215 spannte sich derselbe Himmel, der dem Beginn seiner theatralischen
2783 2168 3358 2235 nicht verloren, sondern die Zü
1576 2179 2785 2230 denn es stellt sich heraus, daß die Verstorbene mit
367 2186 1600 2248 Laufbahn so verheißungsvoll gelächelt hatte. Aber bei dem einen
2773 2207 3367 2285 ohne zu stocken, glücklich ei
1575 2220 2789 2282 alledem einverstanden war und ihr Glück mit solcher
367 2225 1589 2280 Stück zeigte sich in Schnitzler der Dichter, bei dem andern der
2773 2265 3352 2313 grinst uns aus dem Stück en
1577 2254 2794 2328 Erniedrigung nicht zu theuer bezahlt zu haben glaubte. Völlig
366 2257 1592 2333 Dramatiker schwächer, als man erwarten durfte. Jetzt hat der
2779 2309 3329 2368 seine aristokratischen Gäste
1577 2309 2791 2364 gebrochen schließt der Professor das Sterbezimmer und begiebt
366 2313 1591 2392 Autor sein Heimathgebiet nur im Vorbeigehen gestreift, etwa
2773 2340 3337 2419 empfängt und, während er
1588 2347 2787 2415 sich von der Villa, wo das kleine Stück spielt, in die Stadt,
375 2362 1593 2429 wie ein Spaziergänger, der am Opernring in Wien zwar
2783 2388 3362 2454 ausspuckt. Was Beherrsch
373 2418 2789 2451 nach Mariahilf hinüberblickt, aber in seinen Gedanken um bei seinen wissenschaftlichen Arbeiten Vergessenheit zu suchen.
2786 2439 3358 2494 Leben nach der humoristischen
373 2462 2782 2521 durch das Leben und Treiben der Weltstadt auf In dem Einakter kehrt der Anatole=Typus wieder, um den
2777 2482 3356 2545 theatralische Steigerung betrifft
366 2475 2785 2551 ganz andere Ziele gelenkt wird. Er hat einen Seelen= Schnitzler in sieben dramatischen Versuchen sein Talent auf dem
2782 2510 3354 2587 gelungen und in keinem F#
378 2525 2786 2602 konflikt mit nordischer Herbheit behandelt, einen historischen Wiener Boden zuerst kreisen ließ. Die Hauptfigur bildet aber
2776 2560 3366 2633 bemängelungen, wie sie sich
375 2556 2791 2632 Stoff herangezogen und seine Laune phantastisch spielen lassen. der innerlich zerrüttete Gelehrte, den Herr Nissen mit er¬
2783 2613 3344 2670 flüssig hervorgewagt haben.
376 2598 2781 2684 Er ist also wesentlich ein Anderer geworden und über das Er= schütterndem Ernst der Charakteristik spielte und dadurch zum
2776 2644 3370 2724 eifersüchtigen Ehemanns und A
1578 2660 2349 2721 Ausgangspunkt einer Tragödie machte.
378 2667 1585 2733 reichte hinausgekommen. Die geschlossene, für einen Abend
2788 2703 3359 2754 rament spielte, gab auch in d
1649 2688 2785 2762 Der „grüne Kakadu“ ist ein grotesker Einfall, der in
368 2713 1597 2779 ausreichende Komposition hat er zwar noch nicht wiedergefunden,
2789 2736 3364 2798 den bekannten Wunderdoktor au
1582 2751 2792 2813 die Beleuchtung der französischen Revolution und des Sturms
371 2745 1581 2830 aber in den engeren Rahmen dieser drei einaktigen Dramen,
2785 2783 3360 2853 geistreicher Charakteristik und
1589 2803 2788 2857 auf die Bastille gerückt ist, ohne daß wir das historische Kolorit
371 2784 1589 2867 die durch kein äußeres Band zusammengehalten werden, steckt
2781 2826 3360 2888 faßt Paracelsus als Hypnoti
1588 2852 2787 2900 auf seine Echtheit allzu genau untersuchen dürfen. Ein Schank¬
381 2843 1584 2904 viel dramatische Bewegung, und wir dürfen annehmen, daß
1578 2887 3359 2945 wirth, der früher Direktor einer reisenden Theatergesellschaft Waffenschmied für seine Grob
385 2879 1595 2951 Schnitzler in seinem Wienerthum nicht erschlafft, sondern kräftig
2776 2919 3359 2985 Ehehälfte ein Liebesverhältnig
1574 2929 2799 2997 war, kann sich von dem Komödiespielen noch immer nicht trennen
378 2949 1348 3011 genug geblieben ist, um neue Stoffe zu gestalten.
1578 2963 3359 3027 und ist auf den verrückten Gedanken gekommen, die Gesellschaft, sie erst, nachdem die Verlege
467 2960 1603 3043 In dem Schauspiel „Die Gefährtin“ weht die kalte Luft
379 3037 3367 3089 eines Zimmers, in dem sich noch eben ein Sarg befunden hat die sich bei ihm zusammenfindet, in lauter Verbrecherrollen auf¬ hat, wieder aus dem Ban
377 3049 3357 3133 hat und, während der Todte bestattet wird, die Fenster offen treten zu lassen. Spaßhaft wird die Situation aber erst, als Auch dies Stück, das schwächst
385 3137 3358 3185 stehen, um den betäubenden Blumenduft hinauszulassen. Ein sich unter den Schminkgesellen, die als Bösewichter er¬ haltende von den dreien, wur
2783 3142 3358 3209 genommen, dem Schnitzler h
387 3128 2795 3213 Professor, Mann der Wissenschaft, der Seelenzustände wie die scheinen wollen, ein wirklicher Verbrecher und Todt¬
371 3178 3348 3277 Mischung in seinen chemischen Retorten zu untersuchen liebt, schläger, der eben aus dem Zuchthaus gekommen ist, Arbeit zur Verfügung stellen
2957 4035 3031 4104 T
