3392 4256
985 176 1289 247 Kakadu
709 196 944 255 ruene
468 190 622 256 Der
227 190 1280 295 9. J  eneten eteteee
1445 171 1857 263 box 15/2
2171 74 2462 128 ren
2154 122 3044 162 piu atroci scene della vita reale. Por gli
2149 148 3054 205 dgnari, per coloro che vi capitano In prima
2155 193 3046 260 volla il Pappagallo verde ## ritrovo dei
2149 234 3037 279 peggiori malandrini parigini. Gli aristo¬
2156 268 3036 314 cratiel, che vi pongono piede, vengono Svil¬
2159 298 3045 354 Janeggiati dagli apaches del temnpo. che vi
2154 343 3050 399 raccontano le proprie gesta esi dividono
2152 389 3046 433 in pubblico i frutto del loro bottino, ven¬
2151 416 3055 484 gono a contesa fra di loro, narrano gli as¬
2159 471 3039 513 sassini compinti, ecc. Tutto ci0 &cosl abil¬
2163 503 3045 545 mente posto in iscena, che riesce d dare
2160 538 3046 591 V’illusione dehn realta. Le grandi dame
2146 578 3050 633 si fanno accompagnare al Pappagallo ver¬
2147 607 3044 676 de per conoscere da vieino i grandi erinii¬
2159 645 3053 707 nali. Un brivido di emoziene e di piacere
2153 678 3053 739 insieme senote i nervi di qnelln gente bla¬
2159 728 3054 775 sér. in cospetto dei sanguinari famosi ri¬
2157 775 3054 823 cercati dalla Polizia. Coloro, che conosco¬
2146 809 3053 865 no il trucco, vanno egualmente al Pappa¬
2157 835 3053 900 gallo verde per assistere ad uno spettacolo
2155 884 3052 928 sempre nuovo e diverso dal solite. L’oste
2149 924 3057 976 Prospero, che é, tra parentesi, un vivolu¬
2155 959 3054 1015 zionario, fa ottimi affari alle spalle degli
2153 1004 3071 1057 odiati aristocratici. Fatalmente un vero
2156 1050 3069 1095 dramnja viene ###escolarsi ai drammi si¬
2152 1080 3069 1131 mulati. Fra gliri d’occasione serittu¬
2156 1106 3056 1177 rati da Prospero vi & Enrico, marito di
2160 1158 3056 1220 Leocadia, giovane e bella attrice della
2162 1193 3052 1246 # Porte Saint-Martin v: Enrico era dappri¬
2155 1244 3054 1296 ma, come tanti altri, l’amante della belle
2157 1288 3046 1337 e facile Leocadia, il cui ultimo amante ari¬
2157 1316 3064 1369 stocratico fu il duca di Cadignan. II ma¬
2145 1355 3045 1407 frito ignora questo particolare. La sern del¬
2158 1400 3063 1447 le nozze egli conduce per Tultima volta
2149 1432 3057 1495 Leocadia al Pappogallo verde. Innamors¬
2151 1467 3053 1516 tissimo della nioglie, ogli vuol settrarla al¬
2158 1507 3053 1564 Je tentazioni dell’ambiente parigiug e con¬
2154 1534 3059 1601 durla seco in campagna. L’ultima appari¬
2158 1581 3061 1645 zione di Enrico all’osteria di Prospero pro¬
2153 1629 3072 1676 voca il dramma. Enrico, dopo aver accom¬
2153 1660 3055 1721 pagnato Leocadia alla & Porte Saint-Mar¬
2148 1704 3069 1756 tinn, ritorna al Pappagallo perde, per reci¬
2153 1745 3060 1793 tarvi l’ultima volta. Egli simula di aver
2151 1783 3059 1837 ueciso l'amante di sua moglie, immaginan¬
2153 1825 2927 1866 do che esso sia il duca di Cadignan.
2165 1875 3065 1922 L’uditorio freme di emozione assistendo
2152 1895 3061 1961 alle svocazione del supposto assassinio av¬
2162 1941 3082 1993 venuto in un Zamerino di un teatro; quan¬]g
2157 1978 3068 2031 d’ecco il popolo irrompe neil’osteria. La ri¬
2161 2021 3074 2077 voluzione, quella autentien, ha vinto. Laj
2159 2058 3050 2095 Bastiglia & caduta in mano ai rivoluziona¬
2163 2087 3062 2150 ri. II popolo é festante e sta per escciare
2151 2136 3051 2193 questa volta sul serio gli aristocratici fre¬
2158 2168 3061 2237 quentatori del Pappagallo verde. Allera
2160 2200 3045 2267 nell’oste Prospero si risveglia il rivoluzio¬
2148 2249 3054 2309 nario; anche egli esulta an gioia; egli sa
2158 2279 3059 2350 che il duca di Cadignan era l’amante di
2148 2327 3055 2377 Leocadia e chiede se Enrico abbiararrato
2157 2368 3052 2429 un assassinio realmente compiuto. Rivolto
2152 2408 3057 2455 a Enrico Prospero, gli gridä: „'Non aver
2142 2450 3045 2509 ipiu paura, ora puoi dir tutto; lo hai roal#
2151 2496 3058 2540 mente ucciso il bel duca? Hai fatto benei)t
2155 2520 3063 2577 Se lo meritava! v. Queste parole fanno cade¬
2159 2565 3059 2626 re la bends dagli occhi del marito disgra¬
2151 2598 3054 2644 ziato. Egli comprende che Leocadia ama
2156 2644 3053 2690 lil duch ed un furore geloso lo invade. In
2150 2686 3048 2736 quell'istante il duca di Cadignan compare
2151 2723 3054 2784 sulla soglia dell’osteria per esortare i snoi
2160 2759 3051 2804 amici del gran mondo a mettersi inesalvo,
2153 2802 3054 2850 perche la folla briaca saccheggia ed uccide
2161 2841 3064 2895 nelle vie di Parigi. Enrico gli va incontro
2148 2880 3056 2931 e gli pianta un pugnale nel petto. II duca
2150 2913 3059 2973 cade ucciso. Leocadia, che sopragglunge,
2158 2952 3054 3012 piange sulla salma del suo ultimo amante
2164 2999 3046 3052 ie il popolo, gridando: „Viva la lbertà!#,
2157 3039 3071 3105 perta il cadavere del duca come un trofen
2155 3070 2601 3126 per le vie di Parigi.
2195 3110 3098 3164 Questo dramma, assai movimentato e sce¬
2158 3148 3067 3211 nicamente assai ben costrutto ha un grave
2162 3189 3100 3226 difetto: falsa la storia. L’autore del Pop. G.
2157 3213 3123 3280 pagallo verde ha immaginato nelle giorna¬Se
2161 3269 3075 3316 ite tragiche del 1789 cio che non esisteva.
2159 3312 3085 3359 Egli ha trasportato un secolo indietro ciol
2166 3347 3085 3402 che é una delle ultime trovate del parisia¬
2163 3381 3065 3451 nismo moderno, cioé i cabarets macabri o
2160 3419 3044 3469 sensazionali di Montmartre. Comunque, 11
2153 3456 3105 3531 Pappagallo verde 6 un lavoro scenico assal
2161 3493 3108 3565 interessante ed abbastanza originale. Noni##
2168 3541 3067 3584 meritava certo i fischi che insieme agli ap¬
2163 3588 3103 3655 plausi accompagn.arono il cadere del sipasle
2156 3620 3041 3680 rio. La Compagnia stabile di Roma inten
2163 3655 3032 3703 pretó con molta accuratezza il lavoro. L
2168 3702 3030 3749 ste Prospero era Cesare Dondini. Le altr
2158 3736 3033 3807 parti principali erano affidate a De Antonh
2168 3771 2834 3819 a Mascalchi e ad Adu Dondini.
2227 3803 2675 3872 dramma si replica.
2684 3828 3105 3920 C. Sobrero. 1:
