3484 4256
1206 103 1952 140 poveri fgli, bevetelo pure." Inven¬
1962 89 2599 153 e uen IIIien eet he. i. .
1191 136 2739 190 zione ensalinga e rusticana di un gran-Iscende al particolari, si nota la sapien-
1197 178 2706 220 issimo artista, capace di rifarsi inge-#ie distribnzione dei colorifi, unn rie¬
1194 214 1951 259 nuce primitivo, quando parla con gli
1964 216 2756 274 chezza di graduazioni, di earattertzza¬
1198 252 1956 292 ingenui e con i primitivi. E la poesia
1950 256 2741 307 zioni ammirevole. Mancano forse, als
1207 283 1943 334 e nel fondo e nelle parole, cice mellu
1954 304 2704 350 questa ben costruita mnacchina, il pri¬
1204 314 1932 378 Juhhinosa umanita dello serittore 6 In
2112 319 2760 389 e il dono che i due brevi eis
1958 334 2116 390 vilegio
1198 353 1949 419 quella, da Jui contemplata e protetta,
1962 365 2713 434 scarni atti del Toistol avevano: la
1205 398 1533 455 del personaggi.
1950 416 2115 472 poesia.
1226 417 1965 487 Dalla recitazione della Compagnia
1979 425 2723 501 II puppagallo verzie & stato recitato
1203 464 1962 520 Moissi, questa poesia é statn tutta of¬
1971 488 2724 531 con la sapiente regia di Guido Salvini,
1208 506 1967 555 ferta al pubblico. Che quadro ammira¬
1961 525 2697 563 in un quadro scchico ideato dal Sal¬
1195 549 1962 595 bile, che pienezza di tinte, che vivacitä
1962 552 2765 621 vini, molte suggestivo, con und distri-p
1203 591 2745 656 di contrasti! Mi pareva di vedere unaspuziene di luci che sccondavano, coil¬
1201 617 1962 673 successione di belle silografie, dai trat¬
1971 633 2751 690 colori, il mutevole senso della com¬
1199 664 1947 721 ti decisl. impressi con forza, e poi sci¬
1964 684 2710 725 media. Recitazione, movimenti, com¬
1203 687 1959 747 volanti con una specie di guizzo. La
1961 718 2711 770 posizioni dei gruppi, anlmati, precisi.
1228 745 2727 779 verita genialmente artificlosa che ###effcaci. Alessandro Moissi ha rappre¬
1197 775 2729 847 teatro richiede, se non vuol essere fred-Igentato Enrico con severa nobiltà dis¬
1206 819 1963 861 da fotografla, era stata raggiunta con
1974 830 2728 878 stile e potenza di passione. Tutte le
1198 863 2744 931 una purezza e parsimonla di mezzlignezze, gli impeti, la dolcezza, l’incan¬
1206 886 1960 939 magistralt. Tutta la recitazione della
1967 909 2712 958 to, la delusione, la furia, Pimitazione
1200 936 2720 996 Compagnia e stata escellente. Da van-Iel vero, e10 spasimo del vero, trova¬
1200 971 2758 1040 da Capodaglio, che ha detto con sere-Jrono in lui la piü artistica espressione.
1208 1013 1955 1070 na umiltä le parole di und vecchia mi¬
1965 1029 2708 1075 L’hanno assai bene sccondato tuttl i
1202 1050 1964 1088 sericordiosa, a Maria Fabbri, che tro¬
1965 1060 2718 1118 suol attori, tra i quali é da segnala¬
1216 1084 1959 1135 vo una comicità rustica eccellente, al
1961 1097 2732 1154 Ire particolarmente i1 Campa, e poi la
1213 1113 1957 1188 Torrini, al Bertramo, a! Sormano, al
1957 1133 2721 1197 signora Capodaglio, la signorina Fab¬
2721 1145 2773 1209 0
1210 1165 1967 1219 Brambilla, futti a posto, risaltanti e
1213 1173 2725 1241 tipiel. II Moresi. bel. ha fatto delP’ope-fbrl. 11 Sormano, i1 Torrini, il Capoda¬
1206 1215 2719 1294 raio girovago m nelle pin perfette fl. Iglio, i1 Bertramo, 11 Tamberlani, le. si¬
1213 1254 2731 1322 gure della sun arte. Pareva che sul suoj#horine Pescele, Da Reggio, Campa,
1975 1290 2779 1358 Cecchi, il Cecchi, il Brambilla, lo Sce-1;
1215 1316 1953 1371 viso si riflettesse un’enima di fanciul¬
1968 1333 2223 1394 pie 11 Rodi.
1206 1350 1958 1406 lo e si esprimesse con i toni chiarl del¬
1989 1364 2782 1434 Ouattro chiamate alla fine. Staseral !
1214 1384 1964 1438 la sun voce. Esile, biondiccio, riarsc,
1974 1405 2453 1472 lo spettacolo si replica.
1203 1434 1970 1487 sorridente, famelico, un po' superbo
2522 1432 2786 1528 r.
1207 1470 1971 1512 deila sua melliflua infarinatura cultu¬
2309 1457 2519 1533 —
1206 1508 1975 1560 rale, delle sue ideuzze male accozzate,
2064 1516 2781 1599 ALLA SCALA, so
1213 1550 1972 1591 staya tra il bene e il male, ignaro di
1209 1588 1968 1638 questo, incantato di quello. I.terpreta¬
1976 1582 2749 1667 La prima dei cPagliaccin.
1211 1620 1972 1680 zione nel senso pin alto della parola.
2107 1642 2569 1712 e di & Fiordisole)
1204 1654 1940 1715 II pubblico applaudi dopo ogfl. atto.
1984 1683 2793 1746 Questa sera, alle ore 21, avrà luogosp
1234 1697 1309 1749 I
1301 1685 1986 1751 pappagallo verde di Schmitzler 6
1219 1724 2726 1787 stato scritto nel '98. Ha fatto parte del ###annunciata prima rappresentazione
1204 1757 2786 1804 repertorio di tutti i grandi teatri. Baldei Papliacci di Leoncavallo e dello
1208 1795 2736 1857 noi fu annunciato ura quantità di -nuovissimo ballo Ffordisole di G. Cor¬
1985 1819 2800 1882 nali e F. Vittadini. La recita & asse-D
1211 1855 1967 1909 te, enon mai rappresentato. E’ und sin¬
1983 1870 2711 1919 gaata al turno B di abbonamento e
1209 1893 1973 1944 gelare composizione, in eui amste“,
1973 1901 2730 1943 lagli abbonati alle prime; e per essa
1212 1926 1964 1978 mnche — temi fondamentali del teat#e
1976 1935 2720 1991 continua al botteghino la vendita del
2715 1956 2811 2016 80
1968 1975 2473 2031 posti ancora disponibill.
1995 1973 2736 2054 Tanto 1' opera quanto il ballo sonol
1211 2003 1975 2062 co ingegnoso di finzione e di verltä.
1981 2032 2736 2086 stati concertati e saranno diretti dal
1211 2047 1976 2103 Personaggi di questa commedis sono
1978 2070 2814 2112 maestro Antonicelli; regista dell' ope-! Fo¬
1212 2087 1971 2131 attori che recitana, in und commelia
1972 2098 2739 2156 ra Mario Frigerlo e coreografo del
1207 2128 1974 2181 nella commedia, parif tremende, di Lan¬
1216 2127 2786 2213 guinari; ma gli orrori veri si insinna-Tbalio Nicola Guerra. I princlpali in-De
1975 2166 2800 2219 terpreti dei Pagliacci saranno: Rosettal Me¬
1221 2198 2812 2249 no tra quelli fluti, in modo da confon-pginpanini, Aureliano Pertile, Carlo) Rer
1210 2227 2819 2281 dersi, st che la Hnzione sembra a tratti Galeffl, Piero Biasini e Gino del Si¬ Een
1225 2262 2734 2320 realtà, e la realtà viele creduta fin-Ignore; esecutori principali del ballo:
1209 2301 2824 2376 zione. Un'alternativa e una sovrapposi-INives Poli, Regina Colombo e Genna- Re¬
2712 2334 2808 2389 Mi.
1983 2347 2197 2403 re Corbo.
1219 2354 1982 2399 zione simile si trovano gia ## una com¬
2712 2366 2820 2413 Nat
1217 2396 1980 2440 media del grande Corneille: E’illusion
1994 2377 2799 2457 Questa mattina al botteghino del Tea- all
1217 2431 1965 2476 comique, dove un padre, che non ave¬
1970 2418 2809 2488 tro, si é iniziata la vendita per la ter- Au
1218 2474 2811 2522 va, da un pezzo, pil notizie del äglioyza rappresentazione del Boris Godunosf Au
2726 2498 2783 2542 77
1221 2510 2734 2555 fattosi commediante, viene condotto aldi Mussorgsky, fissata per sabato sera
1226 2544 2845 2598 rivederlo e assiste trepidante e spa-16 corr., e assegnata agli abbonati del Cen
1215 2577 2258 2635 simande a vicende della sun vita, ####turno Ap.
2000 2567 2805 2643 L’opera, concertata e diretta dal mae¬ ###
1225 2619 1983 2667 scene- delle sue commedie; e non sa
1988 2620 2812 2693 stro Antonio Guarnieri, avrà i consueti Abt
1223 2660 1968 2708 quando patisca dolori reali, 0 quando
1990 2669 2748 2713 interpreti, fatta eccezione per la par¬
1222 2703 2813 2757 11 imiti e li declami in und scena im-te del protagonista che sard sostenutà F
1228 2731 1637 2802 parata a memoria,
1965 2728 2802 2784 da Eugenio Sdanoschi, in sostituzio- X
2722 2760 2813 2809 RC
1309 2754 1976 2823 II pappagallo verde # é una fosca
1985 2765 2536 2840 ne dello Zaleski indisposto.
1223 2802 1990 2870 taverna parigina che l’aufore immagina
2007 2806 2807 2868 Anche la terza rüppresentazione del- Cc.
1218 2850 1983 2897 esistesse negli ultimi anni dell’ancien
1988 2861 2809 2905 la Flamma di Ottorino Respighi & sta- Lie
1216 2886 1976 2943 régime, alla vigilia della rivoluzione.
1983 2889 2822 2941 ta seguita ieri sera con vivissimo in- be
1214 2936 2771 2984 L'azione del dramma é riportata pre-teresse e applaudjte con calore dal W
1227 2968 2724 3020 cisamente al giorno della presa della  pubblico che ha festeggiato alla ribal¬
2734 2988 2811 3039 Pe
2108 2992 2733 3050 macstro Marinuzzi, gli artisti
1991 3002 2113 3044 ta i1
1217 2995 1971 3060 Bastiglia. Come c’ernno fino a poco tem¬
2738 3031 2807 3072 90
1986 3029 2723 3075 principali: Gina Cigna, Ebe Stignani,
1217 3042 1977 3090 po fa (e taluno ce n’é ancora), a Mont¬
2725 3065 2781 3104 P
1215 3055 2732 3128 martre, dei #cabarets s dove canzonie-Elvira Casazza, Alessandro Vesselovski
2729 3098 2810 3139 0:
1215 3102 2360 3166 ried attöri prendevgno in giro e in-se Carlo Tagliabue.
2731 3128 2829 3179 Oe
1219 3146 2754 3213 sultavano, con stravaganza estrosa, i OLIMPIA. — Stasera, come si e det¬
1220 3194 2729 3243 frequentateri che si guardavano benelto, la Compagnia dei fratelli De Filip¬
1218 3229 2733 3291 dall’impermalirsi, per non diventare ri-Ipo dard una novitä: Gennareniello, un
1232 3260 2559 3319 dicoli, gesi al & Pappagallo verdes, se-Jatto di Edoardo De Filippo.
1999 3277 2732 3350 PUCCINI. — La Compagnia di Anna
1226 3305 1984 3365 condo T’immaginazione dello Schnitz¬
1231 3326 2743 3394 ler la nobiltà francese andava à cer- Carena annuncia per venerdi sera ia
1225 3351 2810 3434 car un po' di brivido-avanti lettern-TCommedia in un prologo e tre atti dilAi
1978 3395 2773 3451 Antonio Curti Füin d’ infe“#o, che da
1221 3431 2616 3480 granguignolesce, perche agli stipendl#molti anni non si rapn#ssenta.
2258 3468 2384 3512 —
2710 3441 2820 3524 9
1224 3463 1982 3513 di un oste furbo s’adunavano, la den¬
1229 3492 2749 3578 tro, comiei buonis cattivi, che si autes-Un’ opera inedita di Scarlatti
1225 3542 1992 3592 ginvano a furiosi criminali e deserl¬
2177 3551 2706 3600 Lione. 13 febbraio, notte.
1234 3581 1994 3633 vevano 1 loro furti, 1 loro omicidi, ag¬
2001 3579 2722 3637 II pianista Ennemond Trillat ha ri¬
1225 3623 2770 3680 Blungendo a questi racconti scenegsia-Joostitulto oggi un manoscritto inedito
1235 3665 2710 3707 t gli atteggiamenti truchlentt e le pa-del compositore italiano Scarlatti:
1227 3687 2806 3757 vole minacclose e feroci che giä riso-jmartirie di Sant’Orsola. Quest’opera, p.
1231 3737 2704 3781 navano nei elubs e al Palais Royal. Inscritta sotto forma di orutorio, er
1232 3766 2743 3814 realtà erano bravissima gente e di san-Istata eseguita dall’Accademia di Lione
1227 3805 2734 3855 Fue non ne nvevano Sparso mai nep-Fnei primi anni del XVIII secolo. II
1224 3830 2736 3900 pure una goccia; ma quando beffeggia-[Drof, benat, dell’Università di Cam¬
1230 3854 2755 3918 vanee ingiuriavano, con le parole del-Tridge, che ha esaminato questo pre¬
1231 3896 2738 3965 la rivoluzione, i signort e le dame cheZloso e probabilmente unico documen¬
2742 3902 2818 3968 1
1990 3920 2751 3982 4o che possieda la Biblioteca munici¬
1232 3962 2793 4026 accorrevano a vederli, solo quel signo-[pale di Lione, crede che esso dati dal
1236 3995 2729 4051 ri e quelle dame credevano che men-jprimo periodo di composizione del
1225 4042 2796 4099 tissero. L’odio del Terzo Stato fremevalgrande Italiano, e cioe dal XVII secolo.i
