3532 4256
513 167 650 232 Der
745 177 1346 245 ruene Kakadu
257 163 1346 276 9. 3 J 4eseeterereneeeeee
347 710 397 768 50
531 813 629 877 60
350 848 394 884 —
397 825 505 907 +
456 896 507 939 —
656 897 732 938 00
798 868 1503 965 KZONI. — Come & statd-sih
649 912 1477 992 #detke stasera la Compagnia Moissl,
537 935 622 996 —
742 949 1480 1033 Poon Vanda Capodaglio, rappresenta
743 980 1477 1058 due novità; Tutto il male vien di U.
344 1001 487 1081 8 #
745 1025 1475 1095 un attoe due quadri di Leone Tol¬
544 1045 593 1112 □
750 1060 1482 1127 stol; I pappagallo rerde, un atto di
734 1088 1114 1148 +Arturo Schnitzler
335 1075 403 1158 2
783 1124 1462 1201 ODTRLmpagnia De
736 1155 1464 1234 Fillppo darà Romani sera una novi¬
732 1197 1467 1277 tà: Gennariello, un atto di Edoardo
730 1233 985 1288 De Filippo.
874 1300 1339 1392 CANGERTI
1486 160 1912 270 box 15/4
1735 674 2544 812 LA SERA-MILANO
2260 778 2624 895 16 FEB. 935
2656 995 3110 1074 NOENT
1761 996 2580 1083 TEATRTDO.
2452 1086 3128 1164 dell’attore, Ma il padrone della tav.
2472 1148 3093 1195 na noné cosi tranquillo come
1756 1103 2457 1201 Tutto Il male Vien di II., dIl L. Tolstol
2465 1174 3096 1222 speitatori. Egli sa che 11 Duca
2464 1186 3149 1261 Cadignac é davvero l’amante dell't
1766 1187 2462 1294 ei poppegollo verde., dr d. Schn. tler
2467 1234 3152 1290 tice; e dubita che Henri non reci
2469 1265 3158 1328 ma narri il vero. Questo stato d’ar
1913 1274 2338 1341 al Manzoni
2456 1298 3135 1357 gosch di una parte dell’uditorio
1780 1325 2453 1385 La breve comfmedia di Leone Tol¬
2463 1345 3131 1390 quello di assoluta tranquillità
1749 1366 2448 1422 stoi con la quhle si inizio ieri sera
2467 1376 3178 1423 un'altra parte, costituisce un contra#
1752 1409 2443 1447 lo spettacolo fá parte da molti anni
2475 1413 2905 1459 sto assal interessamte.
1748 1438 2459 1487 del repertorio feuesco di Alessandro
2486 1446 3166 1494 Henri recitava davvero; ma le pa¬
1740 1464 2452 1517 Moissi. Lu figura del“e passante) che
2474 1479 3173 1523 role del proprietario e dei suoi com¬
1747 1505 2448 1554 in essa domina é unn delle piü note
2472 1517 3169 1567 pagni lo Mluminano cirea i rapporti
1742 1539 2455 1581 e celebrate interpretazioni moissiane.
2465 1552 3180 1595 del Duca con sun moglie, E quando
1734 1578 2440 1620 Abbiamo potuto convincersi come egil
2470 1584 3195 1632 11 gentiluomo si presenta, vivo e ver¬C
1750 1606 2439 1651 abbla perfettamente meritato il con¬
2468 1626 3172 1667 de, sulla scala della taverna, accol¬
1748 1637 2447 1687 senso che eftenne nei plü importanti
2469 1651 3166 1694 to dai sorrisi del pubblico, Henri
1732 1672 2402 1720 teatri del mondo, in quella parte.
2461 1685 3172 1744 gli si precipita addosso e gli planta
1780 1706 2449 1757 E' la commedia, una gentile espres¬
2471 1724 2913 1773 um pugnale nella gola.
1737 1745 2459 1786 sione poetica di delicati sentimenti
2478 1756 3162 1803 La Compagnia Moissi, sorretta e
1747 1775 2451 1820 umani. Spira in essa un senso di bon¬
2462 1794 3169 1839 guidata dalla regia di Guldo Salvi¬
1748 1811 2437 1847 ta, d’indulgenza, di pietà, di sempli¬
2467 1827 3172 1874 nl ha realizzato II pappagallo verde
1743 1848 2444 1887 cità e di schiettezza quasi primiti¬
2459 1862 3175 1905 ottenendo mirabill effetfl. Ci sono nel¬
1740 1879 2441 1915 va. Fu scritta, senza la pretesa di
2469 1893 3159 1938 la commedia elementl corali — la
1734 1912 2447 1948 comporre mr’opera teatrale destinata
2467 1935 3178 1970 rivoluzione che vittoriosn penetra nel¬
1744 1944 2441 1982 alla rappresentazione. Volle rivolger¬
2464 1963 3168 2009 la taverna, insinuandosi anch’essa
1745 1978 2446 2024 si il Tolstol ai suoj contadinb di Ja¬
2465 1996 3164 2039 nella rappresentazione, dopo aver tu¬
1748 2008 2449 2053 snafa Poliana, per ammonirli intor¬
2467 2025 3168 2068 multuato all’esterno — che sono statj
1744 2043 2443 2086 no al pericoli derivanti dall’abuso
2466 2062 3175 2105 rilevati in modo perfetto. Un’opera
1740 2077 2441 2116 delle bevunde alcooliche. Ammonimen¬
2464 2100 3163 2139 come questa presenta, per la sun rap.
1739 2112 2450 2162 to sereno, equilibrato, veramente pa¬
2464 2130 3160 2176 presentazione, grandi difficoltà. E'
1734 2145 2445 2193 terno. Nelle poche scene, ove si de¬
2457 2162 3167 2211 una specie di provn del fuoco per un
1732 2171 2443 2219 termina perd un ambieute e si mo¬
2467 2191 3165 2258 regista. II Salvini l'ha superata bril¬
1742 2209 2443 2260 strano, disegnati e ottimamente co¬
2467 2232 2702 2283 lantemente.
1744 2241 2448 2287 loriti, dei caratterl, com un sicuro
1745 2281 2449 2322 effetto di suggestione ottenuto con
2492 2253 3159 2317 Non soltanto 11 Moissi é stato in¬
1749 2308 2443 2350 un'arte purissima, si assiste ad una
2464 2305 3169 2351 terprete eccellente della parte di Hen¬
1755 2349 2441 2395 piccola vicenda il cul significatoe
2465 2342 3166 2391 rl, specie quundo egli ci mostra la
1740 2375 2353 2429 #tuttavia chiaro e commovente.
2445 2357 3168 2424 chiarità della sua anima entusiasta;
1767 2425 3154 2459 In una isba della campagna russa ma tutti gli attori, tuttl senza ecce¬
2464 2445 3163 2491 zione, hanno cooperato al vibrante
1739 2449 2433 2501 urriva ed é ospitato un vagabondo
2457 2466 3161 2523 successo. Da ditarsi all’ordine del
1747 2484 2441 2526 che un tempo fu operalo, il quale &
2456 2500 3164 2557 glorno: le signore Capodaglio, Fab¬
1748 2510 2452 2566 stato travolto, secondo egli stesso di¬
2457 2547 3165 2584 bri, Da Regxio, Campa, Pescele. Cec¬
1750 2554 2444 2598 c0, dalla passione del bere, Tipo ca¬
2458 2580 3159 2624 chi; e Dio Campa che era 11 caratte:
1739 2576 2450 2632 ra#teristicoe quanto altri mai inte¬
2461 2608 3159 2660 ristico proprietario del Pappagallo
1736 2615 2437 2661 resrante. E' umile, ossequioso, quasi
2460 2625 3163 2694 verde, il Beltramo, il Cecchi, lo Sce¬
1742 2653 2440 2691 strisclante. E se le sue parole denun¬
2448 2672 3023 2723 pl, 11 Torrini, 11 Tamberlani.
1732 2679 2437 2733 cianc quulche vaga aspiraza ue rivo¬
2479 2683 3158 2749 Cosi la commedia di Leone Tolstol
1734 2709 2446 2758 luzionaria, pure ei accorgiamo subito
2464 2743 3162 2793 come quella di Schnitzler furono alla
1745 2750 2444 2791 che slamo di fronte ad un uomo mi¬
2447 2772 3164 2825 fine ripetutamente applaudite, Ambe¬
1735 2788 2439 2833 te, incapace di far male a chicches¬
2459 2811 2988 2866 due si replicano da stasera.
1746 2819 2440 2855 sia: un debole, uno sperduto, ma in
3039 2844 3124 2893 .L.
1723 2845 2454 2900 fondo una buona creatura, Della ena
2701 2856 2870 2926 * **
1730 2876 2447 2932 bontà egli dà prova quando s’inter¬
1718 2916 2443 2968 pone in una lite fru maritoe mo¬
2484 2916 3164 2962 Le recite di Alessandro Moissi ter¬
1732 2950 2440 2991 glie, suol ospiti; ed é disposto a pren¬
2457 2962 3175 3007 mineranno luredi 18 febbraio. A que¬
1739 2981 2440 3024 dersi le botte che il marito sta per
2449 2981 3163 3028 sta Compagnia succederà quella di
1739 3015 2436 3061 far cadere sulle spalle della sun
2451 3016 3163 3073 Ruggero Ruggeri, che promette due
1734 3059 2442 3102 compagna. Ma questo non impedisce
2458 3055 3150 3103 novità: L'Areidjgvolo, favolu tragl¬
1738 3089 2427 3129 che ai suol benefattori egli arraffl. di
2457 3093 3155 3133 comica in tre atti di Gherardo Ghe¬
1734 3114 2435 3158 potte, zucchero e thé, svignandosela
2457 3124 3156 3171 rardi; I Messaggero, commedia in
1744 3150 2431 3193 pol piü che in fretta. Egli, poco pri¬
2455 3152 3100 3217 quattro atti di Enrico Bernstein,
1737 3189 2436 3241 ma, raccontando per accenni la sun
1745 3216 2450 3274 vita, non aveva mancato di avverti#e
1745 3253 2441 3298 che dopo aver bevuto gli si manife¬
1744 3282 2457 3331 stava ij malo istinto di portar via¬
1741 3316 2461 3378 la robh degli altri. Ecco dunque, ind
1736 3349 2173 3406 atto, il suo racconto.
1769 3366 2446 3430 Ma quando egli vien ripreso, con la#
1736 3419 2448 3462 refurtiva in tasca, e per il suo at¬
1738 3450 2438 3499 teggiamento perdowato, non pud ac¬
1737 3484 2431 3525 cettare la generosità degli ospiti 1
1738 3518 2449 3571 quali vogliono che egli tenga, per 11
1738 3552 2449 3605 viagglo lo zucchero e 1l thé rubati.
1724 3583 2437 3630 Restituisce, pentito, il mal tolto, pa¬
1727 3633 2452 3690 go del perdono accordatogli in nome
1744 3658 1948 3706 1 Cristo.
1757 3684 2444 3742 Raccontata cost la commedin per¬
1732 3728 2440 3781 de ogni suo sapore. Ma come 11 Tol¬
1735 3767 2444 3810 stoi Tha serittg e la Compagnia Mols¬
1737 3797 2452 3833 si rappresentata, é uun delizia, ler¬
1730 3826 2458 3876 sera non soltanto il protagonista fu
1735 3854 2461 3916 attore di gran classe, ma anche tutti
1731 3897 2455 3945 gli altri — la signorina Fabbri la
1743 3923 2445 3974 signora Capodaglio, i1 Torrini, il Bel¬
1741 3964 2442 4006 tramo — recitarono con perfetto stile,
1742 4000 2446 4051 In un qundro d’impeccabile e squlsi¬
1735 4032 1987 4075 ta armonin.
2038 4059 2184 4117 * * *
1772 4097 2441 4151 Il Pappapallo rerde rappresenta
