3436 4192
846 112 2096 155 das ist ein unmoralischer Antor. Sie genießen mit Vergungen die
837 147 2115 196 schlüpfrigsten Ehebruchskomödien, wenn sie sehen, man will sie nur
837 189 2112 240 titzeln und amüsieren: sie sind aber moralisch indigniert, wenn die
834 230 2110 280 Sache einen ernsteren Hintergrund hat, wenn man an dem schön
839 269 2017 320 drapierten Faltenwurf des zur allgemeinen Bürgeruniform
2018 277 2080 332 ge
835 315 2117 396 hörigen Tugendmantels rührt und die Hülle etwas zu lüften
828 358 1022 427 versucht.
956 406 2098 464 Da haben wir gleich das erste Stück, den „Paracelsus“
832 451 2113 508 An sich vielleicht nur eine niedliche Kleinigkeit. Etwas befremdend
841 490 2109 555 vielleicht durch die Einführung des Hypnotismus und der Sug¬
837 535 2109 594 gestion, nicht deshalb etwa, weil man zweifelt, ob zu Paracelsus
834 576 2120 629 Zeiten derlei bekannt und möglich war, sondern weil die Meisten
833 622 2110 681 in derlei animistisch=spiritistischen Dingen auch heute noch sich
833 668 2113 727 skeptisch verhalten. Aber gerade dort, wo die Möglichkeit eines
837 727 2112 769 Fehltrittes in die Seele einer als brav und tugendhaft geschilderten
839 761 2104 804 Frau hereinlugt, gerade dort liegt im Stück der gesunde, ja mora¬
829 803 2120 865 lische Kern des Ganzen. Nicht jene Stelle meine ich, wo Justina
839 846 2116 892 im Banne der Hypnose sich fälschlich begangener Untreue zeiht:
841 891 2110 948 dessen bedarf der Dichter nur als Folie für die zweite Suggestion,
838 932 2119 985 für die zwangsweise Erschließung der Seele zur Wahrheit. Aber
833 974 2105 1031 wenn wir einmal tugendhaft gehandelt haben, so sind wir so hoch¬
837 1020 2119 1064 müthig, dass wir in dem ausgesprochenen Gedanken, es hätte auch
835 1063 2115 1105 anders kommen können, eine Beleidigung erblicken. So tief steckt
828 1110 2118 1161 die Freude an der äußeren Werkheiligkeit in uns, dass wir unsere
836 1154 2121 1208 Tugend nur als unser Verdienst betrachten und nichts davon hören
826 1196 2108 1242 wollen, dass Erziehung, Umgang, tausend Aeußerlichkeiten an ihr
835 1242 2123 1297 Theil haben, dass es vielleicht nur eines Zufalles bedurft hätte, sie
833 1276 2127 1333 kläglich zu Fall bringen. Wo ist der Mensch, der so vermessen sein
835 1328 2120 1387 darf, zu sagen, er wäre unter allen Umständen gut und ehrlich
829 1371 2102 1417 geworden, die Frau, die behaupten kann, sie wäre bestimmt tugend¬
838 1416 2103 1455 haft geblieben, auch wenn schon dem Kinde Laster und verderb¬
831 1453 2123 1511 liches Beispiel täglich nahegetreten, dem heranwachsenden Mädchen
839 1507 2110 1547 Noth und Verführung auf jedem Schritt begegnet wären? Und so
833 1546 2123 1603 ist es genug Ehre für die Frau, dass sie gekämpft und gesiegt hat,
825 1593 2116 1640 der Dichter erniedrigt sie nicht, wenn er uns andeutet, sie hätte
824 1639 2117 1696 wohl schließlich unterliegen können, falls weitere Versuchung ihr
835 1685 2118 1722 nicht erspart geblieben wäre, er zeigt uns nur, in das innere der
841 1726 2121 1775 menschliche Seele hineinleuchtend, einen echt menschlichen Zug, den
838 1770 2108 1816 unserer Schwäche, einen Zug, auf dem auch hervorragende Reli¬
832 1810 2110 1878 gionssysteme aufgebaut sind, und den zum künstlerischen Motiv zu
834 1862 2119 1910 nehmen wir sittlich nennen dürfen, wenn auch die Handlung, die
837 1904 1769 1945 als möglich angedeutet wird, eine unsittliche ist.
952 1925 2120 1997 Am meisten Erfolg von den drei Dramolets hatte das zweite,
851 2001 2128 2054 Die Gefährtin“ Mir hat es am wenigsten gefallen. Zwei edle
834 2026 2116 2092 Naturen sind zwei gewöhnlichen, oder wollen wir annehmen, zwei
833 2088 2123 2137 ungewöhnlich niedrigen gegenübergestellt: der Gattin und dem
826 2132 2120 2180 Freund, die mitsammen durch Jahre den Gatten betrügen, aber
818 2169 2106 2221 Inicht durch eine große, innere Leidenschaft unserer nächsichtigen An¬
823 2209 2108 2281 #theilnahme nähergerückt, sondern durch die Sinnlichkeit zusammen¬
832 2259 2105 2311 geführt, in brutaler Gewohnheit den sträflichen Verkehr fortsetzend.
829 2303 2120 2352 Der Liebhaber ist seit langem heimlich mit einer anderen verlobt:
839 2342 2120 2400 heimlich vor dem Gatten, aber nicht vor der Frau; denn die weiß
825 2387 2118 2429 alles, sie findet auch gar nichts dabei, sie hat das Verhältnis fort¬
829 2436 2113 2485 gesetzt und wäre wohl bereit gewesen, ruhig aus dem einfachen Ehe¬
835 2479 2116 2528 bruche in den doppelten überzugehen — wenn sie nicht zufällig
828 2528 2097 2577 ein frühzeitiger Tod um den Genufs dieses Doppel=Raffinates ge¬
825 2559 2105 2606 bracht hätte. Man sage nicht, das gibt es nicht: ja, das gibt es.
830 2605 2114 2670 Aber etwas anderes gibt es nicht, nämlich einen solchen unglaub¬
837 2660 2111 2710 lichen Esel wie den Professor Robert Pilgram, der gewusst hat,
829 2698 2118 2747 dass sein Assistent seine Assistententhätigkeit auch auf die Gattin
834 2739 2115 2792 des Chefs ausdehnt, der sich das ruhig gefallen ließ, der noch den
828 2790 2111 2841 armen Mann, dem der Tod sein Alles entrissen hat, im Hergen
830 2828 2116 2890 tief bedauert, der bereit war, den Aermsten auf den Friedhof
827 2873 2108 2937 zu geleiten und ihn in seinen Armen aufzufangen, wenn er
834 2932 2115 2978 vor Schmerz zusammenbricht — und der ihn jetzt (ach, so viel
827 2968 2104 3015 zu spät!) entrüstet hinauswirft, weil er sich einbildet, der
830 3012 2115 3075 Liebhaber habe seine Frau betrogen! Nein, einen solchen
824 3054 2110 3115 Schafskopf gibt es nicht, und wenn, dann wollen wir ihn
825 3110 2109 3156 nicht als großdenkenden, edlen Mann, sondern eben als Schafs¬
811 3145 2120 3202 Lkopf-geschildert sehen und über ihn lachen. Wenn ihm dies
824 3190 2118 3259 erspart blieb so ist das wohl nur ein Beweis für die große
837 3238 2121 3285 Darstellungskunst der Schauspieler, Sonnenthals, Zeskas und
830 3285 2106 3336 der Bleibtren. Hinsichtlich der letzteren sei hiemit übrigens con¬
837 3334 2113 3393 statiert, dass sie noch am Leben und noch am Burgtheater ist, eine
850 3381 2122 3448 Areuliche Thatsache, auf die man in den für die Rollenaustheilung
823 3418 1946 3472 maßgebenden Kreisen schon fast vergessen zu haben schien.
949 3468 2121 3518 Nicht ohne Widerspruch blieb das dritte Stück „Der grüne
831 3507 2117 3559 Kakadn“. Und doch dürfte es weitaus das bedeutendste von den
828 3540 2116 3599 dreien sein. Es ist nicht nur mit meisterhafter Technik gearbeitet,
838 3594 2129 3649 es enthält nicht nur scharf charakteristische Typen und eine starke
833 3632 2124 3684 dramatische Steigerung, durch das Ganze geht auch ein gewaltiger
845 3680 2123 3738 Zug von einem fast wilden Humor, den man Schnitzler gar nicht
833 3724 2116 3781 zugetraut hatte, und es leuchtet aus der Groteske mancherlei heraus,
830 3778 2120 3825 auf das ich aber jene, die es nicht von selbst verstanden haben, nicht
838 3818 2124 3864 erst aufmerksam machen möchte. Denn verstanden scheinen das Stück
843 3854 2111 3916 nicht alle Leute ganz zu haben, weder vor der Aufführung, noch
826 3904 2116 3956 bei derselben. Am besten vielleicht jene, die sich eines gewissen unan¬
836 3944 2120 4002 genehmen Gefühles in der Gegend des Halses durch Zischen zu ent¬
831 3986 1156 4044 ledigen suchten.
949 4018 2107 4075 Der „grüne Katadu“ ist eine Schenke, in der der verehrliche
846 4065 2103 4125 französische Adel lin de sieele (natürlich XVIII. sich von Komö¬
843 4116 2112 4166 dianten eine Diebs= und Mörderspelunke vorspielen lässt. Aber der
2329 134 2515 180 a
