3484 4256
1312 195 2024 320 II. LAVORO· GE
1462 290 1810 380 8FEB. 1935
1341 420 1473 467 #ens0
1805 420 2532 515 F PAGANINI „
1467 491 1519 536 2
1499 601 2932 689 Tade K nidie Vene Gr n, Gi E. Toistoa
1341 680 2935 825 e* pappagalo verde, di A. Schnitzlerist
1471 870 2859 929 La breve stagione della Compagniacommedia improvvisando colluttazio¬
2857 881 2955 958 10
1427 901 2151 959 di Alessandro Moissi -Vanda Capoda¬
2169 916 2861 963 ni, violenze, situnzioni da suburra,
1438 940 2142 997 glio, volge ormai al suo termin¬
2160 957 2859 1014 colla complicità ed il concorso di don¬
1449 981 2147 1038 Quella di ieri fu la terza e penultim
2170 997 2708 1043 ne da trivioe di malnffare.
1452 1023 2160 1062 recita e stasera Moissi salutera i
2180 1021 2866 1094 Tra.., gli attori stipendiati dal pro¬
1447 1053 2147 1110 pubblico genovese che non dimenti¬
2154 1068 2862 1123 prietario de Il pappagallo verde 6
1372 1092 2148 1138 delscherà certo le sue belle interpretazio
2156 1118 2868 1164 Henry che ha sposato il giorno prima!
1379 1134 2154 1182 da ni. L’interessantissimo attore si ad¬
2159 1148 2861 1217 Laocadie di professione.,, dunzutrico
1361 1170 2607 1225 agi-Idimostro artista veramente superb)j puda al Palais Royal.
1362 1214 2163 1268 nte jed ecclettico e con eguale efflcacia
2176 1217 2952 1282 Hleury e nel suo genere un grande##
1363 1247 2141 1298 ad-Frappresento Osvaldo negli =Spettrig
2165 1255 2877 1315 attore e mentre sond, n ala barncen.
1365 1294 2145 1337 uniAmleto, leri sera pol sostenne due
2168 1298 2859 1360 radunati numerosi autorevoli spetta¬
1385 1331 2142 1377 disparti completamente diverse: quella
2166 1345 2865 1405 tori, duchi, visconti, marchesi, entra
1359 1371 2154 1430 aceldi un passante in • Tutto il male
2161 1371 2867 1436 ansante ed eccitato raccontando di
1356 1409 2153 1455 iea-viene di li- di L. Tolstoi, e di Henry
2165 1424 2872 1471 avere trovato Leocadie nelle braccial
1466 1446 2142 1506 ne II pappagallo verde. di A.
2155 1453 2863 1511 di Emilio duca di Cardignace di aver¬
1451 1474 1686 1527 Schnitzler.
2155 1489 2861 1552 lo ucciso. La scena venne recitata be
1479 1520 2142 1564 Due lavori che interessarono viva¬
1352 1534 1405 1586 ∆
2162 1538 2856 1580 ne da Heurye con tale accento di ve¬
1439 1556 2147 1616 Imente e furono applauditi con grun¬
2155 1575 2857 1641 rita da strappargli gli applausi degli
1466 1594 1667 1646 de calore.
1362 1587 1457 1664 as-
2154 1615 2342 1670 astanti.
1477 1622 2153 1683 Nella commedia di Leone Tolstoi
2187 1641 2875 1715 Ma egli cerca di persuaderli che
1462 1649 2166 1729 si assiste ad una sccna carutteristica
1357 1686 1455 1736 one
2162 1696 2864 1754 l’uccisione fu vera, che egli non re¬
1473 1708 2144 1764 n undisba della campagna russa.
2165 1739 2857 1796 cita. Etutti, di fronte alla serjetà del¬
1444 1733 2142 1800 Tutta l'anima popolare russa & mani¬
2164 1779 2854 1835 la sun affermazione finiscono per cre¬
1452 1784 2152 1829 festata in questo breve atto: troviamo
2158 1816 2318 1868 dergli.
1449 1828 2153 1877 Ie donne pazienti, laboriose, lavora¬
2179 1840 2863 1913 Ma come, esclama l’oste, non sape¬
1446 1863 2154 1916 triei, battute e maltraitate ma che
2163 1892 2857 1938 va lleury che il Duca di Cardignac
1456 1898 2160 1948 s’acquetano e sorridono ad un ab¬
2156 1930 2854 1987 era l’amante di Leocardie? Se 1o su¬
1448 1933 2155 1985 braccioe ad una carezza, gli uomini
1386 1950 1448 2005 la
2158 1972 2432 2032 pevano tutti!
1465 1978 2149 2026 violenti e beoni, i derelitti che non
1369 1997 1450 2051 ata
1452 2017 2150 2064 si lamentano della loro sorte, coms
2180 2004 2868 2085 Henry rimane interdetto! Leocardie
1365 2036 1441 2093 10:
1460 2045 2150 2098 se a loro non fosse dato che di sof¬
2157 2060 2855 2110 era l’amante del duca? Egli lo ignora¬
1365 2072 1443 2130 e)
1447 2091 2153 2135 Ifriree di essere sfruttati. Costoro
2163 2101 2861 2157 va completamente. II racconto dell’uc¬
1449 2129 2146 2178 sono rappresentati da un passante.
2163 2137 2863 2196 cisione del duca non ern altro chei
1434 2166 2142 2222 lacero e stracciato che anela alla li.
2147 2164 2849 2246 rappresentazione, faceva parte de
1448 2201 2146 2254 berta, ma finisce spesso in prigione,
2163 2215 2395 2265 sno ruolo.
1367 2219 1446 2266 Do¬
1455 2247 2143 2307 che accoglie con remissività ogni in¬
1417 2260 1453 2293 a-
2178 2233 2860 2310 Dopo poco infatti nell’osterin entra
1458 2279 1982 2330 sulto ed ogni improperio.
2164 2279 2867 2350 II Duca di Cardignac e llenry arma¬
1467 2309 2136 2360 II passante ha il candore del fan
2144 2333 2870 2400 Itosi di un coltello lo uccide, ma questa
1456 2355 2140 2407 ciullo; é un poeta, commisera i po
2148 2369 2517 2426 volta per davvero.
1377 2389 2148 2449 Tin-Iveri ed i deboll. E quando questi so
2168 2396 2857 2475 E cosi finisce l’interessunte grotte¬
1459 2435 2143 2486 no calpestati insorge e li difende a
2153 2442 2496 2501 sco di Schnitzler.
1359 2457 1452 2515 ora
1366 2469 2142 2528 di-Costo della sua incolumità personale.
2184 2470 2874 2543 Auche in questo lavoro il Moissi fu
1386 2507 2141 2559 co-[Ando il passante recentemente in gat
2150 2512 2864 2582 di un'efficacia grandissima e riscosse
1446 2544 2135 2611 tabnia non per furto ma.,, per espro
2149 2569 2856 2608 i pin calorosi applausi. Venne evorato
1416 2585 1957 2653 priazione, come dice lui.
2150 2606 2868 2666 alla ribalta numerose volte insieme al
1465 2610 2140 2673 Ed é tanto inveterato il vizio del
2153 2640 2869 2697 bravo Pio Campa, al Bertramo, alla
1455 2660 2143 2713 passante di., espropriare che ruhn
2151 2686 2857 2744 Capodaglio, a Elfi Pescele, ed a tutti
1364 2695 1431 2734 eg
1454 2700 2143 2747 un po' di zucchero e del te a colo¬
1359 2723 1441 2783 hie¬
2147 2734 2796 2779 i componenti la buona compagnia.
1449 2740 2147 2780 roche lo avevano ospitato e sovven
2170 2753 2860 2823 Stasera ultima recita con Il cuda¬
1364 2768 1451 2820 mo¬
1455 2779 2153 2826 zionato. Fugge ed é ripreso. Sta per
2152 2805 2659 2862 vere vivente di L. Tolstol.
1355 2808 1450 2853 Ca¬
1456 2813 2143 2859 essere colpito con pugni e calei, ma
1364 2844 1445 2880 ver¬
2710 2819 2823 2907 t. c.
1462 2855 2142 2903 si ha compassione di Jui e gli vien?
1361 2870 1449 2933 lire
1446 2879 2152 2942 regalato lo zucchero ed il té dei
1375 2923 1427 2964 8c
1371 2925 2143 2995 ele.[quali si era appropriato. Ma il pas
1375 2965 2146 3031 sisante, daventi a questo alto genero¬
2183 2917 2848 3034 la Compagala inglese F. Stitling
1438 2999 2151 3051 180, é umiliato. Attendeva la punizio¬
2172 3022 2861 3094 Con la rappresentazione di questa
1362 3041 2149 3090 veriine e se la sarebbe meritata! Invece
2137 3056 2855 3119 sera, giovedi, terminera le sue reci¬
1373 3076 2024 3139 138Isi ebhe il perdono e un dono!
2155 3093 2857 3166 te u questo teatro la Compagnia
1359 3106 2130 3169 dal- In questo finale vi & tutto Tolsto
2149 3138 2855 3191 Moissi-Capodaglio, che därd ell ca¬
1376 3155 2139 3217 or-Tcolla sua filosofia fatta di compassio
2148 3177 2846 3227 davere vivente , 10 qundri di L. Tol¬
1347 3186 1449 3231 ena
1448 3201 2128 3239 ne per tutti i poverie per tutti i d?
2144 3223 2842 3278 stoi. Le succederà da domani, vener¬
1455 3238 2135 3291 linquenti che sono spesso ginstiflcati
2151 3254 2855 3317 di, la compagnia inglese di Edward
1467 3270 2139 3322 Tutto il male viene di lil dalla
1353 3281 1448 3326 alu¬
2151 3294 2851 3362 Stirling che rappresenterüe The soul
1455 3305 2134 3357 vodka che rende violenti ed abbrut
2150 3331 2590 3384 of Nicholas Snyders .
1353 3313 1437 3378 lara
1453 3345 2142 3398 tisce. Ma la vodka é anche il sollievo
2167 3360 2861 3420 La compagnia inglese di Edward!
1444 3390 2136 3447 per tanti disgraziati e paria della
1348 3396 1441 3432 uar¬
2145 3408 2845 3457 Stirling (and The English Player's)
1347 3426 1440 3474 916
1449 3428 1607 3488 societü.
1358 3455 1445 3495 #g10-
2134 3435 2851 3504 hon e nuova a queste scehle, dove
1353 3478 1450 3526 utti
1465 3464 2134 3529 Alessandro Moissi diede della parte
2143 3487 2835 3531 nei precedenti debutti riportó sein¬
1456 3510 2135 3575 del passante un'interpretazione gran¬
2153 3519 2845 3568 pre vivo successo, destando vivissimo
1358 3546 1434 3579 Ove
1450 3556 1725 3611 de e superba.
2145 3549 2851 3611 interesse, per le sue esecuzioni, e per
1350 3571 1443 3624 film
1465 3573 2134 3647 Le chiamate e gli applausi non si
2143 3589 2847 3646 i lavori interpretati, fra cui ricordia¬
1358 3631 2133 3693 Og-contarono tanti furono ed insistenti.
2151 3641 2847 3687 mnd #II Grande Viaggio;, che per
1464 3668 2139 3737 E passiamo à I pappagallo verde di
2142 3670 2842 3741 prima rappresento in Italia, nella o¬
1453 3699 1684 3762 Schnitzler.
2149 3710 2634 3763 riginale edizione inglese.
2161 3731 2793 3804 Nelle tre rappresentazioni darà:
1476 3747 2058 3795 Atto originalee caratteristico.
1470 3757 2151 3849 Rt pappagallo perde é il nome di
2163 3771 2857 3853 Venerdi 1.0 marzo: 4 The soul of
2152 3825 2838 3874 Nicholas Snyders=; indi = The impor¬
1433 3830 2149 3879 Tuna gargotta nella quale si danno
2142 3866 2842 3913 tance of Being Earnest s. e infine
1442 3867 2131 3907 convegno nobili che si godono ad us¬
1441 3905 2137 3954 sistere a scene che essi credono verc.
2145 3903 2835 3959 Lover’s Leape, connnedia che per
1440 3940 2144 3994 Uinentre sono artificiose, di delinquenti
2173 3942 2841 4008 1 prima volta viene presentata fuori
1428 3974 2403 4049 o pseudo delinquenti che fanno la, Vinghilterra.
