3484 4480
1922 172 2388 252 box 16/1
180 178 1776 274 9.4. Der gruene Kakaqu Zyklus
710 352 1107 419 Telefon 12801.
2176 381 2587 449 Telefon 12801.
411 457 1425 520 Unternehmen für Zeitungs-Ausschnitte.
1884 468 2883 560 Unternehmen für Zeitungs-Ausschnitte.
1297 508 1471 584 Ausschnilt
2771 516 2963 602 Ausschnilt
573 532 1227 665 „OBSERVER“
1304 556 1597 669 Nr. 26
2054 558 3074 697 „OBSERVER“ Nr. 18
179 659 1629 722 I. österr. behördl. conc. Bureau für Zeitungsberichte u. Personalnachrichten
1655 687 3117 776 I. österr. behördl. cone. Bureau für Zeitungsberichte u. Personalnachrichten
373 739 1450 799 Wien, IX/1, Türkenstrasse 17.
1853 743 2951 843 Wien. IX/1. Türkenstrasse 17.
586 815 1251 893 Filiale in Budapest: „Figyelé“
2072 834 2722 929 Filiale in Budapest: „Figyeló“
278 872 1542 969 Vertretungen in Berlin, Chicago, London, Newyork, Paris, Stockholm.
1759 905 3026 976 Vertretungen in Berlin, Chicago, London, Newyerk, Paris, Stockholm.
185 1001 1433 1106 Ausschnitt aus: Kcrticer Aeritane
1668 1039 2203 1126 Ausschnitt aus:
2238 1040 2476 1145 Lolpen
191 1152 528 1262 vom 2/6
1684 1186 2040 1284 vo 3
508 1190 1033 1324 O
2335 1239 2744 1391 21—
484 1392 1522 1484 Leipzig, 2. Oct. Erstaufführung von Arthur
316 1454 1498 1514 Schnitzler's Einactern „Paracelsus“, „Die Gefährtin“
2221 1462 2600 1555 Theater.
326 1506 1312 1575 und „Der grüne Kakadu“ im Neuen Theater.
1306 1515 1516 1567 — Die so¬
2051 1509 2868 1617 K Schnitzlers neue Einacter. 2##
324 1538 1515 1620 genannten Einacterabende zählen nicht immer zu den Lockspeisen
321 1592 1512 1652 unseres Stadttheaters. Es ist meist ein undankbares Geschäft,
1810 1573 3015 1655 Paracelsus. X Die Gefährtin. — Der grüne Kakadu.
322 1628 1520 1706 verschiedene dramatische Köpfe unter einen Hut bringen zu wollen.
1829 1637 3058 1696 Arthur Schnitzler, der gefällige Plauderer, der das Salongespräch
330 1679 1524 1729 Für den gestrigen Abend hat der Dichter dem Regisseur die
1757 1676 3064 1733 bülsuenfähig gemacht hat, kommt uns diesmal mit tiefer Weisheit. Wie er
330 1732 1512 1790 Arbeit abgenommen und Schnitzler's Einacter haben den seltenen
1775 1723 3046 1785 im Leben Arn ist so will er auch in der Welt des (scheins ein Heil¬
2108 1760 3046 1819 ein Arzi der Seele. Was wir im Leben treiben, ist
314 1757 1506 1844 Vorzug, daß sie zusammenwirken wie ein Stück aus einem Guß.
1764 1775 2096 1830 kundiger werden¬
1775 1797 3052 1861 alles Spiel, klug aber ist nur der, der du weiß, daß wit immer spielen,
324 1816 1510 1878 Nicht etwa, daß in allen Stücken eine einheitliche Idee conse¬
1773 1841 3048 1897 den die Erfahrung gelehrt hat, daß Traum und Wachen, Lüge und Wahr
323 1854 1525 1925 quent durchgeführt wäre — den Versuch, durchweg eine Variirung
1776 1874 3072 1938 heit ewig ineinander fließen. Wer sich dessen stets bewußtrist, wer sich aus
322 1904 1504 1966 des Themas der ehelichen Untreue zu finden, halte ich für ein¬
1770 1916 3077 1963 dem Banne des Einen wie des Andern zu befreien weiß, wer weder im
319 1943 1509 1999 seitig und gewaltsam und man wird von diesem Standpunkt aus
1770 1958 3067 2021 Traume aufgehl, noch von der Wahrheit sich bedrucken läßt, nur der ist
306 1990 1507 2048 den Schönheiten der Dichtungen nie in voller Weise gerecht
1773 2001 3073 2063 glücklich, mui der wird weder das O# des Traumes und der Lüge, noch
312 2035 1512 2098 werden. Es herrscht vielmehr in diesen Einactern eine wunderbar
1777 2034 3062 2088 des Wachens und der Wohrheit werden. Vorsichtig wied er in Beiden sich
1776 2073 3069 2129 bewegen, er wird die Gefälliokeit des Spiels genießen, ohne sich durch die
318 2082 1504 2130 fein durchgeführte Einheit der Stimmung, die sich am besten der¬
1771 2121 3060 2186 Grausamkeit der Wahrheit, die mt Naturnothwendigkeit der Lüge folgi,
317 2128 1511 2185 jenigen in einer mehrtheiligen Symphonie vergleichen läßt. Leicht
1766 2164 2149 2224 vernichten zu lassen.
323 2173 1513 2235 und graziös setzt das Spiel ein im „Paracelsus“. Der Hörer
1847 2179 3071 2247 Cuprian, der biedere Waffenschmied, vertraut blind der Treue seines
321 2214 1501 2279 wird sachte angeregt und durch allmälige Beimischung ernsterer
1765 2235 3056 2297 Weibes, und in hochfahrender Sicherheit führt er selbst den Gaukler Para¬
316 2240 1500 2308 Gedanken auf die dumpfe tragische Stimmung, die in der „Ge¬
1784 2269 3070 2332 #reiius, den ehemaligen Verehrer seiner geliebten Juffina, in sein Haus, um
318 2294 1500 2361 fährtin“ herrscht, vorbereitet. In diesem Mittelstück mit seiner
1779 2325 3054 2380 sihn geflissentlich und herausrordernd zu beleidigen und zu kränken. Da¬
322 2342 1502 2412 breiten Seelenmalerei liegt jedenfalls der Schwerpunkt des Ganzen,
1867 2370 3062 2415 tsich der verletzte Suengali, versetzt Justina, die von seinen Blick#
314 2375 1498 2449 das dann in den kräftigen Accorden des „Grünen Kakadu“ in
2630 2391 3067 2451 be den schmucken Junker
1771 2398 2391 2458 behennt ist, in Hupnese und rebet
321 2418 1514 2494 dem die Tragik der Groteske weicht, einen gelungenen Abschluß
1779 2431 3058 2489 Anselm und habe sich von ihm verführen lassen. Din Smundeendet
1842 2472 3059 2532 Justina von # Getten ab. und zief unglücklich fleht dieser den
322 2474 1579 2554 findet. Ich darf den Inhalt der drei Stücke als bekannt voraus=zie
185 2482 294 2539 Für
1720 2506 3095 2573 F#rayrenden Seelenkünstter an, das Gewebe der Lüge, den vermaledenen?
311 2522 1542 2590 setzen, sie haben längst anderwärts die Bühnenprobe bestanden,.
1741 2556 3081 2618 „ Zauber wieder zu vernichten. Paracelsus aber nimmt den einen Bann
271 2570 1589 2623 2 und wenn sich entgegen dem kräftigen Beifall nach den beiden bar
1742 2603 3070 2650 „ wieder von Justina, um sie in einen andern zu versetzen — in den Bann
277 2610 1589 2675 5 ersten Ststten am Ende des Abends die Zischer bemerkbar machten, raus.
1755 2607 3130 2689 „ der Wahrheit. Und nun plaudert Justina mit erschreckender Wahrheits=ss.
312 2645 1515 2719 so darf man ihren Unwillen wohl nur dem etwas derben
1764 2671 3070 2737 liebe ihre intimsten Gedanken aus — wie sie früher Paracelsus geliebt und
314 2690 1630 2756 Stoff des „Grünen Kakadu“ zuschreiben, nicht aber darinist das
3075 2692 3174 2752 das
1789 2716 3069 2766 wie sie jetzt dem schmachtenden Junker bald zum Opfer gefallen wäre,
3071 2737 3166 2800 den
190 2733 1630 2794 Abon eine Ablehnung der Schnitzler'schen Kunst im Allgemeinen es den
1782 2762 3060 2811 kurz wie sie gesündigt habe in ihrem Herzen. Fast erscheint im Spiegel dieser
206 2770 1510 2849 Abon erblicken, und ebensowenig eine Verurtheilung der hie
1782 2792 3067 2845 Wahrheit auch der lügenhafte Traum als Wahrheit! Ja, Paracelsus selbst wird
312 2828 1514 2879 sigen Aufführung, die man zu den besseren der letzt#
1780 2830 3069 2889 irre an seiner Kunst: „Sicherheit ist nirgends!“ Cyprian aber athmet auf, als
1778 2872 3068 2920 bei Sonnenuntergang — nur so lange soll Justinas zweiter Bann nach
310 2861 1539 2936 Zeit rechnen kann. Die Regie hatte mit allen Mitteln genre¬
1780 2912 3069 2965 Paracelsus Willen dauern — die nackte Wahrheitsliebe wieder in Justinas
298 2909 1507 2974 hafter Ausstattung des Milieus die Stimmungsmalerei des
1779 2941 3075 3011 Herzen erstickt ist, und Lüge und Wahrheit wieder ihr gefälliges, ab¬
300 2959 1511 3022 Dichters unterstützt und so besonders dem Mittelstück zu tiefer
1779 2980 3083 3044 wechselungsreiches Spiel treiben. Er selber weiß nun, daß wir spielen, er
302 3010 1497 3063 Wirkung verholfen, soweit dies bei den unglücklichen Raum¬
1785 3020 3074 3083 weiß genug und ist auf seiner Hut, und seine Vertrauensseligkeit und seine
294 3049 1502 3104 verhältnissen des neuen Theates überhaupt möglich war. Auch¬
1780 3078 2516 3124 Hochfahrenheit haben ihr Ende gefunden.
301 3081 1507 3154 unsere Künstler gaben ihr Bestes. Die Titelrolle im ersten Stück
1858 3080 3085 3162 Professor Pilgramms Frau ist gestorben, er fühlt keine Trauer
310 3127 1511 3200 war bei Hrn. Koerner gut untergebracht, der in seinem Paracelsus,
1864 3143 3081 3190 seinem Herzen, denn seine „Gefährtin“ ist sie, die zwanzig
307 3175 1491 3238 wieder einmal das alte Gespenst des Svengali auf die Bretter
1787 3178 3057 3228 Jahre jünger war als er, nie gewesen. Er weiß, daß ihr
1791 3217 3080 3280 Herz und ihre Lirde feit tangen Jahren seinem Assisienten Dr. Hausmann
306 3221 1488 3274 beschwor. Hr. Borcherdt hätte vielleicht dem Waffenschmied
1795 3255 3082 3309 gehört haben, doch er ist zu feige gewesen, das Gemisch von Lüge und
303 3254 1502 3310 noch etwas mehr gemüthliche Wärme einhauchen dürfen und auch
1783 3302 3073 3356 Wahrheit zu zerstören und den Liebenden zu sagen: „Ihr seid frei, nehmt
302 3293 1494 3366 Frl. Rocco als Justina traf nicht ganz den Ton der mittel¬
1789 3340 3073 3392 Euch hin!“ Doch während er sich in dem Glauben befunden, seine Frau
300 3352 1501 3409 alterlichen Bürgersfrau. Ihre Gesten waren beinahe zu modern¬
1789 3384 3075 3434 sei, wenn auch nicht ihm, so doch seinem Assistenten gestorben, er betraure
305 3386 1499 3453 ausdrucksvoll für das altdeutsche Costüm und bei Wiederholungen
1787 3414 3076 3457 ihren Verlust, da eröffnete ihm dieser, daß er sich — verlobt habe. Diese
306 3422 1501 3490 müßte also noch ein besonderes Augenmerk auf die Wahrung
1789 3448 3067 3500 Untreue des Liebhabers gegen die verführte Frau empört ihn tief
296 3487 1488 3544 des vom Dichter tadellos durchgeführten Stils gerichtet werden.
1785 3504 3075 3545 und er weist ihn aus seinem Hause, um nachträglich von einer
306 3527 1484 3580 Dagegen war die Darstellung der „Gefährtin“ dank der hervor¬
1797 3536 3081 3584 Freundin seiner Frau zu erfahren, daß diese ja um Dr. Hausmanns
306 3564 1500 3629 ragenden Einzelleistungen von Hrn. Taeger und Frl. Marie
1792 3571 3073 3616 Verlobung — gewußt habe! Und deßhalb, um einer bloßen Liebelei wegen,
1790 3609 3074 3654 um einer Liebschaft Willen, die so schnell erkaltete, hatte er auf alle Glück¬
307 3617 1496 3670 Laue durchaus einwandsfrei und auch der „Grüne Kakadu“ wurde
1782 3654 3076 3696 seligkeit der Ehe verzichtet! Er war zu spät wissend geworden, die Weis¬
310 3658 1490 3723 mit der nöthigen Frische zu Ende gespielt. Den meisten Beifall
1781 3684 3081 3745 heit des Paracelsus: „Wir spielen immer; wer es weiß, ist klug!“ war
297 3697 1493 3759 erntete dabei Hr. Ernst Müller durch seine urkomische Verkörperung
1787 3726 2208 3789 ihm zu spät gekommen.
310 3735 1487 3781 des Strolches Grain, die beinahe zum Schaden der Gesammt¬
1872 3741 3076 3813 Zu spät auch kam sie dem Heldenspieler aus der Pariser Revolutionär¬
303 3780 1498 3850 wirkung alle anderen Mitspieler in Schatten stellte. Eine ähnlich
1784 3809 3078 3853 Spelunke „Der grüne Kakadu“. Prospère, ein verkrachter Theater¬
294 3821 1497 3890 drastische Charakterfigur schuf Hr. Hänseler als Schänkwirth und
1776 3850 3086 3898 director, war auf den originellen Gedanken gekommen, eine Ver¬
303 3867 1489 3927 Theaterdirector Prospère, während die vom Dichter am reichsten
1787 3875 3087 3928 brecherkneipe des Scheines zu gründen. Die ehemaligen Mitglieder
302 3921 1494 3980 beschenkte Rolle des Schauspielers Henri bei Hrn. Grelle nicht
1786 3919 3089 3968 seiner Truppe spielten gegen Gage allabendlich in seinem Keller die Ver¬
1794 3954 3090 4006 brecher, und die vornehme, an starken Sinnenkitzel gewöhnte Welt ging bei
293 3964 1492 4017 ebensogut aufgehoben war. Sein ausdrucksvolles Mienenspiel
1792 4001 3094 4049 ihm aus und ein und hatte ihr Amusement dabei, in gesättigter Ruhe
305 4007 1492 4065 zeugte zwar entschieden von fleißiger Vertiefung in die Ausgabe,
1783 4027 3085 4083 mitten unter Dieben und Mördern zu verkehren. Der Schauspieler Henri,
299 4044 1344 4104 aber es fehlte der Darstellung an durchschlagender Kraft.
1777 4068 3098 4132 der begabteste von den Darstellern Prospères, hat sich verheirathet.
1036 4085 1488 4160 Dr. V. Schweizer
1789 4114 3081 4156 Eine furchtbare Eifersucht verzehrt sein Herz und zur Unterhaltung
