3436 4320
237 240 1855 337 9. 4. Der gruene Kakadu Zyklus
617 438 1238 581 Klose & Seidel
521 567 1407 643 Bureau für Zeitungsausechnitte.
469 627 1389 705 Berlin NO. 43, Seorgenkirchplatz 21!
537 733 1323 805 (Liest die meisten Zeitungen und ist das
546 795 1333 858 bestorganisierteste Bureau Deutschlasds.)
306 949 563 1021 Zeitung:—
886 1036 1205 1132 Harli
310 1044 488 1133 Ort! —
315 1154 549 1237 Datum: —
743 1258 1121 1354 1 8. Maj19#
420 1325 1572 1414 R. F. Das Schillertheater in Charlottenburg
347 1372 1571 1448 feierte am Mittwoch den 50. Geburtstag A. Schnitzlers, der auf
349 1409 1565 1487 diesen Tag fiel, mit einer Aufführung dreier seiner Stücke. Die für
355 1447 1566 1523 die Besucher des Theaters verfaßten und mit den Programmen jedes
345 1496 1574 1542 Abends ausgegebenen „Zwanglosen Hefte“ enthalten eine Charakteristik
352 1524 1569 1602 des Wiener Dichters, der wir folgendes entnehmen: „Schnitzler, der
355 1572 1572 1628 auf dem Gebiete des Dramas und dem der Erzählung eine hervor¬
343 1612 1560 1685 ragende Stellung einnimmt, wurzelt im Oesterreichischen, speziell im
344 1641 1560 1718 Wienerischen. Aber unabhängig von literarischen Modeströmungen,
341 1688 1013 1748 schlägt er seinen eigenen Weg ein
1106 1692 1570 1760 Er ist kein Verfechter
342 1715 1322 1791 von Prinzipien einer einseitigen Weltanschauung;
1366 1728 1568 1788 nimmt
335 1755 634 1821 nicht Partei
836 1770 1568 1849 Mit Objektivität und Gerechtigkeit
334 1786 1569 1881 beobachtet und analysiert der grublerisch forschende Arzt die
343 1845 1562 1907 Seelen, die bei ihm mehr das Gefühl als der Wille
328 1880 1564 1947 lenkt .... Das Leben selbst mit seinem unendlichen Reichtum ist
333 1918 1569 1992 ihm das Höchste. Aber nicht minder um den Tod, den Vergänglichkeits¬
334 1958 1569 2008 gedanken bewegen sich die Probleme seiner Phantasie. Und die Liebe
340 1998 1566 2071 ist es, die in ihren tausend Formen im Mittelpunkt seiner Poesie
335 2034 1559 2106 stebt.“ — Die drei einaktigen Stücke, die jetzt hier gegeben wurden,
337 2085 1544 2145 erschienen zum ersten Male im Jahre 1899 im Wiener Hofburg¬
336 2110 1560 2188 theater: das Schauspiel „Die Gefährtin", das Versspiel
358 2159 1535 2224 „Paracelsus und die Groteske „Der grüne Kakadu“,
324 2190 1563 2275 Stücke der Illusion, wie die „Zwanglosen Hefte“ sie nennen, die
337 2228 1537 2297 sämtlich das Erwachen aus dem Traume sicheren Besitzes schildern. —
329 2270 1552 2323 Herr A. Walter=Horst hatte sie inszeniert, und dem ganz ge¬
335 2306 1566 2375 füllten weiten Hause zu gefallen, bemühten sich alle Darsteller, unter
323 2345 1549 2423 denen die Herren Reimer und Gerhard sowie die Damen Pauly und
326 2384 902 2460 Wasa am meisten hervortraten.
790 2445 1256 2538 Zeitungeausschmitte
440 2519 1371 2592 Berlin NO. 43, Scorgenkircbplatz 21.
512 2629 1295 2691 (Liest die meisten Zeitungen und ist das
509 2674 1302 2753 bestorganisierteste Bureau Deutschlands.)
765 2765 1435 2874 Freie Deutsche Presse
279 2824 522 2911 Zeitung:
1143 2897 1207 2960 *
283 2928 468 3008 0r1 —
909 3001 1221 3092 13. Wallü
284 3037 532 3121 Detum: —
632 3255 1299 3331 Schiller=Theater Charlottenburg
431 3282 1582 3360 Zur Feier von Artur Schnitzlers 50. Geburtstag hatte das
356 3341 1554 3397 Schiller=Theater die drei Einakter „Die Gefährtin", „Paracelsus“
362 3392 1581 3444 und „Der grüne Kakadu“ einstudiert, die am Mittwoch abend zur
368 3422 1581 3475 Aufführung gelangten. Das Haus war außerordentlich gut besetzt.
372 3473 1589 3517 Diel brei Einakter sind Stücke der Illusion, in allen dreien schildert
368 3505 1581 3563 der Verfasser ein Erwachen aus der Einbildung sicheren Besitzes.
378 3547 1581 3595 Auf die drei Stücke, die unter sich allerdings ganz ungleichartig
377 3587 1582 3648 sind passen die Worte, die der Dichter dem Paracelsus in den
363 3625 599 3688 Mund legt:
542 3646 1442 3714 „Es war ein Spiel! Was sollt' es anders sein?
530 3708 1438 3752 Was ist nicht Spiel, das wir auf Erden treiben,
529 3738 1373 3796 und schien es noch so groß und tief zu sein!
532 3774 1386 3820 Wir wissen nichts von andern, nichts von uns.
539 3818 1352 3867 Wir spielen immer; wer es weiß, ist klug.“
434 3850 1579 3910 Die Darsteller gaben sich große Mühe, dem Dichter gerecht zu
373 3894 1578 3948 werden, und man muß zugeben, daß dies im allgemeinen auch ge¬
372 3941 1577 3993 lang. Von den zahlreichen Mitwirkenden seien nur die Damen
373 3966 1588 4032 Hedwig Pauly, Else Wasa und Else Baumbach, sowie
366 4009 1573 4057 die Herren Max Reimer, Heinz Bernecker, Paul Bildt,
371 4047 1576 4101 Hans F. Gerhard, Georg Paeschke und Richard Wirth
379 4088 1591 4146 genannt. Die Regie von Alfred Walter Horst sorgte für ein gutes
369 4141 1198 4191 Zusammenspiel und ein angemessenes Tempo.
1507 4159 1582 4216 W
1995 238 2447 331 box 16/1
2163 1358 2782 1492 Klose & Seidel
2057 1461 2863 1541 Bureau für Zeitungéäusschnitte.
2010 1511 2918 1617 Berlin NO. 43, Georgenkirchplatz 21.
2079 1636 2862 1721 (Liest die meisten Zeitungen und ist das
2080 1691 2889 1776 bestorganisierteste Burcau Deutschlands.)
2411 1804 2950 1883 Reichsbote
1858 1857 2117 1947 Zeitung:
2403 1930 2893 2039 Serlis
1867 1974 2071 2047 Or: —
1868 2072 2115 2158 Datum: —
2391 2082 2657 2172 +
2049 2296 2839 2365 Das Charlottenburger Schillertheater gab
1913 2340 2853 2417 zur Feier des 50. Geburtstages von Schnitzler
1921 2404 2831 2451 dessen drei Einakter „Die Gefährtin“, „Para¬
1912 2442 2835 2494 celsus“ und „Der grüne Kakadu“. Vor
1922 2481 2832 2528 dreizehn Jahren, am 29. April 1899, wurde im
1913 2518 2847 2571 Deutschen Theater mit Kainz u. a. die erste
1925 2560 2344 2610 Aufführung gegeben.
2347 2551 2832 2613 Die drei Stücke (dies¬
1926 2591 2838 2650 mal wurde „Paracelsus“ in die Mitte ge¬
1916 2629 2844 2689 nommen, während er damals am Schluß!
1925 2673 2843 2726 stand) wurden sehr freundlich aufgenommen.
1918 2709 2834 2769 Auf den Inhalt brauchen wir nicht wieder einzu¬
1926 2736 2820 2804 gehen. „Wir spielen immer; wer es weiß, ist klug“
1922 2783 2812 2855 soll den „symbolischen Sinn der drei Einakter“
1920 2824 2838 2870 die nichts miteinander zu tun haben, „beleuchten",
1921 2870 2837 2924 wie das besonders gut ausgestattete Programm
1927 2903 2829 2962 sagt. Hans F. Gerhard zeigte als Paracelsus,
1920 2943 2830 2994 den er nur in etwas zu dämonischer Maske bot, und
1918 2985 2832 3032 besonders als Henri im grünen Kakadu sein Können
1925 3027 2832 3067 und erzielte zum Schluß jubelnde Herausrufe.
1923 3057 2823 3104 Lobend zu neunen sind ferner Konrad Wiene,
1919 3094 2839 3158 der zuerst als Doktor Hausmann, hernach als
1921 3142 2835 3190 echter Bandit und Mörder auftrat, Max Reimer
1921 3180 2837 3223 (Professor Pilgram und Rollin), Heinz Bernecker
1917 3219 2843 3263 (Cyprian), Hedwig Pauly (Marquise) und Else
1921 3261 2833 3308 Wasa (Justine, Cyprians Gattin, und Liocadie,
1920 3287 2838 3354 Hinris Frau), die neben den anderen das Ihrige
1910 3331 2834 3375 taten, um dem Abend den Erfolg zu sichern. Den
1908 3363 2844 3420 drei Stücken hätte man schwerlich, wenn nicht
1923 3404 2841 3488 Schnitzlers Name sie deckte, solchen Beifall ge¬
1911 3431 2082 3507 ##endet.
