3296 4352
2089 138 2557 247 box 32/5
233 156 1957 277 26.1. Kongedie der NorteZuklus
1397 730 2980 813 —..Ragen ds rechterechungeheseges eingebracht. Dei Rils beschloß ein¬
135 778 2981 850 Ausschuß der freisinnig=demokratischenlichen Verfahrens, nicht aber materiell zur ganzen stimmig Eintreten auf das Stadtvereini¬
134 831 2973 880 hweiz in einem Rundschreiben an die Angelegenheit auszusprechen hat, wird er seinen Ent=sgungsgesetz und begann dessen Detailberatung.
136 873 910 947 ände diese eingeladen hat, die Organi¬
894 878 1531 952 scheid sehr rasch fällen können.
1971 897 2978 979 Walenstadt, 15. Februar. Letzte Nacht brannte
136 926 906 986 öglichst eindrucksvollen Tagungen der
953 939 2976 1003 Damit ist die Frage allerdings noch nicht abge=(die mechanische Wagnerei Baumann ab. Motor¬
143 969 913 1035 n den einzelnen Kantonen und Landes¬
895 966 2981 1039 klärt, welche Stellung der Bundesrat zur Frage des maschinen, größere Lager fertiger Waren und Bretter
1911 1025 2977 1071 wurden vernichtet. Das Feuer zerstörte teilweise aus¬
129 1030 2978 1112 Hand zu nehmen. Nach unserm Dafür= Zusammentritts der Eidg. Räte einnehmen würde, die Schmiede, während das angebaute Wohnhaus gerei¬
138 1078 2291 1152 Auffassung in allgemein vaterländischen wenn das Kassationsgericht die Angelegenheit zur tet werden konnte.
2410 1128 2759 1214 WETS
138 1176 909 1237 bise aufführen ließ. Zu den besten
890 1186 2986 1265 sern Künstlern zu Dank verpflichtet, daß sie auch diese reine durch Untreue — diesmal des Mannes — erschüttert¬
132 1217 902 1268 ers kann allerdings vielleicht nur einer
894 1222 1932 1282 wenigst gelungese Szene zu schöner Wirkung brachten.
1935 1237 2977 1302 Ehe, die durch gute und versöhnende Worte vor dem Zu¬
170 1256 902 1316 „Große Szene“ welche die Regie
891 1259 1932 1318 Frau Stahl war eine ungemein feine und sympatische
1927 1271 2976 1336 sommenbruch bewahrt wird. Allerdings sind hier die
132 1284 909 1358 it feinem Verständnis an den Schluß ver¬
900 1300 1934 1356 Frau Klara, Hr. Abrens ein tadellos vornehmer und
1928 1308 2980 1375 Worte nicht das Entscheidende, sondern die Men¬
133 1322 890 1390 net werden. Die beiden andern, die
889 1324 1935 1400 gediegener Ormin. Den stärksten Eindruck machte aber
1931 1335 2973 1414 schen und ihr Wesen, und just dadurch erhebt sich die
139 1362 903 1427 s Erkennens“ vor allem, aber ein
895 1373 1922 1433 Hr. Isailovits als Dr. Eckold; in jener Szene, in
1926 1386 2985 1435 „große Szene“ über die beiden andern, mehr ae'stvolten
140 1412 896 1465 „Bacchusfest“, sind zu problematisch,
899 1416 1930 1475 der der kleine Neid, die häßliche Bitterkeid, der rasende
1921 1430 2977 1477 als unmittelbar packenden Stücke. Der vielgewandte,
131 1447 901 1501 sie wirken zu sehr nur auf den Verstand,
900 1455 1924 1516 Haß dieses starken, aber bösen Gemüts wie ein Schlamm¬
1924 1465 2976 1527 kluge und wohlmeinende Theaierdirektor Falck kann wohr
148 1485 908 1547 ergreifen zu können. Auch hier bewun¬
902 1489 1922 1548 strom hervorbricht und alles überflutet, war binreeßenv.
1926 1498 2975 1570 durch verständige und gute Worte den Schauspieler
127 1525 901 1578 Geist und die Eleganz des Dialogs, die
894 1526 2981 1604 Auch in der ersten, einleitenden Szene, in der sich der Herbot und dessen feine, edle Frau Sophie, in der e¬
131 1570 905 1623 Wahrheit einzelner Apercus, aber wir
905 1568 2970 1614 eigentliche Cbarakter des Mannes unter der gewollt ruhi jden guten Geist des großen. genialen Kindes Hervor
127 1595 898 1656 eifelnd den Kopf, namentlich beim ersten
888 1605 2978 1681 gen Oberfläche zu zeichnen beginnt, war sehr fein erfaßt lsieht, wieder zusammenbringen, aber bewirken, daß Frau
141 1645 905 1698 unde des Erkennens“. In diesem
901 1646 1921 1709 und wiedergegeben; nur möchten wir den Künstler bit¬
1924 1657 2972 1715 Sophie es zuletzt über sich bringt, nicht nur die Untreue
121 1662 903 1736 den folgenden Einaktern ist die gruno¬
892 1679 1698 1742 ten, doch hier etwas deutlicher zu sprechen.
1919 1687 2974 1758 des Gatten zu verzeihen, sondern ihre Enttäuschung, ihr
137 1714 904 1759 on dieselbe: eine Ehe, die durch die Un¬
936 1716 1921 1782 Im „Bacchusfest“ wird dasselbe Thema in sprü¬
1919 1729 2978 1791 Entsetzen über die leichtherzige, aus Wahrheit und Lüge
142 1744 895 1808 Teils — hier der Frau — schwer erschüt¬
890 1757 1932 1821 bend geistreicher, humoristisch=ironischer Weise behandelt;
1931 1758 2969 1815 genial gemischte Art und Weise zu verwinden, in der ihr
133 1781 907 1851 h nicht vernichtet ist. Das Entscheidende
887 1801 1932 1868 es wirkt klarer und stärker als das erste. Auch Frau Agnes
1927 1800 2972 1860 Gatte die Folgen seiner Schuld von sich abzuwälzen ver¬
138 1830 912 1886 bestehen der Ehegemeinschaft ist hier die
892 1840 1923 1901 hat sich gegen die ebeliche Treue vergangen, aber auch ihr
1922 1843 2974 1918 steht, das könnte der Vielgewandte trotz seiner Odysseus¬
126 1862 904 1928 dere Teil sich zu der Sache stellt: ob er in
1912 1867 2106 1937 klugheit
885 1878 1930 1937 Fehltritt geschah nicht aus der „großen Leidenschaft"“, die
2084 1880 2963 1948 nicht! Das vermag nur das gütige, mild
142 1905 899 1965 oralischer überlegenheit die lösenden, ver¬
886 1916 1928 1979 jedes andere Gefühl tötet und Alleinherrscher der Seele
1923 1911 2965 1984 refignierte Herz der edlen Frau, ihre mütterliche Seele,
129 1934 893 2002 ehenden Worte findet, oder ob seine
887 1954 1925 2014 wird, sondern aus Laune, zeitweiliger Einsamkeit, Lange¬
1920 1959 2983 2032 die trotzdem erkennt. Zu seinem Besten, dem Einzigen,
155 1970 891 2043 t so groß ist, daß sein Wort Vernichtung
895 1995 1926 2048 weile etc. Kurz. aus jenen ziemlich oberflächlichen un¬
1927 1998 2962 2058 was in diesem großen Kinde ernst und tief und wahr ist:
134 2012 898 2095 Gemeinschaft bedeuten muß (daher „Ko¬
889 2031 1927 2089 flüchtigen, aber oft recht gefährlichen Sitimmungen und
1925 2038 2970 2106 seiner Kunst ist mein Gatte mein, nur mein, und hier
143 2050 282 2108 te“).
882 2062 1920 2130 Trieben, aus denen die ihrer Natur nach kurzlebigen
1922 2079 2970 2124 bin ich ihm nötig, ja unentbehrlich! Hier fühlen wer
135 2083 888 2150 keist in der „Stunde des Erken¬
894 2106 1922 2167 Karnevals= und Ferienliebschaften entstehen. Das sieht
1919 2117 2964 2163 stärker als im „Bacchusfest“ und in der „Stunde des ar¬
132 2138 889 2192 , die denn auch tragisch endet Zehn Jahre
887 2146 1936 2211 denn auch der Gatte der jungen Frau, der geistvolte
1924 2150 2980 2209 kennens“, daß das was in solchen Krisen eine Ehe zerstort
142 2187 902 2243 hu dem Treubruch seiner Gattin geschwie¬
891 2180 1929 2240 Schriftsteller Felix Staufner, auf den ersten Blick, und
1917 2195 2973 2248 oder trotz alledem zusammenhält, mehr ist als das gure
160 2221 895 2276 ihre einzige Tochter heiratete, aber in
890 2219 1920 2277 in ungemein feiner und taktvoller Weise — fastsvernünf¬
1920 2227 2976 2277 oder böse Wort: Das Wirken geistiger und seeli¬
136 2253 900 2314 hren sind in seiner starken, aber gehässi¬
893 2261 1920 2322 tig und objektiv, wenn man die Situation und natürliche
1929 2267 2970 2343 scher Kräfte, die außer und neben dem Sexuellen die
133 2281 882 2348 Seele Verbitserung und Eifersucht so hoch
892 2297 1915 2362 Stimmung eines gekränkten Ehemannes sich vorstellt —
1919 2303 2574 2356 Ehegatten verbinden oder trennen.
139 2313 892 2384 e bei ihreem Ausbruch alles mit ihrem
886 2337 1928 2403 weiß er seine Frau und ihren Freund durch die Erzäh¬
1975 2328 2967 2404 Die „große Szene“ ward nun bei uns geradezu glän¬
137 2372 901 2426 en. Was seinen Haß so über alles Maß
882 2376 1919 2427 lung vom antiken Bacchusfest mit seiner kurzen und un¬
1923 2385 2968 2452 zend gespielt und entfesselte — wie übrigens auch die
142 2411 1925 2476 ließ, ist vor allem der Gedanke, daß der verantwortlichen Liebesfreiheit vor der Torheit zu be¬
1917 2421 2977 2488 ande Stücke — jubelnden Beifall bei den Zuschauern.
138 2443 898 2500 buhler sein von Natur und Schicksal vier¬
879 2452 1879 2513 wahren, ihr flüchtiges Verhältnis ernst zu nehmen,
1917 2454 2966 2508 Die Rolle des Schauspielers Herbot ist Hrn. Haller
140 2492 890 2540 gendfreund Ormin ist, ein Mann, gegen
885 2490 1912 2545 und sich die trotzalledem geliebte Lebensgefährtin zu er¬
1914 2497 2974 2553 ####e auf den Leib geschrieben; wer ihn so sah bei seinem
133 2512 893 2584 einen tief verborgenen, aber umso ätzen¬
885 2531 1916 2607 halten, ja ihr nie ganz erloschene Liebe wieder zu ge¬
1914 2545 2970 2598 genialen Lügenspiel, wer die naive Freude, den Stolz,
132 2560 900 2620 pfindet. Das Sonderbare ist nun, daß
894 2561 1067 2619 winnen.
1911 2572 2970 2636 über#ie gelungene Szene sich ausjubeln hörte, der be¬
130 2600 897 2652 Der eigentlich vor allein die unselige Ver¬
942 2594 1920 2665 Auch hier haben sich unsere Künstler trefflich auf der
1921 2616 2966 2664 griff unmittelbar, daß er hier nicht einen erwachsenen,
134 2637 884 2696 Seelenlebens verursachte, falsch ist: Frau
894 2636 1911 2698 Höhe ihrer Aufgabe gehalten. Alle — selbst der Kellner
1911 2636 2967 2713 verantwortlichen Menschen, sondern ein großes, egoisti¬
138 2665 888 2741 Ormin leidenschaftlich geliebt, aber aus
898 2685 1928 2751 (Hr. Pulmann) und der bayrische Bahnhofportier
1917 2689 2966 2749 sches Kind vor sich habe, das sich gar nicht bewußt ist de¬
134 2710 898 2773 hre Familie dieser Leidenschaft tapfer
892 2719 1920 2783 (Hr. Probst) trafen die Stimmungg der geistvolten
1928 2719 2962 2773 es mit wirklichen Werten, mit Ehre, Treue und Men¬
131 2751 887 2815 gegen hat sie sich einem andern, dritten,
881 2760 1926 2817 Komödie ausgezeichnet. Vor allem ist hier Hr. Jung
1928 2769 2969 2828 schenglück spiele. Man verstand Frau Sophie in ihrer
138 2795 881 2851 h nur „sehr gern hatte“, hingegeben —
882 2805 1924 2851 zu nennen; er wußte als Felix Staufner sowohl die
1913 2808 2964 2858 Empörung, aber nicht minder auch in ihrem Nachgeben,
126 2816 889 2881 eso, das versteht man allerdings nicht so
892 2837 1919 2894 geistige Ueberlegenheit des Denkers als die trotzdem noch
1910 2838 2966 2902 ihrer unsterblichen Liebe zu dem liebenwerten Bösewicht!
146 2862 885 2918 offenen Bekenntnis der Wahrheit könnte
880 2867 1928 2927 gärende heimliche Erbitterung des gekränkten Gatten
1918 2872 2970 2929 Besonders in der Darstellung des Frl. Rossow, die un¬
130 2892 883 2962 es Mannes in der ontscheidenden Stunde
890 2903 1924 2967 überzeugend darzustellen, nur hie und da hätte er ein
1916 2910 2971 2981 gemein geistvoll alle Nuancen und Feinheiten dieser Ge¬
139 2929 889 2995 fnen; aber die maßlos gemeine und herg
891 2951 1925 3014 bischen weniger nervös sein dürfen. Frl. Petri als
1920 2955 2979 3015 stalt zur Geltung brachie! Auch Hr. Isailovits war
141 2975 884 3032 r er sie, und ihr gemeinsames Leben in
884 2992 1921 3038 Frau Agnes und Hr. Forberg als Guido Wernig wu¬
1922 2989 2970 3049 wieder vorzüglich als kluger Theaterdirektor; auch in die¬
133 3021 893 3075 eht, tötet auch in ihr jedes Gefühl für
882 3019 1913 3077 ren ein paar köstliche arme Sünder; die innere Unsicher¬
1924 3025 2965 3085 ser Raisonneur=Rolle zeigte der intelligente Künstler
135 3058 885 3110 d zeigt ihr, daß ein ferneres Zusammen¬
885 3055 1915 3118 heit der Dame, ihre Wendung vom Geliebten zum Gatten
1914 3076 2970 3129 seine große Charakterisirungskunst. In den mehr epe¬
227 3086 885 3148 Sie läßt darum Eckold in seinem
892 3105 1923 3165 zurück, wie die geistige Plumpheit und Schwerfälligkeit
1924 3112 2965 3158 sodischen Rollen der koketten Vilma Flamm und des ora¬
141 3106 905 3185 kt ihn darin und verläßt sein Haus und
885 3145 2960 3198 dieses Geliebten, die diese Wendung begreiflich, ja not= ven, betrogenen Bräutigams Edgar Gley taten Frl. Ro¬
140 3160 1871 3236 nehmen muß — das Leben, in dem ste wendig erscheinen läßt, ward sehr fein charakteristert.
1916 3175 2968 3246 gall und Hr. Forberg das Ihre zum Gelingen des
140 3196 432 3267 los geworden.
919 3217 2963 3258 Der beste und wirksamste der drei Einakter ist zwei= Ganzen. Zum Schluß sei noch der Regie gedacht, die Hr.
149 3251 2956 3279 zu komplizierte, konstruierte Stück ist fellos derienige, den die Regie mit Recht an den Schluß Isailovits in tadelloser Weise führte, und es sei auch
144 3286 1927 3356 pielen und dabei von den dreien, das für frückte, obschon er in der Buchausgabe an zweiter Stelle
1906 3306 2969 3375 nochmals der Theaterleitung für den köstlichen u. genuß¬
145 3332 2354 3392 undankbarste. Umso mehr sind wir un= steht, die „Große Szene“. Auch hier ist das Thema reichen Abend gedankt.
2732 3342 2915 3405 E. A.
