3392 4320
220 261 1930 362 26.1. Konoedie der Norte zyklus
690 1258 982 1336 N 21583
1379 1274 1762 1347 Wien, Sonntag
656 1348 1842 1432 klubs, nur mit dem Unterschied, daß hier Colberta als Erste
680 1406 1848 1473 preisverlustig erklärt wurde, obwohl die als Siegerin erklärte
668 1450 1840 1512 Gräfin ihr im „Manischen“ um nichts nachstand. Jedenfalls
679 1491 1844 1558 wurde der Bahnrichterspruch vom Publikum aritisiert und es
676 1535 1850 1598 wäre gerecht gewesen, wenn dem Traber Johnny der Preis
675 1576 1835 1635 zugefallen wäre. Das Hauptrennen, der Dominik Hardegg=Preis,
674 1621 1831 1674 ging Eber durch einen Zwischenfall beim Stall verloren. Der
672 1655 1829 1711 Hengst karambolierte so heftig mit Villam, daß vom Renn¬
673 1698 1832 1760 wagen das rechte Rad defekt wurde und Villam wieder außer
666 1740 1832 1807 Rand und Band geriet. Wenn sich zwei streiten, freut sich der
671 1779 1843 1854 Dritte, und dieser war in diesem Falle Urenkel, der auch Sieger
671 1816 1843 1875 blieb, da Eber im Endkampf nicht mehr unterstützt werden
673 1863 1832 1928 konnte. Die Zeiten waren sehr gut, speziell Aelpler (1:31·5),
667 1909 1832 1984 Fergeteg (1:29), Ariadne (1:36·3), Jupiter (1:32•7) usw.
665 1948 1206 2012 überboten ihre Bestleistung.
755 1998 1826 2068 Rennen der sieglosen Zweijährigen. 9,000.000 K.
668 2016 1832 2095 1200 Meter. Des Gestüts Stainach Ariadne [1:36•3]
667 2078 1828 2128 (Tappan) I., Darling 2., Hannerl 3. Ferner liefen: Herzkönig,
666 2116 1838 2159 Fortuna, Ully (als Tritte disqualifiziert) Trinette, Opika, Mya
662 2146 1821 2206 May, Lachtaube, Dieb. Sieg 290:100. Platz 120, 160, 170:100.
762 2184 1822 2236 Rennen der vierten Klasse. 9,000.000 K. 2300
655 2217 1821 2281 Meter. Herrn M. Borziks Veronica [1:31·5] (F. Borzik) 1.,
662 2262 1825 2301 Citrone 2., Tancosnö 3. Ferner liefen: Umstürzler, Eper, Gabel¬
658 2301 1824 2355 weihe, Burdette, Bilanz, Muschi, Holka, Furfangos, Wahrheit,
657 2328 1826 2405 Sulla, Astarte, Athos, Habicht. Sieg 170:100. Platz 170, 160,
656 2367 867 2435 280: 100.
748 2404 1829 2467 Rennen der Vierjährigen. 9,000.000 K. 2200 Meter.
658 2440 872 2511 Herrn F.
878 2449 1739 2492 Schaubmaiers Aelpler [1:31·6] (Reinhart)
662 2486 1826 2529 Jupiter 2., Fergeteg 3. Ferner liefen: Titurela, Ultimo, Adolar,
658 2524 1821 2571 Turul, Laufmädel, Dixi, Etus, Lady Zoo, Avanti, Arnrid, United
662 2561 1733 2608 States Lady C. Sieg 170:100. Platz 150, 250 200:100.
748 2589 1705 2636 Dominik Hardegg=Preis. 19,500.000 K.
1704 2592 1821 2650 2400
665 2617 1820 2683 Meter. Des Gestüts Bakonypölöske Urenkel [1:28·2] (Ir¬
662 2666 1826 2740 siegler) 1., Eber 2., Villam 3. Ferner liefen: Gierig, Kanpurka.
662 2710 1355 2757 Sieg 230:100. Platz 110, 110:100.
762 2743 992 2793 Rennen #
1017 2740 1826 2804 s Trabersportklubs. 12000.000 K.
656 2781 1802 2835 2400 Meter. Des Gestüts Weyer Gräfin (1:30·2] (F. Seidl) 1.,
659 2822 1817 2881 Johnny 2., Dobna 3. Ferner liefen: Apjafia, Colberta (als Erste
652 2857 1737 2895 disqualifiziert), F. F. Sieg 2250:100. Platz 450, 160:100.
752 2889 1417 2934 Rennen der zweiten Klasse.
1430 2890 1825 2951 12,000.000 K. 2400
651 2931 1811 2990 Meter. Des Gestüts Obanya Gusti [1:28·7] (O. Dieffenbacher) 1.,
654 2978 1820 3034 Jos 2., Zsum 3. Ferner liefen: Marwel, Sir Revelstoke, Manja,
655 3007 1734 3042 Regalia media. Sieg 190:100. Platz 110 110, 110:100.
751 3036 1816 3096 Verkaufsrennen. 10,500.000 K. 2400 Meter. Des
655 3075 1797 3131 Stalles Seebenstein Weingartshof [1:31•6] (Hofbauer) 1.,
653 3111 1819 3162 Berat 2., Dünkirchen 3. Ferner liefen: Elizir, Minstra, Tizen¬
643 3148 1813 3221 harom, Helene, Hellas. Sieg 180:100. Platz 150, 160, 280: 100.
727 3235 1808 3313 Der Herbst=Preis wird eine sehr schwache Besetzung
652 3280 1805 3347 haben, möglicherweise laufen nur vier Pferde, und zwar: Ama¬
649 3339 1823 3412 ryllis (Hofbauer), Kaloda (Irsiegler), Urban (Ryerson) und
656 3379 1811 3438 Plunger jr. (Otto Dieffenbacher). Hoher Favorit ist Plunger fr.,
643 3409 1522 3489 auf den große Vorauswetten angelegt wurden.
1028 3466 1431 3528 Rennen zu Alag.
750 3503 1821 3582 Szt. Lörinczer=Preis. 7000 K. 1800 Meter. Des
638 3549 1817 3617 Gestüts Dobozis Mutatos (Schejbal) 1., Ascanio 2. Sieg
643 3588 882 3646 1100: 1000.
737 3602 1814 3684 Zweijährigen=Verkaufsrennen. 3000 K. 1000
646 3665 1805 3717 Meter. Graf Orssichs Paraszt (Horvath) 1., Miert ne 2.,
640 3694 1807 3764 Fenegyerek 3. Ferner liefen: Utmutato, Fiume, Borura derü,
651 3742 1809 3800 Dregely, Princi, Csupor, Blondian, Czinkapanna, Buby, Sarz
635 3782 1809 3828 kantyus, Fodros. Sieg 17.800: 1000. Platz 3000, 2400, 2500: 1000.
742 3820 1814 3875 Franz Kozma=Gedenkrennen. 140.000 K. 1100
643 3846 1811 3914 Meter. Baron Harkanyis Katrincza (Schejbal) 1., Bogey 2.,
650 3896 1803 3958 Roysterer 3. Ferner liefen: Custos, Borgia, Utolso, Pimpo,
645 3918 1811 3982 Oktondi, Montalto. Sieg 5100: 1000. Platz 2000 7100, 2500: 1000,
743 3965 1809 4010 Prince of Wales=Handikap. 14.000 K. 1600 Meter.
637 3976 1803 4055 Graf Elemer Batthyanys Mende=Monda (Kovacs) I., Quick 2.,
629 4041 1810 4107 Classicus 3. Ferner liesen: Riesay, Melia, Parisienne. Sieg
640 4073 1308 4120 4000: 1000. Platz 1900, 1800: 1000.
739 4106 1807 4157 Zweijährigen=Maidenrennen. 7000 K. 1200
646 4131 1291 4195 Meter. Fürst Festeties' Bergere
1283 4133 1816 4198 (Pretzner) 1. Magyarau 2.,
639 4172 1807 4241 Maros 3. Ferner liefen: Alpdrücken, Godalming. Sieg 1700:1000.
649 4214 1030 4250 Platz 1100. 1200. 10
2073 245 2535 340 box 3276
2056 1275 2787 1344 Neue Freie Presse.
1856 1377 3155 1447 fährtin gegenüber gegeben ist. Korff ist ohne Schnitzler und f unter
1857 1416 3004 1479 Schnitzler gerade in seinen wienerischesten Stücken fast nicht
3001 1417 3155 1501 gemut.
1850 1461 2997 1534 ohne Korff zu denken. Er ist mit dem „jungen Wien“ künstlerisch
3008 1474 3151 1522 Devri¬
1844 1506 2991 1558 aufgeblüht und mit dem alternden gereift. Er hat die Ent¬
3006 1509 3151 1578 Huber
1856 1551 2995 1608 wicklung des Dichters als darstellender Künstler mitbegleitet.
2994 1540 3141 1614 Reim
1845 1591 3004 1640 Welche Selbstzucht, welche Vertiefung, welches Arbeiten an sich
3001 1595 3141 1652 Siebe
1847 1627 2990 1701 selbst. Wie hat Schnitzler, allen jüngeren ein Vorbild, an sich
3006 1639 3151 1699 Wiesr
1851 1678 3006 1733 gearbeitet, um zu Gestalten, wie es dieser Dr. Eckold ist, zu
1843 1728 2998 1783 gelangen. Ein Zug des Hasses, wie von Strindberg herüber, ist
3003 1712 3152 1792 Burge
1850 1762 2993 1803 hier in diese sonst wienerisch weiche, heiter oder überlegen
2999 1763 3138 1825 Paul
1847 1797 2996 1858 lächelnde Physiognomie gegraben. Er findet sich auch in dem
2999 1807 3141 1869 Heine
1841 1841 2996 1893 schauspielerischen Gestalter Korff wieder und gleitet in den
3007 1859 3099 1909 14.
1841 1881 2987 1936 beiden Lustspielen wieder in das heiter Befindliche hinüber. Die
3002 1893 3149 1960 Thadl.
1844 1922 2986 1976 überlegene Nonchalance im „Bacchusfest“, die schillernde Bered¬
2989 1930 3154 1998 Wohlg
1854 1967 2988 2027 samkeit in der „Großen Szene“ sind von mitreißender Wirkung.
3003 1982 3147 2035 ½8 U
1837 2005 2985 2060 Korff erwies darin wieder, wie man bei aller liebenswürdigen
2998 2022 3155 2088 des St
1848 2050 2995 2108 Tönung des Wesens doch die Charakterschärfe zu bewahren, zu
1847 2093 2998 2150 steigern und zu vertiefen vermag. Eugen Jensen war in der
3006 2096 3158 2177 Monte
1845 2139 2993 2194 „Stunde des Erkennens“ und als Theaterdirektor Falk von
2991 2159 3159 2213 stillen
1845 2180 2989 2222 interessanter Prägnanz, Hans Rhoden jugendlich überzeugend.
2993 2196 3149 2249 wirku“
1846 2218 2990 2268 Grete Bukovics, der man mit Vergnügen wieder auf dem
2997 2241 3152 2293 Mayer.
1839 2265 2992 2318 Theater begegnete, im „Bacchusfest“ ebenso charmant in der
2998 2284 3149 2341 Karste
1833 2296 2984 2363 Erscheinung, wie liebenswürdig sicher im Spiel, zumal die
2994 2322 3145 2382 den 1.
1841 2340 2987 2395 Dialogpointierung gelang ihr ausnehmend. Alice Rhode
3002 2360 3142 2421 Bahr
1828 2387 2991 2441 als Klara hat einen warm eindringlichen, Cäcilie Lvovsky
2989 2409 3150 2467 die He
1834 2428 2982 2477 als Sophie in der „Großen Szene“ einen sympathisch=warmen,
2996 2445 3153 2514 ½8 U
1833 2474 2982 2518 Fräulein Lach einen etwas zu parodistischen Ton. Herr Mauth
1835 2513 2988 2560 fiel im „Bacchusfest“ in einer lustigen Charge auf. Das gut
3001 2526 3149 2598 besond
1835 2556 2986 2607 besuchte Haus dankte Schnitzler, Korff und den anderen Inter¬
2999 2576 3153 2644 Bauer“
1833 2595 2988 2666 preten einen geistig angeregten und zugleich sehr vergnüglichen
2997 2624 3150 2679 Stehm
1842 2635 1984 2697 Abend.
2797 2638 2943 2693 P. W.
2991 2662 3151 2734 kalisch
1914 2676 2985 2731 [Lustspieltheater.] Der Weg zu Josef Jarno ist
2995 2709 3148 2761 Diens¬
1833 2722 2996 2768 etwas weit geworden. Nicht der Distanz nach, aber für die be¬
2991 2752 3124 2837 FL
1835 2766 2983 2827 queme Gewohnheit des Wiener Theatergängers, der nur in der
3000 2794 3103 2872 9%
1845 2813 2983 2870 schönen Jahreszeit gern in den Prater geht und auch dann ge¬
1834 2834 3097 2914 wöhnlich zu Nachtmahlzwecken. Es ist mehr als beklagenswert, es##
1825 2894 3033 2957 ist symptomatisch für den heutigen Theaterbetrieb, daß ein Mann#
1829 2936 3062 2995 wie Jarno, der 25 Jahre hindurch der ehrgeizigste und tem=7
1831 2976 3058 3033 peramentvollste Direktor und Regisseur war, der junge Talente ##
1841 3025 2726 3084 nicht nur entdeckte, sondern auch wirhlich gund
1837 3065 2180 3121 keinen zentrabe###
1827 3096 2144 3164 auch dort unts
1826 3142 2126 3215 immer neue T.
1833 3189 2140 3248 her in weiterer
1826 3227 2126 3288 „Die Grof¬
1827 3269 2119 3328 Dichter, kein ge
1836 3318 2124 3378 geiziger Literat¬
1838 3356 2132 3417 und Ohren fü
1833 3401 2127 3458 obachtungen di
1828 3441 2120 3504 der Liebesgesch
1837 3481 2125 3544 Dialog ist sein
1834 3529 2124 3589 aus dieser Na¬
1831 3568 2121 3630 Zeitgemäße ein
1834 3605 2132 3674 kleinen Einbre¬
1831 3652 2097 3710 nur starken,
1823 3694 2132 3753 Kontrastwirkur
1827 3739 2127 3794 Pointe getriebe
1825 3775 2107 3835 jedem dritten
1832 3811 2125 3878 wenn das Pub
1831 3847 2130 3920 wurde es unve
1820 3905 2112 3968 Regisseur und
1822 3949 2120 4006 gibt den ehen
1831 3992 2127 4053 einen humorvo¬
1820 4035 2135 4089 Liliom, und fe¬
1828 4073 2125 4134 nehmen, wieden
1821 4112 2134 4180 Die ganze An
1820 4153 2118 4222 Schauspielerscht,
2903 4149 3188 4229 RO
1813 4195 2098 4242 starkes Talent
