3392 4256
2157 149 2610 238 box 32/3
299 161 2019 259 26.1. Konoadie der Norte—Zyklus
929 1072 1671 1155 Dr. Max Goldschmidt
946 1142 1664 1218 Bureau für Zeitungsausschnitte
1288 1187 1748 1264 Telefon: Norden 3051.
871 1195 1139 1272 BERLIN N.4
762 1262 1582 1346 Ausschnitt aus: Vossische Zeitung, Berlin
1055 1384 1440 1474 2 4. OkR 1975
1860 1467 3047 1536 sein ... Wenn die Grenzen meines Wesens mit den inneren Er¬
1858 1513 3054 1602 lebnissen und Resultaten jenes Werkes umschrieben wären, so täte
688 1507 1784 1617 Schnitzlers „Romödie der Worte“.
1863 1571 3056 1638 mir das selber leid, aber ich hoffe, den Beweis weiterer Grenzen
1853 1631 3047 1681 erbringen zu können.“ (Sonnenthals Briefwechsel, pag. 113.) Es
768 1625 1703 1711 Erstaufführung im Lessing=Theaker.
1860 1663 3055 1708 kann, es soll nicht untersucht werden, inwiefern Schnitzler mit
661 1678 1824 1766 Zwei von den drei kleinen Komödien Schnitzlers hatten starken
1858 1705 3053 1771 seinem Anatol identisch geblieben ist. Aber es ist doch kein Zufall,
637 1749 1839 1819 Erfolg. Alle drei stammen aus der abgeschlossenen Welt Schnitzlers,
1844 1751 3054 1801 daß diese drei reizenden neuen Komödien die Erinnerung an den
1857 1795 3055 1855 nichts= als= nur erotischen Anatol unwillkürlich heraufbeschwören.
636 1796 1829 1858 und sie sind mit der unverstellten, halblauten Stimme Schnitzlers
1851 1835 3053 1895 Dieser Dichter, der in seinem Winkel ein Charakter ist, blieb fünf¬
628 1835 1836 1893 vorgetragen. Es liegt ein gewisser Trotz darin, daß Schnitzler sich
1853 1888 3059 1958 undzwanzig Jahre seinen Themen treu! In seinem Herbst wie in
631 1886 1830 1932 durch den Weltkrieg nicht weiter stören läßt — ein bißchen Trotz steht
637 1932 1832 1988 auch dem Dichter der elegant=zerrissenen Seelen gut an — er bleibt
1843 1923 3044 2002 seinem Frühling, im männerfressenden Weltkrieg wie im Wiener
1843 1975 2890 2030 Liebeleienfrieden blieb Schnitzler in Anatolien wohnhaft.
637 1965 1830 2026 seinem Wiener Salonbürgertum vor 1914 treu und dem, was sie
1882 2005 3056 2072 Der lustigste der Einakter ist das Schauspielerstück „Große
632 2019 1218 2075 für ihr inneres Erleben halten.
1851 2049 3046 2110 Szene“. Bassermann hat den großen Komödianten zu geben,
690 2064 1835 2125 Der gemeinsame Titel dieser drei Komödien ist schon das Feu¬
1850 2104 3056 2152 der so mühelos, so verwegen lügt, daß es selbst der lügegewohnten
629 2115 1837 2178 illeton über die Einakter. Komödie der Worte? Irgendwo, im ver¬
1855 2148 3050 2206 Frau des Komödianten ein wenig unbehaglich zumute wird. Sie
628 2153 1832 2202 dunkelten Gedächtnis, lebt auch die Erinnerung an dieses schon ge¬
1858 2193 3043 2234 will abreisen wie Nora, aber der Theaterdirektor hält sie zurück. Von
638 2193 1825 2259 schriebene Feuilleton. Ja, es war damals, vor fünfundzwanzig
1852 2227 3055 2292 ihrer Verzeihung hängt die heutige „Hamlet“=Vorstellung ab! Sehr
625 2254 1835 2315 Jahren, als Loris Hugo von Hofmannsthal Anatols Komödie der
1853 2280 3048 2352 amüsant zeichnet Schnitzler, wie der große Schauspieler
637 2276 1246 2355 Worte mit den Versen begrüßte:
1845 2321 3053 2389 sich in jedem freien Moment Lebensszenen voll Spannung, dank¬
902 2325 1442 2398 „Also spielen wir Theater,
1850 2370 3049 2413 baren Momenten und verwegenen Situationen schaffen muß,
901 2375 1489 2439 Spielen unsere eigenen Stücke,
1848 2407 3047 2471 weil er eine theatralisch ausstaffierte Bürgerlichkeit braucht. Hier
893 2420 1550 2491 Frühgereift und zart und traurig,
1852 2452 3045 2516 war Bassermann hinreißend, der ausgelassenste große Junge,
899 2465 1449 2525 Die Komödie unserer Seele,
1841 2489 3045 2557 ein tanzender Notlügner, ein unbedingt siegreicher Spitzbube. Seine
898 2506 1544 2578 Unseres Fühlens heut und gestern,
1840 2548 3039 2602 prachtvolle Laune riß das ganze Haus mit. Daneben hatte Forest
893 2559 1475 2619 Böser Dinge hübsche Formel,
1841 2570 3043 2664 den weltklugen Theaterdrektor zu geben. Er kämpfte mit einer merk¬
902 2594 1446 2657 Glatte Worte, bunte Bilder,
1844 2636 3046 2701 würdigen Irritiertheit, überwand sie endlich, und es gelang ihm, ohne
899 2646 1485 2710 Halbes, heimliches Empfinden,
1850 2673 3041 2748 äußere Kopie, Züge der heiteren Geistigkeit Brahms anklingen zu
890 2684 1291 2739 Agonien, Episoden.“
1855 2718 3040 2778 lassen. Frau Bassermann hatte die resignierende Gattin eines
625 2718 1823 2804 Böser Dinge hübsche Formel gibt Schnitzler auch heute wieder,
1852 2766 2564 2822 großen Schauspielers darzustellen.
641 2778 1836 2851 wieder halbes, heimliches Empfinden, wieder Agonien, Episoden,
1886 2799 3037 2871 Auch dem ersten Stück „Stunde des Erkennens“ hat die vorzüg¬
636 2822 1829 2907 fast wie vor fünfundzwanzig Jahren. Das Grunderlebnis blieb
1844 2855 3041 2933 liche Darstellung viel geholfen. Eheleute, die über einen Ehebruch
635 2880 1826 2938 das alte. „Spielen unsere eigenen Stücke ...“ Komödie der
1841 2909 3034 2970 erst nach zehn Jahren diskutieren und von denen zehn Jahre tiefster
634 2907 1074 2973 Worte von Anfang an.
1856 2949 3045 3014 Gemeinschaft plötzlich abfallen, gehören zu wunderlichen Konstruktio¬
669 2946 1820 3022 Damals, vor fünfundzwanzig Jahren, als Anatol noch neu war,
1840 3004 3053 3067 nen, in denen Schnitzler sich zuweilen gefällt. Bassermann hatte für
624 2997 1832 3061 schrieb Adolf von Sonnenthal, wie man in seinem außerordentlich
625 3031 1823 3115 interessanten Briefwechsel nachlesen kann, an den jungen Arthur:
1844 3051 3052 3120 diesen tückischen Gatten, der seine Nache nach zehn Jahren heiß
635 3083 1815 3154 „Ich finde Ihre „Episode“ reizend, geistvoll, ja stellenweise
1851 3101 3038 3151 genießt, eine merkwürdige asiatische Maske gewählt. Er sah aus
634 3139 1823 3195 poetisch ... Wären wir in Paris, ich würde keinen Anstand
1844 3150 3039 3200 wie ein assyrisch=semitischer Nachegott, der sich hinter Brille und
630 3173 1836 3243 nehmen, sie so, wie sie geht und steht, ohne Zuthat, ohne Wegnahme,
1855 3187 3033 3242 Gehrock eines pedantischen Professors sversteckt hatte. Diese Phan¬
637 3227 1832 3268 sofort vor die Rampe zu bringen: als lever de rideau, unser deut¬
1843 3222 3043 3288 tastik der Grausamkeit machte das kleine Stück erst wahr.. Lina
634 3260 1823 3332 sches Publikum verlangt neben der „Episode“ wenn diese auch
1838 3274 3050 3354 Lossen aber gab der so spät ertappten Frau die Güte und innere
1847 3312 2463 3380 Gelassenheit ihrer adligen Seele.
634 3309 1837 3381 noch so pikant ist, auch eine Hauptaktion, und diese fehlt in Ihrer
624 3351 1828 3424 Blüette, wohlverstanden nach deutschen Begriffen.“ Mit einem
1891 3343 3054 3423 Das letzte Stück, „Das Bacchusfest“, ist Literatur geblieben,
629 3391 1835 3461 Wort: Der deutsche Geschmack war einer Komödie der Worte auch
1845 3400 3051 3459 auch auf der Bühne. Es ist ein Versuch Schnitzlers, den kleinen
629 3442 1831 3511 vor fünfundzwanzig Jahren nicht sehr günstig. Als später Sonnen¬
1849 3444 3045 3518 Abenteuern seiner Figuren die Glorie einer schönen Symbolik zu
625 3484 1831 3545 thal dem „Anatol“ noch schärfer zu Leibe ging, da erwiderte
1841 3495 3054 3566 gewähren. Hier wurde man — in aller Stille — ein klein wenig
635 3522 2079 3602 Schnitzler in einer respektablen Wallung: „Ich möchte nicht Anatol ] ungeduldig.
2490 3546 3010 3621 Stefan Großmann.
