3344 4256
1524 93 1590 147 ——
2135 140 2602 237 box 32/3
278 158 2016 258 26.1. Konoedie der Norte—zklus
2462 859 2916 976 S
1525 886 2082 992 PSS
2473 971 3029 1062 „Tannenberg“
403 983 2319 1075 „Herz-Ecke“ Friedrich-Straße 70 Keine Filialen
2266 1062 2560 1123 —
759 1083 1078 1165 Seereteterenchr anenen
1127 1083 1335 1168 Wrehere
2496 1091 2672 1174 S S
753 1166 3170 1210 mit dem, den sie liebte, sondern mit einem anderen, einem Zu= ist nichts als ein einziges tönendets Wort. Und als sie das be¬
743 1213 3167 1276 fälligen, den sie längst schon aus dem Herzen getilgt hat, so wie greift, erfaß, sie der Ekel, denn es ist immer von Unheil, wenn
178 1165 428 1287 ion.
747 1246 3167 1309 auch ihre Schuld, über die zehnjährige eheliche Freundschaft ge¬ Frauen ihre Männer erkennen. Esie will gehen, jedoch sie bleibt.
1941 1297 3172 1353 Stürmt er doch im Hamletskostüm von der Bühne in ihr Hotel¬
747 1296 1955 1355 wuchert ist. Aber dem Doktor Karl Eckold, der den Ingrimm
751 1326 1959 1392 eines wissenden Hahnrei zehn Jahre unterdrückte, beliebt es, mit
212 1272 721 1414 Lessing-Thealer.
1949 1336 3176 1395 zimmer und trägt sie, ehe die Vorstellung beginnt, auf eigenen
744 1365 1956 1447 einem Male abzurechnen. Solange die Tochter im Hause war,
1941 1371 3180 1441 Armen in das Theater, weil er nicht auftreten „kann“, ehe sie in
208 1400 694 1475 — Drei Einakter.
750 1405 1958 1480 sollte der Skandal vermieden werden, jetzt, wo sie geheiratet hat,
1949 1423 3183 1489 der Loge sitzt. Solchen Argumenten gegenüber vermag sie natür¬
190 1454 761 1523 hnitzler schrieb die Geschichte
749 1453 1957 1524 dünkt ihm längeres Zusammenleben unmoralisch. Und der Gatte
1951 1463 2411 1536 lich nicht standzuhalten.
188 1509 758 1565 jungen Mannes, des Lebens¬
755 1507 1963 1574 enthüllt sich. Er macht reinen Tisch, spricht frei von der Leber,
2019 1492 3179 1574 Dem Schriftsteller Felix Staufner soll die Frau genommen
176 1552 762 1616 nzwischen sind die Jahre sei¬
759 1554 1956 1614 was er all die Jahre bei sich getragen hat, demütigt die Frau,
1957 1552 3181 1623 werden. Von einem jungen Schnössel, den er geistig mit Leichtig¬
199 1581 766 1650 8Dichters, gestiegen, aber die
745 1599 1953 1651 bekennt sich brutal zu seinem Ich: Nicht, daß du mich hinter¬
1949 1594 3180 1650 keit in die Tasche steckt. Und er steckt ihn auch. Die beiden Lie¬
183 1641 1959 1694 atols geblieben, Leute, die des gangen, vermag ich nicht zu verzeihen, sondern, daß du mich ge¬
1944 1644 3178 1707 benden erwarten den Ehemann auß dem Bahnhof einer kleinen
177 1683 1949 1739 as zu bannen verstehen, mit rade mit ihm betrogen hast, mit dem Professor Ormin, meinem
1954 1676 3177 1747 Tiroler Gebirgsstation, sie wollen bekennen und sich mit ihm
183 1731 1948 1785 sabgründe bauen und niemals Nebenbuhler. der es „weiter im Leben brachte“, den ich beneidete.
1954 1730 3174 1779 einigen. Er kommt und weiß schon alles, er läßt seine Ueber¬
187 1776 1952 1833 erlieren. Arthur Schnitzler hat! Dort ist die Türe! Es gibt Gattenrechte, die sich nicht verjähren.
1957 1774 3180 1829 legenheit spielen und gewinnt die Schlacht. Vor seinem soeben
197 1820 757 1880 jegliche Leidenschaft biegt für
1942 1806 3180 1864 vollendeten Drama „Das Bacchusfesst“ kann der Liebhaber nicht
751 1822 1955 1877 — Sie aber lehnt sich auf gegen diesen Ueberfall, revoltiert gegen
189 1861 757 1922 kreicht, in den Weg der Ironie,
756 1850 1957 1916 seine lange Schweigsamkeit, revoltiert, daß er sie insgeheim in der
1954 1860 3188 1929 bestehen, er wird abgefertigt und entlassen. Den Sprung im Ehe¬
186 1903 761 1964 theit ein, er kennt nur wohl¬
1945 1892 2586 1969 glück verkleistert ein milder Kitt.
746 1893 1969 1964 Hand gehatten und mit ihr sein Spiel getrieben hat. Man sagt
185 1944 763 2003 en mit einwandfreien Bügel¬
756 1938 1969 2016 einander ungetünchte Wahrheiten, wühlt den Schlamm einer alten
2008 1931 3168 2010 Kein Zweifel, daß Arthur Schnitzler ein geistreicher Drama¬
186 1991 753 2043 n verbieten, ungestüm zu wer¬
760 1987 1946 2046 Ehe auf. Er triumphiert, scheinbar als der Stärkere. Doch nicht
1954 1963 3181 2052 tiker ist; man hat dies schon zu Anatals Zeiten anerkennen müssen.
197 2030 764 2096 als daß sie mit überlauter
750 2022 1958 2093 bis zum Schluß, denn sein Verdacht war falsch, vom wirklichen
1953 2033 3170 2103 Seine Dialoge sind witzig oder spöttüsch, sie packen oder sie rühren,
753 2079 1950 2134 Dieb seiner Gattenehre ahnt er nichts, und die Hörner bleiben ihm,
188 2058 762 2143 rten. Ihr Blut kennt keine
1955 2080 3171 2134 je nachdem. Man kann von ihnen haben, was man nur immer
245 2103 750 2177 gerät schlimmstenfalls in
750 2117 1951 2175 zugleich mit dem Fluch der Lächerlichkeit vor der eigenen Frau.
1950 2124 3184 2170 verlangen mag. Es sind Wendungem da, die funkeln, und Weis¬
167 2150 752 2221 kt, über den sonst kein Mann
757 2165 1954 2228 Im Widerwillen vor seinem entlarvten Gesicht, geht sie. Nicht weil
1955 2168 3171 2214 heiten, die es verdienen, nach Hause getragen zu werden. Ein
755 2195 1959 2261 sie müßte, beinahe wäre sie geblieben, fast hätte er verziehen. Die
193 2212 756 2260 s sind darüber mit mehr oder
1953 2208 3169 2273 Brillantfeuerwerk von Worten, Raketen in allen Farben, die mit
184 2243 1960 2313 beggehüpft. Denn wäre es nicht Kluft zwischen den Zweien ist gar keine Kluft, nur ein erträglich
1954 2251 3166 2310 leichtem, diskretem Knall explodienen (ohne zu rauchen) und
186 2285 1954 2345 ch, vor dieser Grenze haltzu= breiten Graben, über den man unschwer hinüber könnte. Jedoch
1943 2292 3170 2362 Flammenräder, die sich drehen, ja gane Leuchtembleme mit weithin
190 2322 1958 2392 dem Gleichgewicht, und es er= der Dichter will es anders: Er nimmt einen Anlauf dazu, stark
1943 2339 3178 2398 sichtbaren Inschriften, die man sich merkt. Aber auch Gedanken
188 2379 1422 2449 gar schmutzige Verwicklungen, zu sein. Er wird nur gewalttätig.
1944 2373 3178 2448 sind da, wirklich viele Gedanken! Und warum sollten diese Ge¬
194 2413 765 2480 Leib in Unordnung. Gule
1950 2423 3181 2492 danken nicht inhaltsvoll sein, wo sie doch bereits der dreißigjährige,
817 2419 1954 2479 Die „Große Szene“, die Schauspieler Konrad Herbot seiner
751 2449 1949 2526 Frau vorspielt, ist auch eine Stunde des Erkennens. Sie erkennt
184 2461 755 2524 verliert nicht den Alem, wenn
1947 2472 3170 2524 damals beklemmend frühreife Schnitzler gedacht und ausge¬
1947 2514 2993 2577 sprochen, also ein Menschenleben auf sie verwendet hat?
188 2512 756 2568 nan stürzt sich eben nicht vom
750 2515 1962 2578 die Theaterseele dieses Kulissenreißers, erkennt, daß er ein
2011 2542 3164 2623 Die Darstellung: Es ist ein Basserman=Abend. Er
760 2553 1961 2620 Komödiant ist auch vor ihr. Unbeschwert von Gewissensskrupeln,
195 2559 766 2607 kann es geschehen, daß ein
746 2585 1955 2658 hat er sie betrogen, mit gleicher Leichtigkeit macht er ihr seine
175 2597 757 2667 dert lang in den Tiefen der
1951 2599 3171 2662 gibt den Arzt, den Schauspieler, dan Schriftsteller. Den ersten
188 2643 762 2706 nur abgerundete, zerbrechliche
762 2640 1951 2696 Schuldgeständnisse, und ohne größere Beschwernis düpiert er den
1950 2644 3174 2711 mit allen Infamien eines tückischen Gelbstlings. Schon sein roter
753 2688 1958 2744 Verlobten jenes jungen Mädchens, das ihm den Sommerurlaub
183 2670 772 2744 rt hai, Abkläricht und immer
1956 2683 3168 2753 Assyrerbart reizt. Den Zweiten as eleganten Schwadroneur,
180 2735 1951 2802 uf Lackschuhen kommt man inversüßte. Künstlertum und Ehe, Liebe und Ehre, Wahrheit und
1948 2731 3182 2805 Hohlkopf und, in sich verliebten, Verführer. Den Dritten als den
745 2771 1953 2836 Lüge — dies alles sieht er nur im Rampenlicht, jedes seiner
1949 2764 3173 2841 gereiften Lebenskünstler mit gebändigten Leidenschaften. Im
754 2809 1947 2874 Worte trägt Schminke, und in dem großen Helden steckt nur ein
176 2793 777 2872 end sind Variationen über das¬
1950 2805 3185 2885 übrigen spielt er, wie alle Großen, trotz seiner Wandlung fähigkeit,
181 2865 3183 2917 nnens. Frau Klara Eckold hat ganz gewöhnliches kleines Luder. Das Leben besteht für ihn sich selbst, und dies ist am besten so. Neben ihm stand, sehr echt
194 2901 3185 2979 r Jahren, hintergangen. Nichtl aus Szenen mit guten Auftritten und vorteilhaften Abgängen. Er] und sehr lebendig, Theodor Loos iig der Episodenrolle eines be¬
358 3254 424 3336 —
