3344 4320
2127 261 2575 353 box 32/2
266 271 2132 351 26.1. Konoedie der Vorte zvklus
1942 627 3089 700 gioi): „Aha, da steht, was du mitbringen sollst: Kaffee, Jullel,
1938 671 3004 716 Strup und Vater?... Was bedeutet denn das letzte Wort?“
1938 702 3080 768 Peperl: „Das gilt nicht für Sie... den Vater soll ich aus dem
1928 753 2443 818 „otey=Ochsen“ mitbringen!“
2410 771 2646 853 1
498 794 1814 859 verheiratet mit einer schlichten, bürgerlich=ehrlichen Frau. Er
504 851 1813 916 ist ihr öfters untreu, er ist gänzlich gewissenlos, doch ohne seine
2114 847 2898 969 Frankfurter Theater.
504 911 1814 964 Frau kann er nicht leben. Alle seine Eheirrungen werden so zu
505 958 1805 1016 Schauspielerei, zu Theaterszenen, — wahr bleibt nur sein ge¬
2272 943 2751 1035 Neues Theater.
497 994 1746 1070 heimnisvolles Gebundensein an seine schlichte, ehrbare Frau.
1932 989 3082 1095 Erstaufführung: „Komödie der Worte“. Drei Einakter.
588 1043 1807 1103 Das letzte Stück des Zyklus ist weder so reich an seelischen
2214 1068 2789 1130 Von Arthur Schnitzler.
503 1092 1807 1153 Enthüllungen und überraschungen, wie das erste, noch an
1977 1106 3081 1171 Vielleicht steckt in der Sammelüberschrift, die Arthur
499 1126 1809 1179 szenischer Farbigkeit, wie das zweite. Ein berühmter Schrift¬
1929 1146 3078 1204 Schnitzler über seine drei neuen Einarter: „Stunde des Erken¬
499 1177 1812 1235 steller gewinnt hier seine Frau zurück, die sich gerade entschlossen
1940 1197 3087 1264 nens“, „Große Szene“ und „Das Bacchusfest“ gesetzt hat, etwas.
1932 1238 3091 1279 wie eine captatio benevolentiae. Vielleicht! Man könnte sich
505 1231 1809 1292 hatte, ihn mit einem jungen und unverbildeten Durchschnitte¬
1938 1267 3099 1338 immerhin denken, daß der Wiener Dichter im Gefühl oder in
502 1259 1812 1340 menschen zu verlassen. Er lehrt sie auf listige Art. daß sie zu
1940 1304 3080 1373 der Erkenntnis, er habe im Wesentlichen nur mit Worten ge¬
499 1320 1799 1384 ihm gehört, und wie sie es eingesehen und ihr Liebhaber ver¬
1936 1344 3099 1412 spielt, anstatt von Leben erfüllte Vorgänge zu gestalten, im
498 1371 1806 1448 dutzt abgeht, sagt der Gatte: „Ich hasse Dich!“ Sie antwortet:
1933 1378 3108 1453 Gesamttitel eine Art Entschuldigung=im=Voraus versucht. Wie
502 1420 1282 1485 „Und ich Dich noch tausendmal mehr.“
1939 1425 3082 1490 gesagt: vielleicht. Man kann natürlich der Signierung „Ko¬
1937 1453 3091 1527 mödie der Worte“ auch eine andere Deutung geben, ja es fiele
591 1464 1807 1531 Die schauspielerische Darstellung wird beim letzten Stück
1940 1498 3089 1570 nicht allzuschwer, eine ganze Reihe von Erklärungen auszu¬
495 1511 1803 1567 leicht in einen possenhaften Ton abgleiten, was aber wenigstens
1940 1537 3078 1590 klügeln. ... Die drei neuen Schnitzlerschen Einakter stellen
491 1563 1811 1619 hier vom Publikum nur angenehm empfunden wurde. Die
1931 1576 3085 1640 Variationen zu dem vom Dichter immer wieder aufgegriffe¬
496 1617 1812 1675 Bühnenwirksamkeit erhöht übrigens der originelle Ort der
1938 1614 3083 1658 nen Komplex jener Probleme dar, unter denen die wichtigsten
1935 1656 3077 1710 diese sind: Sinn und Wege, Wellentäler und =höhen, Hemmun¬
491 1652 1811 1720 Handlung: eine Bahnhofshalle, die eine geschickte Regie als
1938 1698 3090 1749 gen und Absurditäten des Zusammenlebens von Mann und
505 1702 1795 1773 Aufmarstt gelände für intes Statistenvolk gut ausnutzen kann.
1945 1744 3100 1795 Frau und die Möglichkeiten der Rolle des Weibes in der Ehe.
489 1742 1807 1802 Der größte Erfolg im Theater wird aber stets, wie hier in
1941 1773 3072 1836 Was zu dem reichlich oft behandelten Thema neues gesagt
497 1793 1804 1859 Frankfurt, der „großen Szene“ zuteil werden, einem Stück, für
1944 1810 3085 1877 wird? Garnichts oder doch nur recht wenig. Ob Schritte nach
1933 1850 3083 1909 vorwärts oder aufwärts gegenüber früheren Arbeiten erkenn¬
489 1838 1805 1910 das Theaterdirektor Held und das Publikum von jeder Mischung
1935 1884 3083 1957 bar sind? Nein. Schnitzler ist mit seinen in die Form von
487 1891 1581 1966 dem Wiener Dichter dauernd dankbar bleiben wird.
1942 1926 3078 1986 Wechselgesprächen gekleideten feuilletonistisch=novellistischen Be¬
1355 1935 1718 2018 Fritz Seger.
1935 1971 3086 2041 trachtungen über Wert, Evolutionen und Revolutionen ehe¬
1941 2004 3074 2057 licher Gemeinschaft gewissermaßen auf einen toten Punkt ge¬
578 2023 1794 2078 Die „Komödie der Worte“ wurde auch im Wiener
1946 2042 3088 2113 kommen. Auch an das Bild vom Manne, der im Kreise herum¬
488 2072 1797 2123 Hofburgtheater mit Erfolg aufgeführt. Harry Walden
1947 2080 2882 2147 läuft, kann man denken. Die „Stunde d
2897 2090 3086 2146 s Er¬
501 2117 978 2182 spielte die Hauptrollen.
1934 2115 3079 2186 kennens“, der erste Einakter, gemahnt in Ton
1943 2157 2042 2201 und
2060 2148 2473 2210 Haltung an die
2463 2153 3075 2227 „Gefährtin", ohne diesem
885 2174 1389 2269 Dr. Albert Bauer.
1941 2197 3072 2241 Werk gleichwertig zu sein. Die „Große Szene“
1943 2241 3077 2299 gibt einen Ausschnitt aus einer Schauspielerehe, wie man sie
573 2241 1793 2317 Von dem Oberarzt der Kgl. chirurgischen Klinik in
1937 2284 3094 2338 aus Theaterromanen zur Genüge kennt. „Das Bacchus¬
501 2296 1800 2363 Breslau, Herrn Prof. Coenen gehen uns aus dem Felde
1935 2311 3084 2371 fest“ endlich nützt einen an sich hübschen Lustspieleinfall — ein
1935 2360 3080 2409 reichlich ungeschickter Liebhaber will eine Frau, mit deren Ein¬
499 2352 922 2412 folgende Zeilen zu:
1937 2395 3091 2446 verständnis, vom Gatten lösen und muß allein und gebemütigt
573 2394 1794 2465 Der am 26. September 1915 in Frankreich gefallene Oberarzt
1934 2441 3084 2497 abziehen — nur schlecht aus. Die Linienführung ist unsicher,
488 2450 1801 2498 der Reserve, Dr. Albert Bauer gehörte der chirurgischen Klinik
1932 2476 3086 2530 der Ausgang blaß. Natürlich werden auch in diesen drei Ein¬
497 2492 1799 2561 in Breslau seit 1908 an und wurde von hier aus in medizinischen
1941 2511 3084 2571 aktern des österreichischen Autors geistreiche Gedanken ausge¬
495 2537 1787 2593 und technischen Kreisen bekannt durch seine originellen Ideen.
1941 2544 3086 2600 sprochen, leuchtende Steine fehlen nicht. Allein sie sind sehr
487 2587 1796 2640 Seiner Zeit begrüßte es die Schlesische Gesellschaft für vater¬
1947 2596 3083 2636 vereinzelt Der Glanz des Ganzen ist um vieles matter als
489 2627 1799 2675 ländische Kultur mit großem Enthusiasmus, alsBauer durch eine
1934 2626 3080 2689 in anderen Dialogstücken Schnitzlers. Auf manchen Szenen
1940 2672 3083 2728 ruht gar kein Licht. Entgleisungen wie der beinahe schwank¬
483 2665 1791 2714 besonders imprägnierte, später patentierte Binde den menschlichen
1942 2705 3078 2773 hafte Schluß des zweiten Stückes zeigen, daß selbst bei einem
487 2718 1800 2776 Körper im Röntgenlicht aufleuchten ließ, so daß man die inneren
1937 2743 3086 2804 Dichter wie bei diesem der Geschmack gelegentlich versagt. Das
491 2765 1790 2814 Organe und das Knochengefüge direkt sehen konnte und ein
1939 2786 3077 2835 Neue Theater, das die drei Stücke am gleichen Abend wie
1932 2828 3086 2881 Darmstadt und Wien herausbrachte, hat sich durch diese Erst¬
488 2849 1797 2901 einfachen, aber sinnreichen Bügel, der mit großer Kraft, aber
1933 2855 3083 2901 aufführung gleichwohl ein Verdienst erworben, das durchaus
491 2870 1799 2944 schonend am Oberschenkel angesetzt, eine genaue Einrichtung der
1931 2900 3097 2973 anerkannt werden soll. Herr Direktor Hellmer gab sich
492 2927 1789 2997 beim Bruch auseinander gewichenen Knochenenden und die sofortige
1931 2946 3095 3007 rechtschaffen Mühe, gute Vorstellungen über die Bühne gehen
490 2966 1792 3019 Vergipsung ermöglichte. Jetzt im Kriege wurde dieser Bügel viel
1926 2982 3078 3027 zu lassen. Die Regie war mit Umsicht und Geschick tätig. Da
1936 3022 3088 3067 und dort hätte sie die Zügel der Spielleitung noch etwas straffer
476 3008 1794 3073 angewandt. Seine auf anatomischen Untersuchungen basierende
1933 3061 3101 3123 anziehen dürfen. Herr Willi Schröder trat als Dr. Eckold,
490 3058 1798 3105 unblutige Methode der Behandlung des Darmvorfalles erwarb sich
1947 3103 3097 3152 Konrad Herbot und Felix Staufner auf. Man lernte in ihm
481 3104 1794 3164 viele Freunde. Auf rein wissenschaftlichem Gebiete war
1940 3139 3099 3198 einen Schauspieler kennen, der verheißungsvolle Entwicklungs¬
491 3140 1793 3207 er tätig durch seine monographische Bearbeitung des Schief¬
1937 3173 3095 3229 möglichkeiten zu besitzen scheint. Gestern Abend gelang es
479 3178 1781 3238 halses in den „Ergebnissen der Chirurgie und Orthopädie",
1940 3215 3099 3277 ihm nicht, alle Klippen, die seinem Spiel drohten, zu meiden.
478 3238 1789 3292 durch die Veröffentlichung einer seltenen Wundergeschwulst
1948 3255 3089 3312 Am besten schien ihm Felix Staufner zu liegen. Im ganzen
487 3280 1790 3324 (Teratom) der Zwerchfellgegend und durch seine auf Veran¬
1941 3293 3081 3332 standen die Leistungen Herrn Schröders immerhin auf einer
488 3320 1789 3381 lassung von seinem Chef, Geh. Rat. Küttner, mit Dr. S. Weil
1947 3321 3088 3390 beachtenswerten Höhe. Die reifste Gabe des Abends bot Frau
489 3368 1788 3413 gemeinsam gemachten Tierversuche, die die Einheilung von
1942 3370 3078 3425 Leiko als Klara Eckold. Sie erbrachte aufs neue den Be¬
1948 3413 3101 3451 weis, daß sie recht schweren Aufgaben gewachsen ist. Mit:
485 3412 1791 3465 keimfreiem totem Knochen im Organismus einwandsfrei
1936 3446 3099 3499 Glück versteht sie, die ihr übertragenen Gestalten selbständig auf¬
480 3464 1823 3527 dartaten und damit eine wissenschaftliche Stütze wurden für die
1937 3492 3084 3537 zufassen und ihr Spiel von Schablonisierungen freizuhalten.
1952 3530 3085 3576 Frl. Sangora fand sich mit der Schauspielersgattin des
1944 3564 3079 3621 zweiten Einakters im allgemeinen gut ab. Das letzte Stück
1939 3609 3084 3674 brachte Frl. Fuchs als die Frau auf die Bühne. Sie ließ
1949 3645 3076 3702 mehr als einen Wunsch unerfüllt, da sie mit der Figur, die
1949 3676 3091 3731 sie zu verkörpern hatte, völlig im Belanglosen blieb. Von den
1950 3718 3095 3768 übrigen Mitwirkenden seien die Herren Klöpfer, Groß¬
1941 3762 3099 3813 mann, Gewinner und v. Möllendorf genannt. Das
1943 3798 3078 3858 Haus war gut besucht. Die Zuschauer schienen aufmerksam
1948 3832 3090 3894 den wortreichen Unterhaltungen, die man auf der Bühne
1942 3872 3075 3921 führte, zu folgen. Nach dem zweiten und letzten Einakter
1955 3910 3093 3968 setzte starker Beifall ein, der auch dem Spielleiter des Abends
1948 3959 2055 4005 galt.
2045 3976 2975 4153 Carl Klippel
1981 4159 3061 4235 Kaiserstr. 75, nächst Hauptbahnhof.“
2133 4213 2881 4257 Brietpapiere Füllfederhalter
