3296 4352
902 208 970 269 6
1190 203 1248 270 W
612 203 704 268 m
2077 194 2533 291 box 32/3
215 200 1941 305 26.1. Kondedi der orte Zyklus
468 444 2007 681 Unterhaltungs=2
2108 606 2461 694 Eitaf
2465 520 2644 722 je
703 724 1480 786 Freitag, den 15. Oktober 1915
2089 682 2798 823 2. Belage — Seite 9—12
487 816 1683 921 Oberlehrer von Zivilberuf, mit einem köstlichen, urwüchsi¬
499 896 1683 954 gen Humor. Des Abends begleitete er sie, eine Kerze in
1899 871 2776 986 Der neue Schutzl—
499 938 1674 1006 jeder Hand, in feierlicher Weise zu Bett, und ein reizvolles
1724 941 2812 1040 0 „Komödie der Worte“ ##%
498 983 1667 1036 Stilleben baute sich da in der Kammer auf. Da entbot
504 1018 1680 1107 dem Arm in Arm mit ihr eintretenden lustigen Feld¬
2005 1004 2804 1097 Berlin, den 13. Oktober 1915.
501 1065 1659 1127 grauen ein von unseren Speiseüberresten gefüttertes, be¬
1748 1062 2840 1143 In diesem Werke, das bereits in Wien und
499 1101 1665 1176 haglich grunzendes Schwein den Willkommengruß und
1657 1094 2844 1202 Darmstadt aufgeführt worden ist und demnächst bei
503 1148 1655 1218 wurde ob dieses Wagemutes von der hinter ihm blöde
1661 1145 2833 1233 Barnowsky anderswo erscheinen wird, hat Arthur
502 1191 1654 1267 dreinschauenden Ziege lebhaft bestannt, während inmitten
1660 1184 2834 1266 Schnitzler wieder einmal, wie schon öfter, mehrere
493 1239 1662 1292 einer schlafenden Hühnerschar halblinks neben dem Ruhe¬
1657 1229 2837 1315 Einakter zu einem Theaterabend zusammengestellt und für
499 1279 1657 1354 lager der Haushahn, der den anbrechenden Tag schon nahe
1665 1283 2831 1349 eine gute Mischung gesorgt. Denn die drei Stücke sind
1656 1317 2831 1405 in ihrer Stimmung recht verschieden, trotzdem sie alle drei
490 1332 2840 1444 glaubte, sein munteres „Kikeriki“ erschallen ließ, wodurch denselben Titel — etwa „Nach der Eheirrung“ — führen
493 1371 1656 1444 sich drei Kater durchaus nicht stören ließen, die sich am
495 1406 1647 1487 Fußende des Beties warm eingebuddelt hatten und sich ge¬
1650 1407 2833 1488 könnten. Auch dieses Thema ist ja eine alte Schnitzlersche
494 1453 1640 1529 rade die lustigsten Schnurren zu erzählen schienen. Diese
1654 1451 2829 1535 Vorliebe. Man wird nun freilich nicht behaupten können,
487 1499 1644 1569 seltsame Gemeinde versammelte sich jeden Morgen um
1641 1497 2834 1575 daß anderwärts gerade heut eine besondere Vorliebe da¬
486 1541 1658 1630 die treu besorgte Pflegemutter, wenn sie das Feuer im
1657 1541 2832 1625 für vorhanden sei. Allein, man beginnt zu lesen*) und
488 1584 1651 1660 Kamin anlegte. Kamen wir dann von unserem Lager
1637 1583 2828 1668 man hört nicht wieder auf. Der Dichter hat wohl doch
491 1628 1640 1707 herab, so hatte sie nach einem herzlichen „Bon jour,
1652 1637 2824 1694 gewußt, weshalb er sich getraute, schon diesen Winter mit
487 1677 1645 1745 messieurs!“ für jeden ihrer zwei= und vierbeinigen Lieb¬
1645 1674 2833 1758 der neuen Gabe herauszukommen. Es gibt in allen dreien
473 1711 1630 1797 linge ein Kosewort, mit dem sie die Tiere auf ihre Plätze
1644 1715 2834 1813 Stücken Dinge, die, noch abgesehen von der meisterhaften.
1636 1758 2284 1828 Form, den Vorwurf vertiefen.
475 1770 1649 1822 verwies. Aber auch für ihre Feldgrauen hatte die alte
474 1802 1635 1874 Schmugglerin, die Ende der sechziger Jahre mit ihren
1723 1810 2811 1892 In dem ersten Teil, der „Stunde des Erkennens“
482 1845 1631 1926 Eltern in dunklen Neumondnächten manches Liter Schnaps
1635 1833 2814 1941 lebt ein Arzt seit 22 Jahren mit seiner Frau, nach deren
500 1879 1634 1975 ####r die Grenze gebracht, ein Herz. Das haben wir er¬
1638 1899 2834 1976 zuverlässigen Aeußerungen, harmonisch zusammen. Frei¬
1061 1932 1637 2014 m#sen ir in Muh# und
1632 1950 2821 2015 lich hat sich vor 10 Jahren ein „Zwischenspiel“ im Leben
1632 1984 2810 2061 dieser Frau ereignet, das indessen durch seine besondere
1630 2027 2811 2108 Motivierung und den Charakter der Frau wenigstens dem
1631 2070 2809 2148 Verdacht der Frivolität entrückt ist. Jetzt nun ist die
1626 2114 2807 2185 Tochter des Hauses auf der Hochzeitsreise, und als man
1635 2159 2799 2235 glaubt, daß sich die beiden Alleingebliebenen in der Ab¬
1636 2198 2805 2267 schiedsstimmung noch enger zusammenschließen werden,
1630 2240 2806 2308 kommt eine harte und unerbittliche Abrechnung des Man¬
1629 2286 2801 2367 nes, der alles, bis auf die Person des Nebenbuhlers, ge¬
1630 2330 2805 2385 wußt und seit 10 Jahren nur gewartet hat, daß die Ver¬
1629 2373 2804 2441 heiratung der Tochter ihm erlauben würde, das Zusam¬
1622 2418 2797 2480 menleben mit der Frau auszugeben. Er hat zwar da¬
1617 2460 2794 2527 mals alle Beziehungen zu ihr wieder ausgenommen, die
1618 2503 2793 2592 schon vor der Abschweifung der Gattin von ihm aus in
1617 2549 2786 2620 einer Zeit aufreibender Berufskämpfe gelockert waren;
1627 2589 2797 2685 aber er läßt ihr jetzt, am letzten Tage, keinen Zweifel, daß
1620 2630 2781 2719 sie seit damals weder seine Frau noch seine Geliebte
1616 2671 2115 2737 gewesen sei, „höchstens.
2214 2691 2778 2761 Das heißt, er trennte sich
1610 2721 2794 2801 innerlich längst vollständig von ihr. Man hält so etwas
1615 2762 2784 2849 vielleicht nicht für möglich. Ich glaube, daß es möglich
1609 2805 2780 2892 ist. Es verfallen so viele Ehen nach einem solchen Be¬
1608 2855 2783 2946 gebnis der Schlamperei, warum sollte nicht ein Mann
1616 2901 2779 2975 einmal sich dieser selben Schlamperei äußerlich überlassen,
1605 2935 2769 3025 innerlich aber sich draßen halten, drüberstehen, so daß
1607 2979 2772 3063 die Schlamperei ihn nicht beschädigte und er zugleich
1612 3022 2775 3109 innerlich Rache nähme? Dennoch läßt der Dichter selber
1597 3063 2778 3143 kaum einen Zweifel, daß etwas Unnatur dabei im
1610 3111 2774 3199 Spiele war und verhängnisvoll wurde. Denn durch sein
1603 3154 2772 3232 Schweigen blieb der Mann im Irrtum über die Person
1599 3196 2774 3277 des Nebenbuhlers und bildete sich einen falschen ein, den
1594 3239 2761 3307 schlimmsten, der ihm hätte vorkommen können, während
1601 3294 2768 3369 er den wirklich Begünstigten, wenn er ihn gewußt hätte,
1597 3326 2218 3395 vielleicht — er sagt es selbst
2201 3334 2767 3409 — hätte verzeihen können.
1596 3374 2766 3449 Darin liegt eine gewisse Tragik. Nach der Enthüllung
1602 3411 2760 3494 scheidet sich die Frau, die ihn bis dahin klug und gütig
1600 3462 2758 3539 auf die seither verflossenen 10 Jahre und ihr Glück hin¬
1597 3503 2749 3583 wies, entsetzt von ihm: „Du hast das Recht gehabt —
1580 3553 2759 3625 vielleicht — mich fortzujagen, am Ende sogar mich zu
1585 3587 2751 3677 töten. Aber ein Recht, mir die Strafe zu verschweigen,
1599 3629 2748 3686 die es dir beliebte, über mich zu verhängen, das Recht
1595 3673 2755 3748 hattest du nicht. Du hast mich schlimmer betrogen und
1584 3716 2745 3780 tausendfach feiger als ich dich. Du hast mich tiefer er¬
1589 3758 2746 3819 niedrigt, als ein Mensch irgend einen anderen erniedrigen
1583 3808 2747 3881 darf!“ — Natürlich ist ein Künstler wie Schnitzler weit
1694 3883 2746 3975 ) Das Buch ist im Verlage S. Fischer in Berlin soeben
1578 3911 1800 3972 erschienen.
1668 3968 2632 4070 (Fortsetzung des redaltionellen Teils nächste Seite.)
