3344 4320
1394 161 1477 242 1
614 179 1391 291 Reichenberger StadtthedBr.
777 281 1254 351 Komödie der Worte.
577 318 1461 423 Wrei Emnalter von Arthur Schnißier.
555 389 1527 457 Arther Schnitzler ist neben Bahr von den
504 442 1513 500 Jung=Wien Poeten der Bringer der Literatur¬
504 495 1520 552 moden. Die aus seinen früheren Werken be¬
496 530 1524 603 kannten Eigenarken treten auch in den drei Ein¬
493 575 1527 632 aktern zutage, die der Dichter unter dem Titel
502 625 1528 678 „Komodie der Worte“ zusammengefaßt hat,
491 666 1532 717 wenn ihnen auch die alte drametische Krazt
498 712 1531 763 nicht mehr inezüwohnen scheint. Sicherlich aber
503 756 1540 819 zeichnen sich diese lünstlerich mit leichter Hand hin¬
504 807 1528 861 geworfenen Sützzen ducch einen feinen, zwangos
500 849 1522 909 natür ichen und geistvollen Dialog aus. Beson¬
495 881 1534 944 ders versteht es Schnitzter auch hier, durch die
503 929 1527 993 psychische Ausgestaltung seiner Charaktere den
500 970 900 1035 Zuhörer zu fesse.n.
587 995 1516 1079 In der „Stunde der Erkenntnis“ löst
499 1056 1523 1116 Dr. Eckod die eheliche Gemeinschaft mit seiner
493 1105 1391 1155 Gattin K.ara, weil er des Glaubens ist,
1410 1110 1528 1172 daaß
500 1150 1519 1194 diese vor zehn Jahren ein Liebesverhältnis mit
499 1193 1512 1253 Professor Ormin Unterhalten habe, einem Manne,
495 1235 1514 1286 dem das Schalsal alles gegeben, was ihm selbst
1391 1284 1529 1345 ##t
503 1278 1388 1345 versagt worden war. Zehn lange Jahre
498 1324 1528 1374 Eckold seines Kindes wegen geschwiegen, nun
500 1372 1527 1418 aber, da dieses verheiratet ist, schlägt für ihn
500 1417 1529 1454 die Stunde der Erkenntns. Jetzt gesteht er seinem
503 1461 1517 1504 Weibe, daß seine Zartichleiten seit jenem Treu¬
489 1505 1527 1546 bruche nichts anderes gewesen seien, als der
498 1543 1523 1597 Gefühlsausdruck eines Mannes zu einer Dirne.
494 1590 1523 1642 Kara, die damals nicht mit Ormin, sondern mit
490 1638 1523 1675 dem Schöngeiste Flöding ihren Gatten vernach¬
502 1675 1514 1725 lässigt hatte, läßt diesen in seinem Irrtum
501 1715 1296 1767 und ver äßt für immer das Haus
550 1759 1529 1811 (ie „Große Szene“ spielt der flatterhafte
488 1806 1525 1851 Schaussieler Herbot dem jungen Edgar Gley vor,
495 1854 1520 1897 indem er ihm durrch einen Brief mit gesä'schtem
502 1894 1527 1941 Tatum klarmacht, daß Detsh, die Blaut Edgars,
501 1941 1516 1988 nemals mit ihm ein Verhältnis gehabt habe.
504 1987 1520 2035 Die Frau Herbots, Sophie, welche eben wegen des
499 2029 1530 2092 Treubruches mit Duisy ihren Mann ver assen
503 2074 1516 2127 hatte, und nun, da sie ihm verzeihen will,
501 2115 1526 2180 Zeuge dieser Szene wird, wirk, durch die lügen¬
501 2162 1527 2214 haften Worte; von der Unveröesser ihleit Her¬
492 2202 1521 2250 bots überze gt, abermas von dannen gelin, doch
494 2251 1529 2288 als dieser von der Theatergarderobe als Hiam¬
504 2292 1527 2336 tet zu ihr hereinstürzt und sie in glühenden
498 2335 1526 2391 Worten seiner Liebe versichert, fällt sie ihm ver¬
498 2380 978 2448 zethend in die Arme.
568 2421 1517 2481 Im „Bachusfest“ wil sich Frau Agnes
489 2484 1518 2525 von ihrem Manne, dem Schriftsteller Felix Stauf¬
496 2510 1527 2559 ner, scheiden assen, weil dieser im Stabaital
490 2558 1527 2614 mit einem Fräulein Walther eine Bekanntschaft
500 2602 1525 2647 angelnüpft hat, und den um sie werbenden Dr.
503 2642 1531 2692 Wernig zu heiraten. Wie Agnes nun mit Dr. Wer¬
505 2685 1518 2733 nig ihrem Gatten nach dessen Zurückkunft aus
495 2725 1527 2777 der Sommerfrische von ihrem Entschlusse Mittei¬
503 2775 1523 2830 lung machen will, versteht es Felir, die ganze
498 2822 1534 2869 Angelegenheit mit Zuhilfenahme des Inhaltes sei¬
502 2866 1530 2920 nes neuen Drämas „Das Bacchusfest“ so zu seinen
495 2905 1525 2949 Gunsten zu drehen, daß Dr. Wernig auf die
498 2947 1527 3010 Hand Agnes' für immer vertzichten muß. Felix
506 2999 1527 3048 giöt nun seinerseits die Belanntschaft aus dem
488 3041 1534 3104 Stubaitalk preis und lebt wieder ganz für seine
514 3119 1461 3211 Die Aufführung der drei Komidien war
420 3181 1452 3247 im allgemeinen eine gute, wenn auch das
417 3226 1470 3293 Tempo zeitwei ig etwas schleppend war. Beson¬
417 3269 1454 3318 dere Anerkennung verdient vor allem Wilhelm
422 3323 1463 3379 Doin, der in den Rollen des Dr. Eckold, des
415 3371 1468 3423 Schaufpielers Herbot und des Schriftstellers
413 3406 1470 3452 Stäufner gleich vorzügliche Leistungen bot. Am
416 3449 1469 3498 besten gesiel er in der „Großen Szene“. Als
414 3491 1460 3542 Klara zeigte Alma Sorel in Spiel und Sprache
418 3538 1459 3585 feinste Printierung. C.la Swoboda war als
420 3581 1456 3637 Sophie ein reizend schmollendes F.auchen, Maria
429 3614 1454 3668 Jaghas Agnes war in der Sprache zu farblos.
418 3660 1458 3732 Lobende Erwähnung verdienen noch Pani Hoppe
419 3718 1450 3772 (Professor Ormin), Eduard Gebhard (Edgar
413 3759 1458 3814 Gley und Dr. Wernig) und Leopold Brandt
421 3797 1503 3855 (Dr. Falk). Letzterer zeichnete auch für die Spiel¬
425 3841 1260 3912 leitung. Das Theater war ausverkauft.
1296 3841 1378 3911 P.
2607 1258 2899 1363 27 3fl. 1919
2043 1306 2629 1404 Marienbnder Zeitung
2189 1407 2360 1480 Marie
2048 1476 2819 1604 Theater und Musk.
1905 1602 1947 1649 —
1958 1588 2691 1686 — Usmödie des Worte.
2786 1663 2836 1713 6e
1884 1670 2787 1734 (Einakterzyklus: „Stunde des Erkennens“, „Die gro
1890 1700 2849 1773 Szene“, „Das Bacchusfest“.) Von Arthur Schnitzler.
1961 1751 2851 1828 Ueber den Inhalt dieser drei geistreichen¬
1899 1796 2854 1873 Stücke könnte man ein ganzes Buch schreiben.
1899 1850 2855 1930 Schnitzler wirft hier Probleme auf, die des
1888 1900 2864 1973 Nachdenkens wert sind und die, in Buchform
1897 1941 2865 2036 behandelt, stets das Interesse des Lefers finden
1892 1996 2866 2080 werden. Auf der Bühne wirken sie weniger, denn
1905 2040 2864 2126 es fehlt ihnen die Handlung; es bedurfte der
1888 2087 2936 2191 großen Bühnentechnik Schnitziers, um sie über= I##
1871 2179 2828 2282 haupt aufführungsfähig zu machen. Für die
1877 2231 2824 2331 große Masse sind sie gewöhnlich zu schwere Kost.
1884 2308 2831 2372 Daß diese Stücke bei uns so gute Aufnahme
1878 2349 2839 2435 fanden, stellt unserem Theaterpublikum ein gutes
1878 2419 2166 2497 Zeugnis aus.
1950 2423 2837 2514 Die Aufführung ist bei solchen Stücken die
1890 2486 2841 2573 Hauptsache. In dieser Hinsicht ist vor allem
1889 2544 2833 2621 die Leistung des Herrn Lichtenberg zu erwähnen,
1884 2584 2834 2666 der in allen drei Stücken der Träger der
1889 2644 2839 2719 Hauptrolle war. Sowohl als Eckold, wie als
1899 2681 2855 2770 Herbot und Staufner war er gleich gut. Das
1900 2733 2855 2819 ist eine Leistung, die vollste Anerkennung ver¬
1903 2775 2846 2872 dient. Das gleiche gilt für Frl. Fabri als Klara,
1894 2827 2849 2914 Sophie und Agnes. Sehr gut gefielen auch die
1900 2881 2860 2964 Herren Hofmann, Steinherr und Mittler. Dank
1899 2924 2867 3004 dem vorzüglichen Spiel dieser fünf gediegenen
1905 2972 2850 3058 Darsteller und der guten Regie des Herrn Nasch
1902 3031 2857 3106 kam der Gehalt der drei Stücke voll zur Geltung.
1917 3070 2869 3155 Es war eine gute Aufführung, die noch bessere
1916 3141 2417 3223 in sichere Aussicht stellt.
1984 3172 2868 3253 Das Publikum unterhielt sich denn auch am
1926 3219 2868 3303 Samstag abends ausgezeichnet und spendete den
2671 3265 2824 3334 J. u.
1923 3277 2564 3377 Hauptdarstellern reichen Beifall.
