3392 4384
611 228 670 290 ch
602 387 687 473 id
750 164 1235 239 en
1719 194 2783 261 tisch innerlich angesaulter Schauwieter, den wessen
772 213 1738 281 = Eisenbahnunfall. Im Hauptgüterbahnhof fuhr
1734 245 2785 294 ehelicher Fehltritte seine Frau verließ, als „großes
692 261 1733 315 gestern früh gegen 2 Uhr ein von Worms kommender
1739 281 2798 336 Kind“ geschildert, dem man manches verzeihen kann.
695 307 1723 356 Güterzug auf einen anderen Güterzug, der noch im
1746 316 2797 381 Ais die Gattin auf Bitten eines Theaterdirektors,
697 338 1725 388 Einfahrtsgleise stand. Eine Lokomotine und 8 Wagen
1735 360 2794 409 der den Schanspieler als Kassenmagnet benötigt, wie¬
697 386 1732 434 entgleisten und wurden schwer beschädigt. Der auf
1732 400 2791 446 der zurückkehrt und dann mit anhören muß, in wel¬
690 422 1734 471 dem einfalrenden Güterzug bedienstete Schaffner
1732 431 2797 490 iher Verlogenheit ihr Mann vor dem Bräutigam
685 459 1734 501 Wilhelm Spang aus Worms wurde schwer verletzt
1744 475 2790 529 eines von ersterem verführten Mädchens sich „recht¬
683 498 1728 542 und kam ins städtische Krankenhaus. Der Unfall ist,
1746 513 2797 579 sertigt“ erfaßt sie aufs neue ein Ekel. Aber die liebe
692 542 2791 616 wie man hört, durch vorzeitige Freigabe der Einfahrt! Eitelkeit siegt, denn da der Kronprinz im Theater
687 573 873 632 erfolgt.
1731 588 2792 656 ist und ihr Mann den „Hamlet“ nicht spielen will,
810 610 1734 669 Anzeige gegen Molkereien. Wie wir hören,
1731 625 2795 690 wenn sein liebes Weibchen nicht dabei ist, gibt sie als
678 645 1738 712 ist gegen Mollereien, die sich an die festgesetzten
1739 670 2798 715 Gattin des „großen Menschen“ nach und geht ins
681 699 1732 765 Milchhöchstpreise nicht halten wollen, Anzeige bei der
1738 705 2797 768 Theater und damit in ihre zerrüttete Ehe zurück.
688 737 1433 796 Staatsanwaltschaft erstattet worden.
1779 738 2799 803 Der letzte Einakter „Das Bacchusfest“ ge¬
788 764 1736 831 „Uebt Kameradschaft!“ Unter diesem Titel ist
1736 788 2800 855 hört zu dem schwächsten der drei Stücke. Hier bringt
679 816 1741 883 in dem Verlag der Carolus=Druckerei ein
1742 832 2791 883 ein energischer Ehemann sein Frauchen, das wäh¬
681 864 1743 918 Heftchen erschienen, das für unsere Feldgrauen be¬
1732 858 2809 928 rend seiner Abwesenheit mit einem fast trodbelhaf¬
685 902 1733 954 stimmt ist. Der Verfasser, Walter Egon=Metz, behan¬
1744 907 2832 966 ten Jüngling Seitensprünge zu machen versuchte, I
677 939 1733 999 delt in 4 Abschnitten die wahre Kameradschaft. Der
1747 948 2790 1021 zur Vernunft zurück und der Verführer muß allein
1734 981 1901 1038 reisen.
678 984 1731 1035 niedrige Preis (10 Pfg. das Stück) sollte Veran¬
682 1017 1736 1069 lassung sein, jedem Soldaten das hübsch ausgestattete
1790 1003 2808 1079 In allen drei Stücken führte sich Herr Schrö¬
679 1063 1733 1130 16 Seiten starke Heft ins Feld oder in die Kaserne
1738 1059 2800 1127 der als werte Sraft in den Rollen der Ehemänner
684 1100 929 1164 zu schicken.
1730 1092 2803 1159 ein, Frl. Sangora und Herr Großmann wuß¬
1732 1139 2791 1192 ten ebenfalls durch ihr Spiel dem zweiten, mit etwas
804 1134 1731 1194 Die ersten Christbäume. Obwohl uns noch
1740 1184 2792 1248 Humor getränkten Einakter zu einem Erfolge zu
689 1187 1735 1239 Wochen vom Weihnachtsfest trennen, hat der Handel
1736 1225 2797 1277 verhelfen, des weiteren waren noch die Damen Leiko,
693 1230 1728 1274 mit Christbäumen bereits seinen Anfang genommen.
1742 1255 2798 1317 Tillmann, Fuchs und die Herren Klöpfer, Gewinner,
687 1266 1738 1316 Die Händler bereisen gegenwärtig die großen
1734 1301 2793 1362 v Möllendorff und Guter in den drei Stücken be¬
696 1310 1721 1354 Staats= und Gemeindeforsten des Spessart, Taunus,
1746 1338 2808 1384 schäftigt, denen die Spielleitung unter Direktor
689 1349 1725 1394 Odenwald und Vogelsberg und machen mit den
1742 1376 2788 1439 Hellmer eine prächtige szenische Umrahmung ge¬
687 1386 1738 1441 Forstverwaltungen ihre Abschlüsse. Der Truppen¬
1743 1414 2016 1472 geben hatte.
2634 1426 2765 1478 —er.
694 1427 1725 1474 übungsplatz bei Bad Orb stellt in diesem Jahr den
681 1467 1735 1516 Händlern 15000 Weihnachtsbäume zur Verfügung.
690 1486 1736 1551 Ueber die Preise wurden bisher noch keine Verein¬
2038 1456 2491 1578 Marktberichte.
691 1541 1742 1603 barungen getroffen. Im vorigen Jahr bezahlte man
1792 1559 2787 1633 Obst= und Gemüsemärkte. Am 12. Oktober erzielte
695 1583 1738 1633 für das Hundert 8—9jähriger Bäume 40 N, 10—12=
1744 1610 2785 1670 in Worms der Zentner Weißkraut 5—6 M, Kar¬
688 1621 1724 1677 jähriger Bäume 40—50 M. Zu diesen Preisen kamen
1739 1656 2800 1708 tofseln 4—5 M, Zwiebeln 18—20 =, Aepfel 6—15.4,
688 1665 1726 1730 noch die Hauerlöhne und die erheblichen Transport¬
1730 1695 2802 1734 Birnen 8—18 A. Spinat 8—12 A, gelbe Rüben 8 bis
686 1705 862 1767 kosten.
1749 1731 2797 1786 10 J, rote Rüben 6—8 =, die 100 Stück Blumenkohl
796 1731 1736 1794 Die Intendanz des Schauspielhauses gibt be¬
1735 1776 2796 1831 10—50 4, Rotkraut 10—40-, Wirsing 5—15 ., Salat
677 1772 1730 1838 kannt: Zum Gedenktag der 500jährigen Herrschaft
1741 1807 2299 1860 6—18 4, Sellerie 6—12 .
681 1829 1740 1895 des Hauses Hohenzollern wird am 21. ds. Mts. im
677 1865 1739 1909 Schauspielhaus Ernst von Wildenbruchs „Die
2088 1888 2454 1973 Briefkasten.
676 1908 1740 1961 Quitzows“ in Szene gehen. Die Vorstellung wird
669 1944 1741 1996 eingeleitet durch Wildenbruchs Gedicht „Die Beleh¬
1780 1942 2789 2000 B. 72, Urberach. Wenden Sie sich an das „Zentral¬
688 1985 1726 2042 nung der Mark Brandenburg“, gesprochen von Herrn
1734 1982 2785 2040 Nachweise=Bureau des Kriegsministeriums“ Berlin NW. 7,
688 2023 843 2083 Ebert.
1733 2016 2794 2093 Dorotheenstraße 48, oder an das „Dänische Rote Kreuz“ in
1746 2065 1977 2105 Kopenhagen.
750 2055 1741 2115 = Brüder Post=Konservatorinm. Am Donners¬
685 2103 1736 2163 tag, den 14. Oktober findet das zweite Abonnement¬
1954 2077 2577 2202 Vereinskalender.
680 2143 1742 2198 Konzert, unter Mitwirkung von Georg Adler und
672 2190 1742 2240 dem Brüder Post=Quartett, statt. Zur Aufführung
1739 2180 2806 2246 Kath. Männer=Verein Frankfurt, gegr. 1870. Donnerstag
682 2227 1738 2271 gelangen Quartette von Beethonen Aomnoll Op. 132,
1769 2225 2789 2295 Versammlung mit freier Aussprache und Erledigung von
1763 2265 2210 2303 Vereinsangelegenheiten
686 2264 1739 2327 Mozart A-dur Nr. 16 und Klaviersoli von Bach,
699 2304 1324 2359 Schumann, Chopin und Liszt.
1802 2331 2734 2396 Wettervoraussage für Donnerstag:
719 2328 1749 2403 = Albert Schumann=Theater. Morgen Donnners¬
715 2389 1738 2442 tag, den 14. d. Mts. findet im Albert Schumann¬
1786 2385 2785 2450 Zunächst noch mild, feucht, trüb, später aufklärend.
680 2428 1734 2481 Theater ein Programmwechsel statt. Diesmal hat
693 2470 1741 2514 die Direktion ein Werk erworben, das bisher in
1960 2474 2568 2576 Seefischverkauf
698 2506 1747 2558 Frankfurt noch nicht gegeben wurde, es ist die
683 2541 1739 2592 Operette: „Der Zigeuner=Primas“ von Jul. Wil¬
1785 2554 2753 2617 unter städtischer Preiskontrolle.
695 2579 1754 2639 helm und Fritz Grünebaum. Musik von Emerich
689 2625 1743 2687 Kälmén. Die Hauptrollen sind besetzt mit den
1795 2622 2797 2681 Die Preise für frische Seefische in den bekanntge¬
684 2659 1727 2719 Domen: Jrmgard Pagenstecher, Anni Sutter, Berna
1735 2680 2547 2742 gebenen Geschäften sind für diese Woche:
693 2707 1739 2748 Maria Köhler, Winni Fischer und den Herren Ju¬
2477 2719 2650 2790 35 P
1821 2725 2293 2795 Ia Bratschellfische
686 2743 1745 2793 lius Dewald, Emil Nothmann, Emil Schroers, Ernst
689 2789 1748 2854 Willert, Emil Amann, Fritz Weber, Fred Fried!
1825 2762 2687 2854 Ia mittelgroße Schellfische 53 Pf.
687 2826 823 2881 usw.
2482 2827 2695 2883 60 Pf.
1824 2829 2096 2894 Ia große
2453 2871 2710 2946 52 Pf.
1835 2874 2349 2949 Ia Kabeljau
865 2894 1577 3014 Kunst und Bühne.
996 3000 1440 3085 Neues Theater.
1979 2990 2227 3077 Armee¬
2393 2993 2721 3100 Nur
681 3054 1738 3141 [Uraufführung: „Komödie der Worte“.
2003 3078 2215 3159 Dolen
824 3116 1616 3170 Einakterfolge von Arthur Schnitzler.
1978 3129 2247 3197 beste Waffe für
735 3162 1740 3217 Fast erweckt es den Eindruck, daß der von seiner
1973 3176 2251 3240 den Nahkampf.
2004 3211 2209 3256 Länge des
680 3197 1736 3267 Gemeinde als Dramatiker über alle Maßen empor¬
1974 3228 2249 3282 Messers 28 cm,
680 3252 1733 3301 gelobte Wiener Arzt und Theaterschriftsteller Arthur
1971 3252 2256 3322 Länge d. Klinge
2491 3289 2604 3353 1
692 3287 1754 3344 Schnitzler auf dem Zenith seines Könnens angelangt
1982 3305 2249 3344 16 cm, jederzeit
1999 3321 2225 3372 zum Greisen
695 3320 1748 3379 sei, wenigstens brachten die gestern Abend hier und
2006 3348 2219 3395 bereit. In
691 3365 1753 3417 in anderen Städten zur Aufführung gelangten drei
1980 3367 2250 3418 Stiefel. Tasche
1962 3404 2245 3461 od. auch Koppel
1360 3399 1745 3455 viel Worte aber
691 3408 1326 3457 Einakter — nomen et omen
2374 3343 2701 3489 65 .
2028 3436 2202 3478 tragbar.
684 3440 1740 3498 wenig wirkungsvolle dramatische Handlungen.
1977 3454 2245 3504 Portofrei bei
688 3476 1752 3527 Schnitzler behandelt darin, wie schon östers, das
2354 3475 2700 3535 Bettstelle.
1970 3484 2248 3536 Vorauszahlung!
1974 3517 2249 3573 Feldvostfert. im
697 3510 1745 3575 Schicksal dreier auseinander gefallenen oder zum
2291 3509 2748 3581 Patentmatratze
2041 3543 2192 3596 Karton.
687 3561 1749 3613 mindesten durch unmoralische Handlungen der einzel¬
2334 3557 2726 3619 Wollmatratze
1969 3553 2260 3624 Stück „K 3.40.
1961 3602 2246 3662 10 Stck. K 30.—.
683 3578 1755 3649 nen Gatten stark zersetzter Ehen wobei es nach seiner
2297 3590 2751 3667 mit Deckbett u. Kissen
2373 3641 2679 3700 14 Mk. mehr.
687 3627 1749 3690 Art an Entschuldigungen und Beschönigungen, gesell¬
2014 3646 2206 3706 Franz
687 3669 1743 3724 schaftlicher Lüge und Unwahrhaftigkeit nicht fehlt.
1980 3685 2222 3754 Verheven
2308 3673 2756 3784 F. Eisenbach,
695 3715 2262 3794 Trotzdem sind die Motive der einzelnen handelnden sg#eserstr. 45/4, Taunusstr. 811
1801 3772 1849 3797 1
686 3756 1739 3803 Personen oft so unglaubhaft und unwahrscheinlich,
2342 3765 2726 3824 Töngesgasse 44.
686 3785 1742 3855 daß man mehr für den einzelnen Fall brauchbar zu¬
689 3838 2254 3892 rechtgestutzte Theaterfiguren, aber keine Menschen 1|Herren=u. Damen-Stoffe
1837 3869 2156 3914 Rsste spottbillig.
2541 3857 2782 3925 nach Maß,
686 3872 1734 3926 von Fleisch und Blut mit gesundem Verstand vor sich
2260 3881 2797 3968 Alle Wäsche auch Reva¬
692 3887 2239 3956 wähnt, weshalb natürlich das Ganze auf den Zu=J. Langenbach Nachfolger
1803 3935 2190 3977 21 Reineckstraße 21.
2199 3940 2809 4013 raturen. Zeißelstraße 48, part.
679 3960 1528 4014 schaner wenig Eindruck hinterlassen kann.
1169 4057 1903 4207 eee e ene en e eee
2781 3725 2875 3800 1
2777 3817 2879 3885 9
2785 3868 2889 3935 Be
