3436 4320
2108 172 2600 281 box 32/1
275 185 2131 273 26.1. Kongedie der Norte Zukius
1335 795 1468 878 G
584 809 725 895 O
569 888 3204 929 1 Umgebung — dichterisches Leben gibt. Der gefeierte „Star“ mythologischen Erklärungen des Herrn Staufner. Dr. Guldo
1882 880 3206 961 Wernig fährt in entgegengesetzter Richtung ab, Herr und Frau
578 915 1902 990 Konrad Herbot (Harry Walden) lebt im Hotel. Zum wieder¬
166 902 525 1004 mödie der
1890 940 3206 1017 Staufner bleiben wieder vereint noch einige Tage in Salzburg.
579 961 1896 1053 holten Male hat er seine brave Frau (Frau Medelsky) be¬
1949 992 3209 1055 Ein Aerzte=, ein Schauspieler= und Schriftstellerstück, Kreise,
583 1001 1905 1091 trogen, die seine verständigste Kameradin, sein klügster Berater
1882 1018 3198 1123 in denen sich Arthur Schnitzler viel umgesehen hat und Bescheid
585 1071 1889 1129 und sein bester Regisseur ist, an seinen Erfolgen also ihren
155 1062 586 1168 tarbeiter unter dem
1882 1089 3198 1157 weiß. Diese wurmstichigen Ehepaare wollen uns, mit Aus¬
581 1105 1897 1180 großen Anteil hat. Frau Sophie liebt ihn, Herbot sie auch, was
1885 1125 3216 1213 nahme der Frau Sophie des Schauspielers Herbot, alle nicht
580 1149 1896 1236 ihn aber nicht hindert, sie mit der Braut eines braven, jungen
164 1161 596 1252 e ersten Neuheiten:
1895 1183 3204 1258 gefallen. Dem Leben am nächsten kommt „Die große Szene“.
184 1209 1900 1289 „Komödie ders Mannes Edgar Gley (Herr Gerasch) zu betrügen. Das
1895 1230 3211 1304 Die Psyche des Schauspielers hat Schnitzler wunderbar erfaßt.
154 1256 1890 1343 er Dichter betitelt wurde Frau Sophie zu bunt und sie ist auf und davon. Darüber
1893 1281 3205 1352 Der verwöhnte, von aller Welt verhätschelte Liebling des
165 1303 1901 1392 nens“, „Großesist Herbot sehr unglücklich, er kehrte nach Berlin zurück, zog ins
1893 1307 3217 1405 Publikums, ist schließlich ein großes, mitunter ungezogenes
174 1352 1895 1441 e sind nur lose mit= Hotel und schwor, seine schöne Wohnung nicht früher zu be¬
1891 1365 3210 1455 Kind, dem man, wenn es etwas anstellt, doch nicht für die
157 1399 1900 1486 ide Band bildet die treten, als Arm in Arm mit seiner Frau. Der brave Theater¬
1902 1442 3210 1493 Dauer gram sein kann. Das Schauspieler=Stück wur der Er¬
161 1445 1900 1535 der Menschen oft indirektor Dr. Falk (Herr Tiedtke), der die Menschen und
1901 1472 3224 1548 folg des Abends. Recht unwahrscheinlich sind die Vorgänge in
173 1488 1905 1581 Erkennens“ ist ein Komödianten richtig zu werten weiß, hat Frau Sophie durch
153 1570 3215 1642 e Szene“ schwankt bewegliche Briese veranlaßt, wieder zu ihrem Manne zurückzu= den beiden anderen Einaktern. Die männlichen Figuren, —
1903 1552 3219 1639 der eine Mann, der seine Frau mit der furchtbarsten Art der
168 1588 1912 1687 auch hier eine sehr kehren. Die Ehe scheint sich wieder zu leimen. Da kommt
1900 1621 3227 1699 Verachtung straft und sie doch weiter im Hause behält, und der
164 1630 1907 1739 rat bildet. „Das Dr. Gley, um Herbot inständig zu bitten, ihm die Wahrheit
1896 1663 3220 1731 andere, der sich mit ihr rasch wieder versöhnt, ehe sie ihm
595 1688 1899 1760 zu sagen, was zwischen ihm und seiner Braut vorgegangen
160 1708 614 1774 Stiv, ist ein Lustspiel.
1900 1705 3223 1780 dauernd entrissen wird — das sind ebenso unsympathische Ge¬
597 1737 1901 1818 sei. Nun setzt die „Komödie der Worte“ ein, Herbot spielt die
163 1765 610 1835 r Meister des geist¬
1904 1769 3216 1841 stalten wie die sündigen Frauen. Eine neue Nüance. Die
600 1772 1909 1874 „große Szene“. Er erzählt dem armen Jungen einen Roman,
1911 1802 3215 1880 Männer poltern, schlagen und morden nicht mehr, wenn die
171 1804 614 1880 der die Schleier des
608 1837 1908 1906 als wenn er um dessen Braul beinahe toll geworden wäre, und
167 1854 610 1944 enschen bloßlegt, der
1913 1862 3225 1931 Frauen sie betrogen haben, sie richten alles mit geistreichen
597 1890 1913 1958 sie hätte ihn nicht erhört. Frau Sophie hat aus dem Neben¬
1901 1904 3224 1988 Auseinandersetzungen. Komödie der Worte — man belügt sich.
170 1920 364 1983 estalter.
603 1927 1915 2019 zimmer alles mit angehört, vor so viel Lüge erfaßt sie ein Ekel
172 1937 615 2020 de: „Die Stunde
1907 1965 2678 2044 die Worte werden zu Komödianten.
168 1956 1911 2068 schen Arzt Dr. Karl ein Grauen, sie will wieder fort, doch dem Sophisten Dr. Falk
1957 1999 3224 2072 Harry Walden hat, der Vorschrift des Dichters ent¬
610 2019 1915 2111 gelingt es, ihren Sinn zu wenden, zumal Herbot allen Ernstes
155 2057 621 2137 Frau Klara (Frau
1909 2043 3222 2129 sprechend, alle drei Helden gespielt, eine gewiß nicht leichte, aber
610 2085 1907 2167 nicht auftreten will, wenn er seine Frau nicht in der Loge sieht.
153 2099 528 2175 nd des Hause
1912 2087 3227 2173 recht dankbare Aufgabe. Er hat sich auch Mühe gegeben, den
650 2130 1913 2199 Der dritte Einakter, „Das Bacchusfest“, führt uns in die
171 2150 617 2221 Rudolf Ormin (Derr
1904 2147 3224 2216 knneren Zusammenhang der drei Stücke, die beabsichtigte
612 2164 1909 2253 Salzburger Bahnhofshalle. Dort erwartet Frau Agnes
1906 2205 3226 2268 Aehnlichkeit der verschiedenen Charaktere zur Geltung zu
164 2205 615 2271 ner Sanitätskolonne
609 2232 1917 2300 Staufner (Frl. Wohlgemuth) ihren mit dem Zage aus
168 2242 618 2311 chiffen und von dort
1911 2248 3223 2323 bringen. An diesem Abende feierte seine, wie auch des Burg¬
613 2274 1915 2358 Innsbruck eintreffenden Gatten, den Schriftsteller Felix
168 2307 622 2365 Klara war vor zehn
1910 2288 3226 2358 theaters Sprechkunst Triumphe, und Walden zeigte seine
614 2323 1919 2394 Staufner (Harry Walden). Sie ist von Herrn DDr. Guido
1911 2333 3227 2413 Meisterschaft, flugs von einem Charakter in den andern, von
169 2348 616 2429 itten Jugendfreunde
621 2374 1914 2446 Wernig (Herr Romberg) begleitet. Vor sechs Wochen hat
1924 2389 3224 2464 einem Gewande in das andere zu schlüpfen. Ernst, düster und
172 2383 626 2467 Kriegskorresponbent
609 2417 1921 2510 sie an derselben Stelle von ihrem Manne Abschied genommen.
1909 2444 3236 2525 ruhig legte er den Arzt an, heiter, liebenswürdig und ohne all¬
171 2442 633 2516 während Dr. Eckold
618 2472 1910 2547 Fünf Jahre war sie mit ihm verheiratet, nun will sie die Gattin
1913 2477 3244 2560 zugroße Pose mimte er den Komödianten, er spielte wirklich
159 2486 628 2575 n abhält, zwischen
619 2513 1928 2600 des Doktors der Chemie Wernig werden, den sie inzwischen
157 2539 626 2607 Fache. „Es war schön
626 2572 3231 2643 näher kennen gelernt hat. Sie wollen es Dr. Staufner gleich ein großes Kind, und mit philosophischer Ueberlegenheit, welche
162 2591 620 2660 er Stunde — endlich
620 2618 3232 2692 sagen. Der hat sich in das Gebirge zurückgezogen, um sein die innere Erregung verbergen sollte, nahm er als Schrift¬
164 2640 626 2704 nin. Nachdem dieser
622 2614 3231 2738 Stück „Das Bacchusfest“ zu vollenden. Das Bacchusfest be¬steller Staufner den Kampf um seine Frau mit dem Liebhaber
1922 2679 3237 2752 auf. Die Frauenrollen treten diesmal bescheiden in den Hinter¬
179 2687 621 2752 Frau den Vorschlag,
616 2706 1925 2797 stand bei den Griechen darin, daß einmal in jedem Jahre, zur
1920 2708 3236 2798 grund. Frau Bleibtreu war als Arztgattir, namentlich in
161 2735 627 2803 edeln. Das scheinbar
620 2759 1928 2849 Zeit der Weinlese, für eine Nacht alle Bande der Familie, alle
1921 2773 3230 2848 den Schlußszenen von bewegender Innerlichkeit, die vielgütige
161 2775 645 2855 Eheleute war in den
158 2813 1920 2889 te genau vom Verrat Gebote der Sitte einfach aufgehoben waren. Bei Anbruch des
1922 2824 3242 2893 Gesponsin des Schauspielers, Frau Medelsky, rührte durch
168 2853 1931 2942 kf unserer Existenz zu Tages war das Fest vorbei und jeder Teilnehmer war ver¬
1927 2869 3243 2941 Ton und resignierte Gebärde. Fräulein Wohlgemuth be¬
159 2899 1925 2980 krung unserer Lebens=pflichtet, zu vergessen, mit wem er für seinen Teil im heiligen
1917 2916 3233 2981 lebte die kleine Rolle als Frau Staufner durch ausdrucksvolles,
173 2943 1931 3051 hst unpraktisch, ja so= Hain das Fest gefeiert hatte. Einander wieder zu erkennen,
1920 2969 3240 3044 beredtes Mienenspiel. Den Professor Ormin gab Herr
177 3004 1920 3085 unmoralisch wäre es, hätte als frevelhaft gegolten. Die Festteilnehmer sollen zu¬
1933 3018 3242 3086 Devrient mit vornehmer Würde. Im letzten Stücke, dessen
162 3051 1939 3154 achdem Bettine nicht weilen etwas ermüdet, aber doch erfrischt, ja gewissermaßen
1928 3084 3244 3130 Schauplatz die Bahnhofshalle von Salzburg ist, erweckte die
624 3097 1936 3183 geläutert nach Hause wiedergekehrt sein. Wenn zwei noch am
1928 3113 3240 3183 sehr gut gestellte äußere Szene lebhaftes Interesse durch all
168 3124 649 3193 gdes Ehegatten. Er
167 3142 1940 3229 z von der seiner Fraunächsten Abend nacheinander Sehnsucht verspürten, so dürfte
1921 3159 3241 3230 die genau wiedergegebenen Einzelheiten des Bahnhofstreibens
180 3204 1926 3282 , die nun endlich ge=niemand, auch nicht Ehegatten oder Eltern, die Verliebten
1925 3197 3248 3279 bei Ankunft und Abfahrt von Zügen, mit humoristischen Ein¬
179 3244 1926 3327 das Haus. Die Er=zurückhalten. Aus dieser zweiten Nacht gab es keine Rückkehr.
1936 3259 3230 3350 schlägen der Verspätungen. Von den drei Einaktern dürfte sich
628 3290 1935 3369 Das frühere Heim war beiden verschlossen, und sie blieben für
1929 3309 3229 3404 „Die große Szene“ dauernd im Spielplan der Bühne erhalten
180 3306 446 3378 den Tod.
173 3332 1942 3429 uspielerstück und nach den weiteren Verlauf des Daseins aufeinander angewiesen.
2493 3357 3178 3440 Ludwig Klinenberger.
189 3380 1940 3467 und die Schicksale zu Darum sollen so wenige Lust verspürt haben, am zweiten
186 3428 1971 3539 seiner nicht zu fernen Abend, — außer Haus zu gehen. Das Liebespaar versteht die!
