3392 4256
1916 71 2038 124 A
1425 111 2480 165 Imerksamen Leser mit der Erkennints gleichzeitig##
1438 145 2133 220 Grundiage zur Heilung etwainer
2205 160 2508 220 ngel und zur
492 149 1332 235 Theater, Kunst und Lileratur.
1440 190 2482 258 Verbesserung des eigenen Gedächtnisses zu gewähren,
468 228 1430 284 (Aus der Theaterkanzlei) wird uns gemeldet:
1434 236 2495 280 das ist die Absicht des Verfassers dieses neuen Bänd¬
374 274 1443 342 Wegen andauernder Erkrankung des Herrn Guth
1448 282 2498 333 cheus der Bücherveröffentlichungen der Kosmos=Gesell¬
385 323 1438 371 geläht morgen Freitag, den 25. d., statt „Sieg¬
1446 319 2510 384 schaft. Dem Werkchen kommt eine doppelte Bedeutung
382 363 1432 417 fried“ „Der fliegende Holländer“ zur Aufführung.
1438 368 2501 430 zu: es will Eltern und Erziehern Winke zur Stärkung
1429 413 2503 472 des Gedächtnisses ihrer Schusbesohlenen geben, jedem
376 401 1431 465 Asich für diese Vorstellun sowie für die am Sams¬
1424 448 2495 516 Erwachsenen selbst aber zeigen, wie er sein eigenes
370 465 1439 518 tc stattfindende Aufführung „Der kleine Graf“
1422 474 2494 556 Gedächtnis gesund eehalten und pflegen kann. Der
370 500 1425 569 ußd „Die Puppensee“ gelten volkstümliche Preise
1428 532 2496 600 Preis von 1 Mark geheftet, gebunden Mark 1•80 er¬
373 544 1430 610 #und Gutscheine. Um auch dem Nachmittagspubli¬
1429 576 2506 639 möglicht die weiteste Verbreitung dieses für Eltern und
369 582 1432 661 kum die erwünschte Abwechslung eines Gastspieles
1437 619 2509 705 Erzieher wie auch für jeden Gebildeten wichtigen
369 640 1429 718 bieten zu können, hat die Theaterleitung für die
1435 658 1661 726 Büchleins.
374 692 1432 769 sonntägige Nachmittags = Vorstellung „Die spani¬
1568 694 2491 779 Wintersachen für unsere Feldgrauen sind
374 745 1435 801 sche Fliege“ den Komiker des Burgtheaters Herrn
1443 755 2499 823 jetzt sehr nötig Praktische Winke hiefür gibt die Wo¬
371 796 1429 862 Häußermann verpflichtet. Es wird dies in der Zeit
1439 809 2495 876 chenschrift „Wiener Hausfrau“ in ihrer neue.
376 844 1432 927 von kaum drei Wochen das sechste Burgtheatergast¬
1439 846 2495 910 sten Nummer. Die praktische Wochenschrift „Wiener
372 888 595 959 spiel sein.
1436 895 2496 935 Hausfrau“ mit ihren verschiedenen Gratisbeilagen
1424 936 2499 995 ist eins der beliebtesten Frauenblätter und durch
456 920 1435 1014 (Gastspiele des Hofschauspielers Harry Walden.)
1436 983 2502 1048 alle Buchhandlungen und Postanstalten zum Preise
374 974 1421 1057 Heute, Mittwoch, gastiert Herr Walden zum zwei¬
1426 1015 2302 1098 von 2 K 60 h vierteljährlich zu beziehen.
362 1039 1433 1105 #ten und letzten Male mit seinen drei Meisterleistun¬
1559 1072 2501 1140 Die spannende Erzählung „Ich dien!“ von
368 1096 1427 1163 gen in den neuten Schulplerichen Einattern. „Ko¬
369 1122 2498 1187 mödie der Worte“, mit denen er auch hier bei sei= Käthe Damm beginnt jetzt in der „Mädchen¬
1428 1166 2500 1225 post“ zu erscheinen. Das reichhaltige Blatt erscheint
373 1184 2493 1281 nem ersten Gastspiele Beifallsstürme entfesselte, wöchentlich zum Preise von 12 h und ist zu beziehen
370 1227 2486 1308 Donnerstag gastiert Herr Walden in dem ausge= durch alle Buchhandlungen, Postanstalten sowie
371 1279 2480 1360 zeichneten Lustspiele „Jugendfreunde“ von L. Ful-durch die Geschäftsstelle der „Mädchenpost“
369 1331 2514 1427 da, das hier bei diesem Anlasse gleich einer Neuheit! Wien I Rosenbursenstraße 2, die auf Wunsch gurt
1430 1376 2136 1454 Probenummern gratis versendet.
366 1383 1429 1442 einstudiert wird. Neben dem Gaste sind die Damen
359 1433 1428 1484 Han, Janowitz, Sinek und Wolff und die Herren
1414 1452 1664 1547 Wansmneecesseesn
356 1481 1427 1552 Hartberg, Mahr, Maluschinsky und Strauß beschäf¬
364 1521 1438 1595 tigt: Spielleiter ist Herr Teller. Für das erste Gast¬
361 1565 1310 1637 spiel gelten Gutscheine, für das zweite nicht.
439 1635 1436 1697 (Zweites Musikvereinskonzert.) Ein noch vor
351 1667 1438 1725 wenigen Monaten ganz ungekannter heute äußer¬
367 1711 1439 1771 lich noch unfertig konturierter junger Mann — A.
357 1757 1439 1823 Busch — trat uns entgegen, um uns in zwingend¬
370 1804 1438 1859 ster Weise zu sagen, daß er eine Künstlerindividua¬
362 1846 1444 1919 lität von höchstem inneren Gehalt sei, die ihr Got¬
354 1889 1438 1956 tesgnadentum auf der Stirne trägt. Und darin,
364 1933 1438 1997 daß er es uns nicht sagen zu wollen scheint, daß er
351 1981 1448 2041 dem Werke, das er uns gerade vermittelt, mit
2253 1970 2355 2046 W
2723 1884 2826 2060 *
1905 1985 2228 2061 — Uu9.
349 2024 1433 2067 aller seiner Kunst dient — daß er nicht spielt, um
350 2068 1447 2128 zu verblüffen, sondern ganz in den verschlungenen
1934 2034 2812 2153 OZI9I5Wiener Leben
1824 2083 1960 2181 n:
360 2109 1436 2172 Gedankenpfaden seiner Meister aufgeht — liegt sei¬
350 2143 1450 2212 ne Persönlichkeit und sein Weg zur Höhe. Wir kön¬
358 2193 1424 2260 nen nicht sagen, daß Beethovens „Kreutzersonate“
1817 2191 2575 2291 Brünner Theaterbrief.
358 2239 1448 2300 so gespielt werden müsse, ebensowenig wie wir mei¬
358 2287 1437 2364 nen dürfen, er spiele sie weniger gut als Burmester
1847 2290 2781 2396 S#haitelen—Komügie der Worte“
345 2332 1446 2394 oder ein anderer fertiger Großer. Er ringt heute
356 2378 1433 2434 noch mit dem Stoff und legt ihn uns oft noch als
1772 2365 2778 2450 Ist nichts als eine gequälte, erklügelte Um¬
357 2417 1439 2478 locker gefügtes Mosaik vor, um uns immer wieder
1778 2420 2778 2493 Fschreibung des Ehebruchsmotivs in drei ge¬
351 2459 1425 2528 aufs Neue mit wärmster Kantilene oder glühendster
1786 2468 2797 2555 schwätzigen Tiraden. Nachsicht der schwäch¬
358 2501 1435 2561 ursprünglicher Leidenschaftlichkeit in seinen Bann
350 2550 1429 2611 zu ziehen — und uns zu versichern, daß Technik et¬
1818 2563 2813 2654 lichsten Art sucht den Fehltritt mit pein¬
351 2591 1435 2665 was Selb###erständliches, höchst Einfaches sei, das
357 2637 1426 2698 ein Künstier seine Art in die Wiege mitbekomme.
1833 2636 2814 2702 licher, doch beredter Laxheit der sittlichen
420 2686 1425 2745 In Otto Schulhof findet er einen verständ¬
1833 2672 2826 2752 Anschauung zu verbrämen; ob nun der Arzt
358 2715 1432 2792 nisinnigen Begleiter, dem man nur zum Vorwurf
1820 2727 2825 2804 Dr. Eckold seiner Frau nach zehn Jahren
358 2757 1435 2828 machen muß, daß er oft mehr in den Hintergrund
1822 2786 2822 2851 die Türe weist in der „Stunde des Er¬
353 2817 1429 2873 treten will, als notwendig ist. — Frau Francil¬
1832 2834 2810 2893 kepffens“, oder der Schauspieler Herbot in
377 2842 1435 2921 o= Kaufmann, die in letzter Stunde für den
1823 2880 2823 2949 Leiner „großen Szene“ dem Bräutigam seiner
368 2894 1431 2962 n Aussicht gestellten Baritonisten der Wiener Hof¬
1828 2931 2812 3008 Geliebten sich mit der redseligen Maske
363 2934 1429 3009 per Josef Groenen einsprang, eroberte sich im
1829 2976 2816 3045 treuherziger Halbschuid zeigt, oder der
363 2978 1429 3046 Sturme Aug und Ohr der Zuhörer. Mit unsehlba¬
1823 3030 2820 3083 Schriftsteller Staufner seine Frau von dem
365 3036 1428 3099 er Technik und unübertrefflichem Wohlklang ihres
363 3070 1427 3134 ülligen Organz sang sie Lieder von Mozart Schu¬
1834 3083 2813 3146 „Bäcchusfest“ mit einem anderen wieder zu
365 3122 1433 3192 nann, Brahms und Schubert und eine ungezählte
1826 3118 2810 3177 sich ruft. Es ist immer dasselbe, ohne Grazie
361 3153 807 3230 Reihe von Zugaben.
1221 3168 1381 3220 R. r.
1828 3176 2820 3239 und mit viel Umständlichkeit. Walden
511 3209 1426 3279 Der Russenschreck. Eine Erzählung
1824 3237 2824 3289 spielte die drei Hauptrollen, besonders die
356 3246 1424 3315 ür die Jugend aus den Tagen der Schlacht bei
1832 3280 2816 3336 sehr dankbare, effektreiche, mittlere mit
353 3292 1432 3342 Lannenberg. Von Wilhelm Arminius Mit sechs
1833 3320 2822 3371 virtuoser Kunst, neben ihm behauptete sich
358 3337 1438 3398 Vollbildern von Willy Planck Stuttgart, Verlag
1823 3369 2823 3435 nur Claire Wolff ganz, welche die Frau
358 3379 1424 3435 von Levy & Müller. — Eleg. geb. Mark 4.50. Es ist
1822 3415 2808 3496 des Schauspielers mit feiner und kluger
355 3430 1426 3481 die packende Geschichte eines in Masuren eingebore¬
349 3475 1423 3515 gen deutschen Grenzwächters, der auf der Suche
1816 3467 2821 3528 Resignation gab. Die übrigen, Frau Lanius
352 3511 1424 3581 nach einem geraubten Mädchen von den Kosaken
1820 3521 2809 3589 und Pidoll im ersten, Böhm und Teller
354 3554 1431 3620 fast zu Tode gemartert, dann aber gerettet wird
1819 3566 2819 3638 im zweiten, Mahr und Giblhauser im
350 3591 1424 3654 und schließlich bei Ausbruch des Krieges den Rus¬
1822 3623 2824 3691 dritten Stück zeigten Anerkennungswertes,
352 3642 1421 3706 sen als fürchterlicher Feind, d. h. als Russenschreck,
1822 3662 2823 3733 Fräulein Han war in einer Episode glän¬
354 3671 1428 3748 ersteht. Mit seiner Geschichte ist die zweier tatkräf¬
1811 3703 2835 3799 zend, Fräulein Sinek eine etwas unbe¬
345 3722 1422 3780 tigen Freunde verwebt, die Soldaten der Radfah¬
355 3771 1423 3814 rer= Kompanie in Thorn sind und in der Schlacht
1825 3762 2590 3825 deutende Priesterin des Bacchus.
341 3811 1431 3874 bei Tannenberg mit dem Russenschreck zusammen
345 3848 1425 3904 als Handelnde auftreten. Das Leben in den Grenz¬
354 3896 1426 3958 bezirken Masurens sowie in den von der Schlacht
345 3931 1427 3978 bei Tannenberg her bekannten Orten ist hier un¬
351 3977 1431 4050 übertrefflich geschildert, und fesselnde Jagd= und
348 4026 1420 4086 Kriegserlebnisse in den Forsten und Mooren Masu¬
