3392 4352
411 180 1169 224 spielerisch schmerzlich erinnern kann.
449 200 1292 266 Das alles wirkt heute noch nach zwanzig
399 242 1289 315 Jahren, da die jungen Schnitzler-Männer
397 284 1290 350 und-Frauen, die dem Dichter geistig Modell
398 339 1302 401 gestanden sind, ältere Herren geworden, die
398 373 1290 443 verschiedentlichen Klaras, Annies und So¬
395 428 1053 488 phies weißgraue Haare tragen.
437 451 1294 526 Das alles wirkt heute noch durch den
400 509 1302 566 auber und die Kraft der Schnitzlerischen
401 552 1285 601 Dialektik, die sich in kleinen einaktigen
401 586 1286 647 Stücken mit dem Dasein von zwei, drei oder
406 647 1282 698 am liebsten vier Menschen beschäftigt, die
399 668 1293 748 Verwirrungen löst oder Seelen noch mehr
398 701 1299 787 durcheinandertreibt, wag vor Jahren geschah
399 774 1298 822 oder beinahe geschehen wäre, im holden!
405 790 1299 858 Licht eines guten Gedächtnisses verklärt,
393 845 1291 923 Maschen der Lügennetze lockert, um sie
400 881 1295 947 dann dichter zu schließen, Wahrheit mit
412 927 1293 1001 liebenswürdigem Trug schier unentwirrbar
407 981 1285 1051 verknüpft, Arzte, Schauspieler, Schriftstel¬
408 1011 1302 1089 ler aus ihrer bourgoisen Ruhe aufstöbert,
393 1067 1293 1124 zum Thema Liebe aufruft, sie auf gleich
403 1114 1152 1178 bringt oder auch endgültig entzweit.
433 1148 1303 1217 Das stärkste Thema trägt in diesem
392 1195 1285 1249 Zyklus wortreicher, aber auch wortwirken¬
403 1233 1292 1305 der Komödien die „Große Szene“ eine
400 1283 1297 1344 Schauspielerstudie, in der echt Schnitz¬
394 1335 1294 1379 lerisch Theater und Leben ineinander ver¬
402 1377 1295 1425 strickt, sich gegeneinander ausspielen. Das
403 1414 1302 1473 Leben behält Recht, aber das Theater hat
393 1471 1293 1517 seine Wirkung getan, die große Szene, die
393 1513 1290 1568 der Schauspieler Konrad Herbot zum Besten
393 1526 1294 1599 gibt, überzeugt in ihrer Bravour beinahe die
398 1603 1288 1640 eigene Frau, die in den Lügen ihres Mannes
399 1637 1291 1690 wunderbar Bescheid weiß. Er lügt sich dem
393 1672 1292 1738 Bräutigam eines jungen Mädchens gegen¬
405 1714 1304 1779 über frei und der junge Mann ist von solch
404 1762 1294 1815 virtuosem Spiel der Lüge hingerissen, be¬
392 1804 1304 1871 reit, alles zu glauben. Der große Schau¬
400 1848 1301 1911 spieler findet seine Frau nach jeder Lüge
405 1895 1299 1957 mit einem kleinen Mädchen wieder, denn sie
407 1937 1296 1990 ist die bleibende, hausbackene und Ordnung
406 1977 1299 2031 haltende Wahrheit seines Lebens. Das hat
397 2021 1297 2088 auch gestern wieder den neuen Erfolg der
417 2070 959 2130 „Großen Szene“ besiegelt.
447 2093 1300 2162 Ewald Balser spielt die drei Ehemänner,
401 2143 1307 2214 die alle geistiger Art sind, geistig in ihrem
405 2187 1304 2248 Beruf, alle drei Nervenmenschen und alle
407 2233 1302 2301 drei Menschen, die, irgendwie mit Wien ver¬
397 2290 1297 2352 bunden, wienerisch im Wandel ihrer Stim¬
414 2325 1302 2375 mungen sind. Ewald Balser spielt sie wis!
403 2359 1301 2419 er sie sieht. Aber man merkt, daß er diese
404 2410 1295 2454 Art Menschen nicht kennt, er rekonstruiert
414 2441 1299 2514 sie glänzend aus Schnitzlers Studium eines
409 2485 1305 2563 eifrigen und Zusammenhänge erkennenden
417 2542 1303 2596 Schauspielers, er geht auf den Grund der
405 2599 1292 2637 Lebewesen, die er darstellt aber zum
459 2710 1252 2801 Lipinskala-Imhoff -Heesters
425 2860 1302 2904 Schnitzler-Spielen gehört atmosphärische
428 2903 1306 2967 Verbundenheit mit Stadt, Landschaft, Ver¬
428 2944 1308 2998 gangenheit. Uberraschend, wie sich Ewald
409 2991 1293 3035 Balser in dieser fremden Welt zurecht fin¬
423 3035 1314 3090 det, sein Doktor Eckold in der „Stunde des!
415 3062 1309 3143 Erkennens“ ist ein Arzt, ein Pedant, ein
423 3118 1294 3174 gestrengen Forderer dem man die späte
413 3174 1305 3216 Abrechnung und die Unerbittlichkeit der!
422 3208 1296 3252 Debatte glaubt. Es fehlt ihm bloß das hand¬
413 3248 1295 3313 liche, gleichsam wienerische Pathos, das
412 3293 1311 3359 solche böse Emsthaftigkeit letzten Endes
414 3337 1312 3397 noch verbindlich macht. Dafür hat er die
413 3385 1306 3435 Leuchtende Suada der Großen Szene“ er
423 3421 1307 3485 spielt den Schauspieler der Lüge mit stark
417 3460 1301 3518 karikaturistischen Momenten, denn Balser
427 3515 1309 3564 ist im Grunde ein Schauspieler der Treue
423 3549 1308 3626 und Wahrheit. Wenn er lügt, dann ergibt
416 3595 1303 3643 es natürlich eine schauspielerische, eine
414 3638 1299 3697 komödiantische Leistung, eine witzige, bei¬
415 3690 1317 3739 nahe groteske Szene, die Balser glänzend
423 3736 1303 3783 erledigt. Und als Schriftsteller Staufner fin¬
431 3768 1313 3832 det er dann am Schluß schöne, menschlich
426 3810 706 3871 gelöste Töne.
459 3847 1305 3913 In diesem Stück spielt Hilde Wagener des
418 3890 1312 3943 Schriftstellers Frau, die am Bahnhof steht,
422 3940 1318 3982 um ihrem Mann für immer Adieu zu sagen.
414 3970 1301 4055 Sie spielt reizend die augenblickliche Bin¬
409 4031 1313 4090 dung einer Frau, die eben nicht viel mehr
1863 1319 2760 1410 CASINOS IN OSTERREICH
1983 1399 2660 1456 Baden Salzburg Semmering
1878 1446 2746 1498 Roulette — Baccara — Chemin de fer
1875 1516 2675 1578 Österreichische Casino A.
1873 1550 2759 1612 Wien III, Schwarzenbergplatz 5a
1891 1674 2363 1748 „OBSERVER“
2141 1725 2748 1790 .österr. behördlich konzessioniertes
2122 1778 2752 1823 Unternehmen für Zeitungs-Ausschnitte
2117 1815 2749 1864 Wien I, Wollzeile 11, Telephon R-23-0-43
2202 1924 2659 2010 Kronenzettung. Wien
1876 1997 2253 2050 Ausschnitt aus:
1885 2166 2495 2349 77 08
1967 2350 2782 2407 (Akademietheater.) Seit 16 Jahren hat man
1891 2389 2788 2446 die drei Einakter „Komödie der Worte“
1896 2430 2792 2470 von Artur Schnitzler in Wien nicht mehr
1887 2471 2787 2521 gehört, es wird aber im Publikum noch viele
1891 2512 2804 2571 geben, die sich mit Freude an die starke Wirkung
1899 2549 2787 2604 erinnern, die der große Künstler Harry
1891 2591 2789 2637 Walden einst im Burgtheater in den Haupt¬
1893 2629 2793 2676 rollen dieser feinsinnigen und geistreichen Kurz¬
1881 2661 2787 2709 stücke hervorzauberte. Vielleicht stimmt heute
1890 2704 2783 2756 nicht mehr alles so, wie Schnitzler Probleme und
1887 2740 2787 2802 Konflikte gesehen hat. Das kann aber nur im
1893 2782 2785 2835 Aeußerlichen gelten, in der Menschenseele wohnen
1897 2815 2782 2873 immer die gleichen Gefühle und man spielt sich
1891 2861 2789 2902 heute so wie ehedem mit Worten eine große
1886 2892 2779 2936 Lebenskomödie vor. Unter Franz Herterichs
1885 2935 2793 2976 Regie ehrte das Akademietheater in einer
1883 2975 2777 3028 prächtigen Vorstellung Schnitzlers Andenken.
1882 3010 2782 3058 Ewald Balser bot eine bewundernswerte
1879 3056 2775 3102 Leistung, gleich stark in Empfindung und Ver¬
1882 3097 2786 3138 wandlungskunst. Auguste Pünkösdy, Maria
1894 3127 2775 3164 Mayen und Hilde Wagener spielen in den
1888 3158 2779 3219 drei Stücken die drei Frauen, verschiedene Seelen
1887 3196 2785 3258 und Schicksale, doch jede blutvoll in ihrer Eigen¬
1883 3243 2774 3285 art. Franz Höbling, Philipp Zeska und
1881 3276 2777 3321 Ulrich Bettac sind die Rivalen des Helden,
1888 3315 2766 3365 Wilhelm Schmidt gibt die köstliche Type eines
1879 3362 2766 3400 Theaterdirektors und Richard Eybner einen
1886 3399 2781 3450 wundervollen gemütlichen Bahnhofsportier. Das
1887 3437 2773 3479 Publikum ließ sich gerne mitführen und dankte
1883 3474 2775 3537 durch starken Beifall für die Erinnerung an die
1880 3504 2151 3570 Schnitzlerzeit.
