3436 4384
2163 196 2620 289 box 32/6
306 203 2068 307 26.1. Konnedieder WorteZukius
853 717 1625 897 groas sessder ahade,
1058 835 1684 975 E OI
702 824 1187 1001 S
752 951 1635 1033 aadaares esorients ##ronel AusieanirvrsOao
753 1023 1638 1103 BERLIN SO 16, RUNGESTRASSE 22-24
648 1086 1700 1142 Bearbeitet die deuteche und ausländische Presse auch auf Inserate.
651 1141 1699 1215 Lietert Listen über geplante Bauten aller Art. Geschäftseröftnungen.
1000 1188 1340 1230 Festlichkeiten usw.
982 1271 1372 1352 Neue Berliner
777 1326 1579 1437 12=Uhr Mittags=Zeitung
930 1403 1414 1485 Ausschnitt aus der Nummer vom:
1294 1470 1628 1579 2 - MAloo
1798 1584 2724 1675 dieser Existenzform heraus. So ergaven sich schließ¬
1795 1647 2698 1728 lich Konflikte und Lösungen, die zwar oft von
845 1574 1781 1752 Die Korjödie der Worte.
1789 1685 2714 1775 großer psychologischer Feinheit, aber interessant
1787 1730 2718 1826 und wichtig nur insofern sind, als man geneigt
918 1749 1743 1843 Erkaufführung in den Kammerspielen.
1794 1812 2585 1888 ist, ihre Voraussetzungen dafür zu halten.
914 1824 1782 1906 Die drei Einakter von Arthur Schnitzler,
1866 1847 2702 1931 In allen drei Stücken steht ein Ehebruch im
868 1893 1789 1962 die der Haupttitel zusammenfaßt, gelten dem
1801 1909 2707 1978 Mittelpunkt der Handlung. Einmal sogar ein zehn
858 1940 1789 2002 Thema von der Fragwürdigkeit alles Gesagten, der
1804 1955 2717 2038 Jahre lang zurückliegender, der längst verziehen
865 1990 1785 2076 Unsicherheit, des vermeintlich Sichersten, der
1810 2007 2715 2078 wäre, hätte ihn die schuldige Frau nicht mit dem
862 2039 1782 2121 rettungslosen Perlogenheit des scheinbar Wahr¬
1807 2074 2724 2135 verhaßten Konkurrenten des Gatten begangen. In
878 2087 1791 2165 haftigsten. 2Sis handeln es auf jene geistvoll
1816 2102 2715 2179 Wahrheit war freilich ein ganz anderer der Glück¬
876 2141 1794 2224 ironische( Reise die man als die Weise Schnitzlers
1806 2166 2730 2233 liche; aber das verschweigt die Frau, um sich ihrer¬
882 2185 1784 2252 kennt und liebt. Bei anderen wäre sie unerträg¬
1810 2213 2714 2273 seits zu rächen, da der Gatte, gleichfalls Rache
874 2238 1796 2306 lich. Bei ihm ist sie legitimiert und verklärt durch
1817 2253 2711 2338 schnaubend, — nach zehn Jahren — aus heiterem
877 2288 1804 2365 die verbürgte Echtheit des Menschentums, deren
1812 2328 2412 2398 Himmel die Scheidung verlangt.
870 2337 1807 2406 Ausdruck sie ist, eines Menschentums, das spöttische
1863 2364 2721 2440 Das andere Mal will wieder die Frau geschie¬
873 2389 1793 2453 Skepsis mit Tiese der Empfindung vereint und
1819 2425 2727 2492 den sein, weil sie die ewige Unfreue und posenhafte
881 2443 1808 2509 seinen künstlerischen Rang der seltenen Vollendung
1820 2472 2730 2551 Verlogenheit des großen Komödianten, den sie
879 2481 1807 2559 eines Formenwillens verdankt, der Grazie und
1817 2520 2723 2593 glaubt. Das dritte Mar geht es zur Ab¬
881 2538 1560 2611 Kraft zu anmutiger Einheit paart.
1815 2576 2737 2640 wechslung um einen Doppelbruch im Rahmen einer
935 2557 1802 2651 Trotzdem bleibt ein Rest, der nicht aufgeht.
1821 2635 2738 2694 wechslung um einen Dopelbruch im Rahmen einer
881 2631 1800 2696 Man muß nur etwa an eine Erscheinung wie Ana¬
1824 2670 2727 2746 Dichterehe. Und immer broht die Scheidung.
891 2684 1802 2744 tole France denken, um gewahr zu werden, wie
1817 2732 2733 2777 (Man denke!) Manchmal wird sie vermieden und
893 2729 1810 2785 viel diesem österreichischen Verwandten des großen
1823 2775 2740 2830 manchmal wird sie nicht vermieden; je nachdem.
884 2776 1805 2848 französischen Meisters trotz aller Reize und Vor¬
1818 2821 2739 2880 Aber Geld ist immer da, um alles Schädliche fern¬
895 2828 1810 2890 züge abgeht. Der Umstand, daß der Franzose ihn
1823 2879 2746 2941 zuhalten, und es ist kaum möglich, den Gedanken
884 2882 1803 2942 durch diese und jen literarische Qualität überragt,
1826 2916 2741 2979 zu unterdrücken, was von allen diesen Aengsten,
897 2931 1810 3010 — vor allem durch die unvergleichlich helle Klar¬
1826 2967 2741 3030 Sehnsüchten, Gefühlen und Gefühlchen wohl übrig
895 2978 1807 3040 heit der Gestaltung neben der Schnitzler fast
1822 3029 2736 3082 bliebe, wenn ein rauherer ökonomischer Wind das
893 3028 1815 3100 dunkel und dumpf wirkt —, ist dabei viel weniger
1822 3064 2741 3150 milde Klima zerrisse, in dem sie so erstaunlich gut
889 3079 1815 3154 entscheidend, als die unliterarischen, rein mensch¬
1819 3119 2030 3187 gedeihen.
898 3120 1820 3190 lichen Qualitäten es sind, die bei beiden groß und
1875 3145 2744 3233 Bassermann spielt die drei männlichen
890 3175 1821 3243 verehrungswürdig, aber bei Schnitzler trotzdem im
1830 3224 2756 3290 Hauptrollen, jede einzelne meisterlich, mit feinster
900 3239 1812 3288 Grunde belanglos, weil sozusagen privat¬
1834 3267 2740 3339 Charakteristik, jedesmal ein anderer und doch
893 3273 1821 3343 samiliärer Natur sind. Denn er wurzelt in bürger¬
1833 3321 2736 3383 immer derselbe, in der vornehmen Verwendung
907 3340 1814 3402 licher Enge, während France, wie alle genz
1827 3364 2746 3432 der äußeren Mittel und der völligen Freiheit von
905 3365 1826 3459 Großen, über alle Klassengrenzen hinaus der
1833 3431 2745 3480 Star=Allüren, die solche Experimente erfahrungs¬
897 3429 1285 3505 Menschheit gehört.
1829 3464 2744 3531 gemäß nahelegen. Neben ihm sind Julia Serda,
956 3453 1820 3532 Die drei kleinen Stücke gestern bestätigten es
1835 3514 2749 3586 Else Bassermann, Sigmund Nunberg,
913 3523 1825 3589 mit letzter Deutlichkeit: das Weltbild Schnitzlers ist
1848 3569 2747 3635 Anni Mewes, Werner und Hollmann als
911 3586 1823 3639 gesehen durch die Fenster eines bürgerlichen Sa¬
1840 3618 2757 3694 Mitträger des Erfolges des von Paul Bildt gut
906 3622 1829 3681 lons, genauer gesagt, eines Wiener Salons um die
1834 3661 2756 3724 vorbereiteten Abends zu nennen. In Episoden
909 3670 1826 3744 Jahrhundertwende. Die Probleme, die er erörtert,
1841 3723 2748 3778 bewährten sich die Herren Sauer=Sarto und
910 3715 1825 3782 setzen eine Existenzform voraus, dank der man viel
1849 3760 2753 3818 Aderhold (letzterer, fast wortlos, ein zerdrückter
921 3772 1827 3841 Zeit und wenig Sorgen hat. Meist erfreuen die
1840 3800 2766 3893 Bahnhofskellner von schicksalhaftem Schlemihltums
915 3827 1830 3896 Menschen, die er zeichnet, sich solcher Existenzform,
2261 3862 2717 3961 Rudol; Schwarzkapft
912 3887 1835 3959 sonst zeichnet er Menschen außerhalb ihrer aus
920 3962 2751 4055 —
