3436 4352
2106 224 2570 325 box 32/9
258 238 2004 316 26.1. Kongedie der VorteZykius
1046 1370 2385 1463 und durch schwerlebig. Aber gleich widerspruchsvoll schwanken sie zwi¬
1049 1431 2395 1504 schen Sehnsucht und Ueberdruß, zwischen Unrast und Nuhe, zwischen
1050 1479 2380 1554 Sinnenglück und Seelenfrieden. Um sie spinnt die Erotik ein dichtes
1049 1514 2381 1578 Gewebe, einene hüllenden und stimmernden Flor von mondschein¬
1038 1577 2386 1637 zarten Sommerfäden, die zerrissen und wieder zusammengeknüpft wer¬
1035 1597 2392 1691 den und immer künstlich verschlungen sind. Und doch ist es nicht ewa diese
1045 1654 2386 1709 Künstlichkeit, die das Drama heute für mich unwahr macht. Auch nicht
1036 1707 2393 1763 die kleinen Monologe des Kapellmeisters, die nur unnatürlich nennen
1033 1736 2383 1821 wird, wer nie sein Brot mit Monologen aß. Auch nicht das Wunder,
1045 1787 2379 1846 daß diese zerlegten Existenzen, diese Präparate für mikroskopische
1035 1842 2391 1899 Selbstbeobachtung, diese Autopsychologen, die unersättlich neugierig
1032 1883 2379 1946 auf sich selbst sind, die sich fühlen fühlen und ihrer Ungreifbarkeit
1039 1930 2380 1997 freuen — daß diese Gliederpuppen so viel Atem und Fleisch und Blut
1040 1973 2370 2040 haben, um sich jemals von sich selbst fortreißen, um sich, am Schluß
1038 2025 2379 2080 des zweiten Aktes, vom rotesten Feuer versengen zu lassen. Nein, die
1038 2052 2377 2126 Unwahrheit stammt von ihrer Sprechweise und ihren Gegenspielern;
1037 2105 1507 2175 von dem Stück Dumgs¬
1573 2115 2371 2183 Schnigler. Die Dialoge haben Haken und
1029 2140 2380 2227 Oesen oder Drucktnöpfe.nedem Sih schnappt der Partner sofort mit
1029 2204 2384 2266 der espritvollen Antithese ein, die der Antor auszubenken und zu feilen
1027 2243 2384 2319 reichlich Zeit gehabt hat. Und da das noch immer nicht genügend Licht
1027 2293 2372 2355 auf die innern Vorgänge, auf die Isobaren der beiden Seelenduellanten
1029 2340 2367 2396 wirft, deshalb wird ein Raisonneur eingeführt, und gar mit Frau.
1026 2387 2362 2458 Sie ist ein Schatten; aber er ist ein Scheusal, eine Caféhaus=Wanze,
1029 2426 2367 2502 das wandernde Feuilleton. Er mehr, sie weniger dient dazu, daß die
1037 2467 2367 2543 beiden andern sich aufschließen. Damit wird aus der Unwahrheit
1028 2514 2369 2581 eine fressende Lüge. Sie sollen ja Ausnahmemenschen sein. Von ver¬
1027 2567 2364 2633 feinertstem Nervensystem und groß geschaffener Seele. In ihr be¬
1033 2620 2365 2681 sonders soll neben der Sehnsucht nach dem imprévu nach den Lüsten
1035 2653 2369 2725 und Lockungen des Daseins der Drang nach einsam=freiem Menschen¬
1033 2702 2374 2769 tum lebendig sein. Ich sehe je als Cottage=Schwesterchen Rhodopeus
1034 2745 2369 2814 und Mariamnens — Sche nhaftigkeit ihr, aber auch des Mannes
1035 2787 2361 2861 Zeichen. Die Gafferei unt Schwätzerei, die Kommentiererei und
1026 2839 2355 2902 Besserwisserei des Raisonnen. der keinen Finger breit von ihren
1032 2878 2362 2933 Wegen abweicht, macht #eide, die ihn sich gefallen lassen, schamlos.
1032 2923 2367 2993 Zuletzt stimmt nichts. Ein Tragödienmensch von Hebbel in einer weh¬
1021 2967 2363 3049 leidig=witzigen wiener Novelle, die „auf die Bühne gezerrt ist und
1016 3008 2355 3094 da wohl oder übel von dem Gerüft der französischen Salonkomödie ge¬
1029 3051 1425 3113 stützt werden muß.
1101 3101 2361 3180 Aber vom Personal des Deutschen Künstlertheaters garnicht gestützt
1022 3143 2361 3212 wurde. Hier hatte Schnigter einen Vorteil nur vor Forest. Der
1016 3190 2366 3261 kopierte ohne Anweisung des Dichters als taktloser Vertrauter Albertus
1021 3238 2366 3287 Rohn nicht Altenberg, sondern Egon Friedell, wie er Altenberg
1026 3278 2352 3349 kopiert; bei der Unoriainalität der Figur eine Beleidigung Alten¬
1022 3323 2354 3388 bergs, die durch ihre Luitigkeit gemildert wurde. In den Nebenrollen
1016 3375 2359 3434 roch es nach Rawitsch. Und das Ehepaar war im Format vergriffen.
1028 3419 2366 3491 Herr Götz hatte niemals Symphonien und Opern geschrieben, sondern
1024 3471 2352 3531 glich einem reizenden kleinen Jungen, von dem man nicht begriff,
1024 3513 2365 3577 warum er mit seiner reizenden kleinen Traute Carlsen nicht überaus
1009 3540 2367 3629 glücklich war. Zu Hebbel, Schnitzler, Dumas kam als viertes Element
