3344 4352
229 269 1946 376 26.1. Konoedie der Norte zyklus
764 1399 923 1489 —
134 1454 1976 1537 s er vormals hier als Urauffüh= hatte in dem Renaissancesaal des Seidl=Lenbachschen
805 1518 1978 1580 Künstlerhauses eine Bühne aufgeschlagen. Der Raum
123 1524 799 1581 ähm auch heute noch am Herzen
802 1549 1982 1627 paßte nicht recht, auch war man damals zu sehr auf eine
128 1569 799 1634 on ist in der Tat eine werbende.
809 1588 1981 1656 rationalistische Deutung eingestellt und gelangte trotz
134 1613 796 1662 die Mahlersche Kunst Mittler
809 1629 1980 1700 eifriger Kommentierung zu keinem befriedigenden Ergeb¬
115 1656 796 1718 auben und Bruno Walter ist ihr
808 1673 1984 1745 nis. Jetzt hielt sich das Publikum an das Märchenhafte,
126 1700 807 1770 kt im Gegensatz zu dem kühleren
816 1726 1973 1787 Stimmungsvolle, Duftige, die Künstler der Kammerspiele,
122 1747 805 1808 Mehrzahl der großen Dirigenten
811 1782 1982 1845 durch die mystischen Stücke Strindbergs geschult, wissen
166 1789 803 1839 Die Münchener Kammeroper
816 1812 1985 1881 zu stilisieren und das junge Fräulein Seidel verkörperte
126 1826 797 1886 gimentstochter“ einen starken Er¬
803 1854 1988 1914 die Pippa gar lieblich. Die Kammerspiele erhalten einen
143 1865 796 1926 einen streugeren kritischen Maß¬
813 1895 1987 1965 neuen Direktor, einen Herrn Dr. Sinsheimer, Regisseur
124 1922 797 1979 nstlerische Erfolg des jungen Un¬
814 1939 1989 2006 in Berlin; in einem hier gehaltenen Vortrag bekannte er
117 1959 803 2026 ie angesehene Stellung zu erar¬
826 1980 1981 2050 sich zu neuidealistischer Richtung. Die alte Leitung hat
126 2003 807 2056 indliches Verdienst war die Auf¬
815 2027 1982 2102 leider auf „Pippa“ Wedekind folgen lassen. Sie gab den
141 2042 801 2112 fast vergessener Oper „Hans
820 2069 1982 2136 „Marquis von Keith“, den man vor einem Jahre im kgl.
131 2090 810 2158 dige, eindrucksvolle Schlußbild,
827 2114 1989 2180 Residenztheater gegeben hat. Sehr erhebliche Stimmen
130 2128 813 2190 auf Altnurnbergs Festwiese den
817 2163 1979 2227 fanden damals diese Kriegskost, welche uns die erste
129 2171 808 2229 ie Illustrierten Blätter über¬
814 2198 1992 2262 Bühne des Landes vorsetzte, recht — sonderbar ausge¬
133 2218 814 2284 prächtig anzuschauen und war es
815 2237 1986 2304 wählt. Die ersten Vorstellungen in den Kammerspielen
130 2258 806 2324 er was man hörte, das war doch
819 2284 1993 2350 waren zwar ausverkauft, aber der Begeisterungsradau,
134 2308 807 2374 , als man nach dem großen Auf¬
823 2329 1982 2395 in dem sich unser Publikum in den letzten Jahren gefal¬
135 2347 816 2405 hätte erwarten können. Musika¬
819 2375 1986 2433 len hatte, fehlte. Der Beifall hielt sich durchaus in Gren¬
132 2393 815 2454 achs“ nicht zu Lortzings stärkeren
821 2427 1987 2488 zen. Die Vorstellung unterstrich das Karikaturenhafte.
130 2437 818 2497 il die stofflichen Aehnlichkeiten
830 2458 1988 2526 Wedekind spielte den Schwindler und warf die Phrasen
133 2488 816 2552 k“ so groß sind, werden wir im¬
831 2503 1988 2577 seiner abstrusen und bohemehaften Lebensphilosophie mit
136 2521 819 2580 hen veranlaßt. Freilich nichts ist
829 2551 2004 2612 aufdringlicher Pointierung ins Publikum. Seine Frau
128 2566 815 2622 Parallele, hie ein des Reimens
823 2587 2000 2657 spielt jetzt die Gräfin Werdenfels; es gibt Kritiker, welche
130 2605 815 2664 es Bürgermeisters Töchterlein ge¬
829 2637 1746 2712 Tilly Wedekind eine Schauspielerin nennen.
139 2647 808 2729 das gewaltige Preislied deutscher
908 2661 1989 2740 Sudermanns „Gutgeschnittene Ecke“ wurde gleich¬
818 2715 2002 2783 zeitig mit Berlin hier uraufgeführt. Im Münchener
130 2727 817 2803 n ins — Kino. „Es sei erreicht“
838 2782 2002 2826 Schauspielhause war der Erfolg nur mittelmäßig. In
130 2768 813 2854 Einladungsschreiben angezeigt und
826 2801 2000 2885 Versen, die sehr gut gemeint, aber nicht gerade wohlklin¬
127 2850 824 2893 der Sondervorstellung ein, was in
835 2840 2001 2925 gend sind, hat uns der Dichter von „Sodoms Ende“ aus¬
138 2877 828 2942 Blätter als das „Geistige Mün¬
829 2882 1998 2960 einander gesetzt, daß er uns Bilder aus der Zeit vor dem
128 2919 828 2990 Also auf den weißen Flächen er
841 2923 2007 3003 Kriege geben will, die uns zeigen, daß wir auf abschüssige
135 2962 821 3020 Gestalten und irgendwo draußen
829 2980 1718 3056 Pfade einer Verfallskultur geraten waren.
128 3012 820 3070 Nicht gerade hervorragend, aber
908 3016 1998 3087 So sehr wir es schätzen, wenn der Dichter seiner Zeit
138 3059 828 3108 daß sich die Musik nicht mit den
838 3072 1996 3142 das Gewissen schärft, so wenig können wir anerkennen,
136 3092 820 3162 spieler deckte. Nein, es ist nicht
835 3117 2014 3187 daß alles, was Sudermann in der „Gutgeschnittenen
140 3134 830 3196 e Mechanik kann die Bühne nicht
838 3176 2009 3233 Ecke“ philosophiert, von besonderer Wirkung und Be¬
133 3186 825 3238 kte mehr schmerzend als erhebend.
832 3199 2006 3267 weiskraft sei. Somit verbleibt die Fabel an sich, die Schil¬
134 3224 828 3286 sen versuchte man hier eine „Ret¬
837 3255 2013 3314 derung eines Idealisten, den skrupellose Geschäftsleute an
160 3267 831 3330 Glashüttenmärchen „Und Pippa
839 3292 2008 3357 die Wand drücken. Viel lebensvoller als dieser schwärme¬
156 3312 825 3380 vordem nur eine Vorstellung
838 3333 2009 3415 rische Theatergründer wirken die Terrainspekulanten und
137 3355 836 3416 ren versuchte sich ein literarischer
142 3384 2015 3459 tts durchgefallenen Dichtung. Er] „Kunst“=Geschäftsmänner. In Berlin hat man Modelle
2101 260 2554 353 box 32/4
1985 1377 3159 1495 zu erkennen geglaubt. Dieser „Reiz“ fiel für München
1982 1451 3158 1524 weg, aber man übersah hier auch manche „Feinheit“ des
1984 1484 3165 1567 Berliner Lokalkolorits. Gespielt wurde gut, aber doch
1985 1526 3162 1609 ohne hervorstechende Leistungen. Mattere Aufnahme fand
1996 1594 3167 1656 das politische Drama „Dr. Wahl“ von Nathansen. Der
1986 1624 3174 1696 dänische Autor ist hauptsächlich durch sein wirksames,
1989 1661 3172 1749 philosemitisches Milienstück „Hinter Mauern“ bekannt
1989 1684 3177 1783 geworden, an welches das neue Werk nur durch die Um¬
1989 1742 3188 1829 ständlichkeit seiner Entwicklung erinnert. Ministertragik
1994 1795 3169 1872 hat uns Björnson in „Paul Lange und Thora Parsberg“
1996 1851 3175 1914 nähergebracht. Möglicherweise wollte Nathansen uns zei¬
2001 1895 3173 1957 gen, wie kurzsichtiger Parteidok rinarismus um innerpo¬
1998 1912 3181 2003 litische Kleingkeiten kämpft, ohne zu sehen, daß er dabei
1994 1956 3172 2045 die Brandfackel in die hohe Politik schleudert, allein bei
1993 2015 3172 2080 dem Sturz des Ministers Wahl gelangen wir nicht über
1994 2044 3180 2132 persönliche Kabalen und sentimentalen Frauengeschichten
2001 2087 3187 2181 hinaus. Gut spielten Weigert und Annie Rosar. Letztere
1997 2138 3178 2221 hielt unlängst einen Rezitationsabend, an dem sie mit viel
2005 2182 3177 2264 Glück sich mit dem Mittelhochdeutschen versuchte. Ohne die
2002 2223 3177 2310 Scheidewand, die auch die beste Uebertragung aufrichtet,
2005 2267 3177 2344 trat Walther von der Vogelweide uns in voller Unmittel¬
2000 2300 3184 2397 barkeit nahe. Von sonstigen Aufführungen des Schauspiel¬
2000 2352 3183 2445 hauses sei eine Ausgrabung von Schnitzlers „Anatol“ er¬
2003 2384 3187 2468 wähnt, nebenbei gesagt ein Versuch mit ziemlich untaug¬
2002 2438 3191 2515 lichen Mitteln. Wer über diese unzeitgemäßen Stücke spie¬
2008 2484 3184 2557 lerischen Leichtsinnes den Kopf schüttelte, wurde ein paar
2007 2516 3186 2613 Tage später mit Lettings „Minna von Barnhelm“ ausge¬
2007 2571 3180 2648 söhnt. Auch im Schauspielhause wurde uns ein Tanzabend,
2001 2599 3187 2694 geboten. Primavesa und Bertrice Reichert=Mariagraete
2010 2657 3184 2740 stammen von der blauen Donau, von Wien gelangten sie
2000 2687 3188 2775 nach Paris, wo sie mit Erfolg auftraten, bis der Krieg
2014 2734 3190 2826 ausbrach. Wir haben in München Isidora Duncan „ent¬
2013 2787 3185 2857 deckt“, gerieten über eine Schlaftänzerin ganz aus dem
2002 2826 3185 2911 Häuschen und noch viele andere gelangten hier zu Ruhm
2002 2862 3192 2947 und Ehre. Es gab Zeiten, in denen „führende“ Blätter
2003 2915 3192 2991 das Barfüßige und Trikotlose mit einer Leidenschaft ver¬
2016 2956 3192 3044 teidigten, als gäbe es kein vornehmeres Menschenrecht.
2004 2992 3187 3080 Was Wunder, daß die neuen Tänzerinnen sich auf der
2018 3027 3204 3125 Flucht aus Frankreich nach München wandten. Sie haben
2028 3085 3195 3175 sich in ihrer Erwartung des Erfolges nicht getäuscht. Die
2019 3133 3194 3218 Künstlerinnen (die eine ist noch Kind), besitzen viel natür¬
2022 3171 3197 3259 liche Grazie und rhythmisches Feingefühl. Ihr Auftreten
2014 3218 3201 3291 ist im ganzen nicht undezent, ohne daß man deshalb seine
2013 3263 3183 3365 Bedenken gegen die Barfußtänzerei im Allgemeinen auf¬
2612 3301 3194 3378 L. G. Oberlaender.
2021 3337 2300 3401 geben wird.
