3392 4256
257 151 1975 263 26.1. Konoedie der vorte zyklus
457 2026 875 2120 Ausschnitt aus:
871 2034 1448 2163 Hamburger Zeitung
638 2092 881 2179 15 JN 79
463 2143 642 2203 vom:
404 2245 1111 2340 threg bonigen Anleigung rechnen mluß.
513 2256 1490 2348 Kleine Runpschau. Die Buchausgabe der neuen
491 2305 1491 2393 Einalter Komödie ZarPorte von Arthur
387 2338 490 2404 drei
677 2342 1508 2424 kürzem auch im Deutschen Schau¬
438 2392 490 2435 c
493 2384 604 2441 nitzl
402 2388 1510 2479 spetttlls einen statken Erfolg errungen haben, liegt jetzt der
409 2426 1425 2523 S. Fischir, Berlin, bereits in dritter Auflage per.
496 2440 1494 2542 Im Darmstädter Hoftheater hauttdie Erst¬
396 2491 1510 2600 aufführun von Schillers Dramenentwurf Watheck in der
2106 161 2567 255 box 32/9
2387 434 2958 532 Deutsches Tagblati
2014 521 2990 673 Safstigi) Ostdoutsche lesscer
2585 581 2765 675 Wien
2091 733 2819 876 Kunst und Bühne.
2588 841 2962 922 Wien, 29. März.
2001 894 2936 1011 Die Zukunft des Burgthealers.
2015 983 3014 1068 Von beachtenswerter Seite erhalten wir folgende
1936 1028 2159 1098 Zuschrift:
2022 1061 3000 1139 Mit aufrichtiger Genugtuung habe ich jüngst in
1943 1120 3018 1186 der „Ostdeutschen“ die Mahnung gelesen, es sei eine
1928 1161 3003 1210 politische (und ich möchte hinzufügen: auch eine mo¬
1936 1210 3013 1255 ralische) Ehrensache des Deutschen Nationalverbandes
1932 1252 3013 1307 und der christlichsozialen Partei, die Kreise, die es an¬
1933 1295 3010 1342 geht, aufmerksam zu machen, daß mit der Leitung des
1937 1342 3003 1394 Burgtheaters nur ein arisch=deutscher Künstler oder
1948 1380 3006 1449 Fachmann betraut werden dürfe, wenn anders eine
1947 1428 3009 1483 hervorragende deutsche Kulturstätte nicht fremden Un¬
1943 1466 3014 1519 sitten und zersetzenden Geschmacksrichtungen ausgeliefert
1935 1515 3002 1562 bleiben soll. Die Notwendigkeit, daß da zunächst
1941 1553 3005 1604 Schnipler samt seinem Klüngel außer Kurs gesetzt
1936 1597 3003 1644 werden müsse, liegt für jeden auf der Hand, der Zeuge
1933 1643 3010 1685 von der beschämenden Möglichkeit war, daß zu einer
1939 1684 3005 1741 Zeit, wo das deutsche Volk mit dem Aufgebot seiner
1943 1721 3008 1786 besten Söhne um sein Dasein ringt, im altehrwürdigen
1939 1768 3008 1830 Burgtheater die „Komödie der Worte“ aufgeführt wer¬
1941 1811 3016 1864 den konnte. Es geht nicht an, den „Dichter“ des „Rei¬
1934 1855 3007 1912 gens“ und der „Anatol“=Pikanterien immer wieder als
1937 1899 3016 1961 den hervorragendsten Vertreker der deutschöstereichi¬
1941 1944 3008 1998 schen Literatur auszurufen und selbst im Ausland den
1940 1985 3015 2031 Glauben zu nähren, als hätten wir und das Burg¬
1942 2024 2998 2089 theater keine würdigeren Bühnendichter als Artur
1937 2074 3004 2138 Schnitzler. Wer sind die Dichter der Stücke, die jetzt
1934 2109 3009 2171 das Burgtheater auf einer Gastspielreise durch die
1944 2160 3004 2204 Schweiz zur Aufführung bringt? Schnitzler steht an
1940 2195 3002 2254 ihrer Spitze. Und wem wurde der amtliche Auftrag,
1938 2244 3011 2295 in Vorträgen vor den Gastvorstellungen die Schweizer
1933 2286 3004 2342 über die Bedeutung des Burgtheaters und seiner Dich¬
1935 2331 3006 2382 ter zu unterrichten? Felix Salten (lies: Salzmann).
2017 2381 3008 2438 Kein Wunder, daß endlich auch in den maßgeben¬
1931 2397 3000 2486 den Kreisen Bedenken laut werden gegen die offenen
1944 2461 3013 2525 und geheimen Einflüsse und Machenschaften, die an
1938 2508 3000 2549 der Arbeit sind, das Burgtheater dem Judentum aus¬
1944 2551 3002 2608 zuliefern. Nur scheint man noch immer nicht den Mut
1941 2590 2997 2654 zu finden, den Stier bei den Hörnern zu packen. So
1937 2635 3000 2695 weit ich unterrichtet bin, denkt man wohl nicht mehr
1941 2673 3008 2740 daran, einen Juden als Leiter des Burgtheaters zu be¬
1946 2712 2998 2780 stellen. Aber ian getraut sich auch nicht, es mit einem
1934 2749 2996 2820 deutsch=christlich gesinnten und fühlenden Mann aus
1941 2798 3006 2866 der engeren Heimat zu versuchen, wie leicht auch die
1945 2841 2995 2899 Wahl unter den heimischen Bewerbern zu treffen wäre.
1941 2882 3002 2953 Um also weder nach rechts noch nach links anzustoßen,
1944 2931 2998 3006 will man sich, so heißt es, einen unverdächtigen Mann
1943 2972 2996 3036 aus dem Reiche holen und schon soll ein Sendbote aus¬
1938 3014 2995 3079 geschickt worden sein, um zu versuchen, ob nicht Karl
1933 3058 3002 3123 v. Zeiß, der ehemalige Intendant der Dresdener
1939 3101 2989 3164 Hofbühne, aus seinen neuen Frankfurter Verpflichtun¬
1922 3126 2991 3216 gen ausgelöst werden könne. Bei dieser gar zu beque¬
1934 3187 3001 3251 men Ausflucht bedachte man offenbar nicht, daß der
1918 3223 3002 3284 Intimus des Herrn v. Zeiß derselbe Felix Salten ist,
1918 3275 2992 3337 der jetzt die Schweizer über die Kultursendung des
1918 3316 2987 3386 Burgtheaters aufklärt. Und fiele die Wahl auch auf
1914 3350 2995 3413 irgendeine andere reichsdeutsche Theatergröße, bliebe
1925 3401 2987 3455 noch immer die Frage offen, ob wir es wirklich not¬
1913 3435 3001 3516 wendig haben, in die Ferne zu schweifen, wo das Gute
1924 3483 2387 3541 vielleicht so nahe liegt.
2017 3517 2989 3594 Was das Burgtheater braucht, ist ein Mann von
1926 3570 2996 3640 reinem Wollen und voller Vertrautheit mit den Ueber¬
1916 3612 2994 3677 lieferungen, durch die das Burgtheater groß und ein¬
1916 3659 2991 3727 zigartig geworden ist. Gustav Mahlers Wort, Tradi¬
1910 3699 3000 3768 tion sei Schlamperei, ist ein guter Witz, mit dem sich
1911 3743 2984 3801 aber der künstlerische Begriff nicht abfertigen läßt, den
1912 3791 2988 3847 das Burgtheater darstellt. Deutsche Hoftheater in
1910 3824 2987 3883 denen gut gespielt wird, gibt es mehr als genug. Nicht
1923 3872 2996 3939 darauf kommt es beim Burgtheater an, ob irgendeine
1911 3915 2993 3980 internationale Sensation ein bißchen besser oder
1920 3952 2985 4028 schlechter gespielt werde, sondern auf die zielbewußte
1905 4002 2986 4053 Pflege unserer besonderen Art, und diese Aufgabe kann
1904 4047 2977 4091 nur erfüllen, wer unseres Blutes und Fühlens ist. Es
1916 4079 2974 4141 ist nicht Kantöligeist, der aus mir spricht, sondern
