3436 4320
464 174 1442 275 „Komödie der Worte“ drei Cinakter von
846 232 1444 318 —Zweiter Gastspielabend
379 252 762 336 Arthur Schnit
380 269 1447 380 des k. k. Hösschantickers Harry Walden. Trei
377 328 1450 415 Einakter sind es, die der Dichter gestern uns vor¬
385 387 1419 489 führte, halb philosophisch, halb scherzhaft, ein
388 430 1453 524 Spiel, das uns zeigen sollte: Worte sind leerer
386 474 1455 571 Schall, eine Umgangsmünze mit unbeständigem
390 525 1454 628 Kurs, unter dem die Menschen ihr wahres Wesen
397 586 1460 679 verstecken, ein Notbehelf, um die eigenen Gedan¬
399 632 1456 718 ken zu verbergen, ein Pfandohjekt, um sich selbst
396 667 1454 757 und andere zu betrügen oder in den Schlaf zu
396 712 1461 811 kullen. Zuweilen aber können Worte lebendig
1244 770 1484 840 an eine
398 779 1149 870 werden, wie die des Dichters, die
403 835 1481 910 Schnur gefädelt — in ihrem Glanze, ihrem (Be.
405 860 1468 958 dankenreichtum und geistigen Gehalt, einer Per¬
400 914 1476 1017 lenkette von unschätzbarem Werte gleichen.
408 957 1476 1077 „Stunde des Erkennens“ ist eigemtlich
404 1019 1473 1094 eine Konödie des Schweigens, denn der betrogene
406 1064 1473 1156 Gatte öffnet den Mund 10 Jahre zu spät. End¬
403 1113 1477 1202 lich gestehen sich die beiden Gitten, daß ihr ehe¬
405 1159 1486 1257 liches Glück eigentlich nur in den Worten lebte,
418 1210 1476 1301 mit welchen sie sich das Glück ihrem Kinde zuliebe
410 1259 1464 1349 vorgetäuscht haben. In der „großen Szene“
410 1303 1480 1396 feiert die Kunst des Schauspielers einen Triumph.
413 1357 1493 1463 Dieser Komödiant spielt so gut Komödie, daß
416 1406 1486 1493 selbst seiner Fran dabei unheimlich wird und sie
418 1450 1500 1561 sich deshaib von ihm trennt. Ein Theaterdirektor
420 1506 1495 1609 keimt den Bruch. „Das Bacchusfest“ ist eine
432 1559 1499 1638 Debatte über Liebesverirrungen, die der Dichter
424 1616 1492 1699 durch schäne Gleichnisse aus der Mi##hologie zu
427 1648 1500 1746 illustrieren weiß. In allen drei Stücken gab
422 1698 1496 1804 Hurry Walden, der gefeierte Gast des Hosburg¬
428 1745 1497 1855 theaters, die männliche Hauptsigur. Die Dar¬
445 1796 1513 1890 stellung derselben erfordert viel Temperament,
435 1844 1504 1929 Geist und Laune. Er hielt die einzelnen Charak¬
450 1886 1514 1993 tere streng auseinander, führte den Dialog scharf,
441 1938 1518 2030 klat und dentlich. Sein Spiel in Geste und Mine
447 2009 1515 2088 ist überall großartig und hinreißend. Vieles er¬
442 2042 1515 2123 innerte an Keinz. Die Gestalt ist zwar nicht die
441 2087 1527 2180 gleiche, aber seine Natur, seine Kunst feiert
458 2126 1526 2238 hier eine Wiedergeburt. Von den heimischen
444 2180 1522 2281 Kräften standen neben dem Gast Frl. Beruth,
455 2235 1532 2344 Frau Dir. Linzer, Frl. Finkler und Herr
459 2297 1529 2392 Marholm in vorderster Reihe. Frl. Beruth
465 2336 1540 2428 zeigte wieder ihr großes Können, wie die Schau¬
470 2384 1538 2483 spieierin die Sängerin überflügelt. Ihre Hlara
460 2432 1532 2523 war eine tief erschötternde Trouengestalt, echt in
462 2482 1579 2564 ihrer Liebe, voll Kraft und Zuversicht in ihrem
476 2531 1544 2620 Schmerz. Ebenso trefflich war die Sophie der
476 2581 1548 2682 Frau Dir. Linzer, eine Menschenstudie von
473 2635 1563 2725 kristallener Klarheit und reifer Kunst. Fräulein
479 2680 1543 2778 Finkler sah entzückend aus. In zarter Ab¬
474 2742 1550 2808 tönung zeichnete sie die von Haß und Liebe er¬
476 2773 1550 2870 füllte Frau mit weithin glitzernden Farben. Herr
484 2823 1554 2918 Marholm zeigte in den beiden Rollen, dem
476 2869 1548 2966 Edgar Gley und dem Dr. Wernig, wie gut er zu
488 2920 1566 3009 charakterisiecen versteht. Sein munteres, flottes
493 2972 1569 3061 Spiel trug ihm warme Anerkennung ein. In
481 3019 1570 3136 einer Episode konnte Frl. Dewald ihr heiteres.
436 3138 1534 3220 lichtes Wesen gut zur Geltung bringen. Herr
439 3224 1520 3264 Dir. Linzer hatte leichtes Spiel und durfte
442 3250 1522 3317 ganz echt bleiben, den er gab das, was er ist: ein
452 3310 1522 3368 Theaterdirektor. Herr Wipplinger wirtte
443 3358 1522 3417 eingangs etwas schläfrig; später sand er den Ton
445 3398 1523 3461 und auch die Temperatur für seinen im Gewande
443 3441 1523 3503 der Selbsttäuschung einhergehenden Philosophen.
438 3490 1524 3547 Die Aufnahme der drei Einakter wereine geteilte.
450 3547 1523 3597 Die Mehrzahl der Besucher des ausberkauften
440 3587 1527 3648 Hauses lauschte mit Spannung den Vorgängen
439 3639 1526 3707 auf der Bühne, die uns durch die gute Interpre¬
442 3687 1530 3750 iation der Dersteller verständlich gemacht wurde.
450 3735 1532 3806 „Komödie der Worte“ ist eben eine Komödie, die
450 3783 1522 3843 zweimal gespielt wird; einmal vom Dichter, das
444 3841 1522 3900 zweitemal am Theater. Es gab nach jedem Akt¬
460 3890 1526 3945 schlusse stürmische Hervorrufe. Nach der „Großen
460 3941 1526 3997 Szene“ bereitete unser Publikum dem geseletten
450 3992 1518 4051 Gast eine „Große Szene herzlicher Ovationen“,
455 4025 1538 4099 die mehr bedeutet, als die beste Kritik zu geben
1340 4073 1493 4146 11—
456 4089 663 4151 vermag.
1859 1241 2977 1344 rennen Brüxer Volkszeitung
2119 1350 2477 1434 Artur Schnitzle
2557 1353 3056 1450 „Komödie der Worte“.
2015 1426 3054 1497 De spier Herry Walden).
2028 1477 3060 1553 ## interessant ist das geistige Band, das die
2023 1539 3054 1597 #ert Einakter Schnitzlers, die Donnerstag unter
2018 1578 3060 1641 dem Gesamttitel „Komödie der Worte“ aufgeführt
2017 1626 3058 1686 wurden, zusammenhält. Mit Worten wird oft
2015 1691 3051 1740 Komödie gespielt, Worte sind mitunter hohle
2024 1721 3057 1773 Phrasen, mit denen man der Lüge das schönste
2021 1778 3068 1844 drapierende Mäntelchen umhängen und so den Schein
2009 1823 3067 1898 der Wahrheit erwecken kann. Die geistreiche Art,
2019 1863 3054 1939 wie der Dichter die Komödie der Worte exem¬
2024 1924 3059 1972 plifiziert, ist glänzend. Seinen weichen feinen
2009 1970 3052 2063 Fingern gelingt es zum Erstaunen der Menschen,
2095 2019 2261 2082 G
1983 2101 3035 2162 die er auf der Bühne versammelt, die Larven
1972 2166 3028 2226 vom Gesicht und Schleier nach Schleier von der
1978 2215 3026 2272 Seele zu nehmen, bis sie hüllenlos da stehen und
1990 2264 3026 2315 mit nichts bekleidet sind als der nackten Wahrheit.
1989 2313 3025 2365 Die drei Einakter sind kein Publikums=Erzeugnis.
1988 2362 3033 2424 Eine philosophische Abhandlung, fein ziselierte
1986 2410 3028 2476 Worte, die ihren Weg in das Innere der Menschen
1990 2460 3029 2526 nehmen und eine Fülle von Erkenntnissen zu Tage
1990 2509 3028 2569 fördern. Ein Genuß für Feinschmecker der thea¬
1991 2555 3033 2626 tralischen Technik! Was der Gast an Menschen¬
1978 2612 3026 2672 darstellungskunst leistet, ist geradezu vorbildlich.
1992 2654 3036 2720 Der Künstler entfaltete Feinheiten einer mit
1994 2701 3031 2769 stillsten Mitteln arbeitenden Kunst phrasenloser
1984 2751 3028 2818 Innerlichteit. Sein ruhiges, bezwingendes Spiel,
1986 2796 3030 2867 das nie um eine geistreiche Wendung verlegen
1988 2841 3024 2914 ist, versteht es, die Zuhörer in tiefem Atem zu
1988 2887 3029 2956 halten. Harry Walden beherrschte seine Kunst
1984 2943 3023 3010 bis ins Letzte, Kleinste. Ein Künstler von Gottes
1987 2992 3025 3061 Graden! Aber auch die Mitwirkenden unseres
1989 3046 3032 3113 Ensembles konnten sich neben dem gefeierten Gast
1983 3093 3028 3156 sehen lassen. Die Leistungen der Damen Frau
1992 3147 2993 3199 Direktor Linzer, Frl. Beruth und Frl
1979 3196 3028 3252 Finkler waren hervorragend und über alles
1975 3241 3021 3312 Lob erhaben. Auch die Herren, in erster Linie
1989 3286 3029 3356 Marholm, sowie Direktor Linzer und
1978 3345 3030 3400 Wipplinger gaben ihr Bestes. Es war ein
1982 3403 3019 3456 fein abgeköntes Zusammenspiel, das dem Spiel¬
1982 3445 3027 3514 leiter Herrn Marholm alle Ehre machte. Die
1993 3482 3036 3562 Ausstattung der einzelnen Bühnenbilder war
1978 3542 3044 3605 wirkungsvoll. Das ausverkaufte Haus jubelte
1982 3585 3022 3654 den Darstellern zu und rief den Gast unzählige
1987 3633 2681 3705 Male stürmisch vor die Rampe.
2963 3649 3016 3713 —
