3344 4320
1 2856 44 2904 ich
-2 2894 41 2941 0
-6 2931 35 2976 on
1237 219 1311 286 W
743 229 832 288 0e
252 217 1953 303 26.1. Kom. die der t ZykIus
648 680 1146 766 (Quellenangabe ohne Gewähr,
1146 688 1276 785 1
374 765 781 847 Ausschnitt aus:
900 762 1071 855 Wehn
585 848 924 938 COlT1915
376 878 551 940 vom:
369 979 1452 1097 Theater, Kunst und Literatur.
386 1073 1446 1174 Schnitzlers „Komödie der Worte“ und
641 1140 1178 1218 die deutschr Presse.
452 1173 1480 1268 Anläßlich der im Berliner Lessing=Theater stattgefun¬
359 1247 1478 1330 denen Erstaufführung von Artur Schnitzlers Ein¬
360 1287 1487 1357 akterfolge „Komödie der Worte“ schreibt die „Deutsche
364 1343 1477 1420 Tageszeitung“ unter anderem: Mancher Vorzug des Schrift¬
369 1373 1484 1460 stellers Schnitzler ist auch an dieser Stelle willig anerkannt
363 1409 1483 1504 worden. Aber allmählich erstarrt seine Kunst, geistreiche
363 1469 1497 1540 Worte zu setzen, in Greisenhaftigkeit, und seine psychologischen
364 1510 1484 1577 Bohrversuche wagen sich an immer untauglichere Gegen¬
368 1534 1507 1630 stände. Selbst seine besten Freude und überzeugtesten
368 1595 1493 1690 Anhänger werden die breite, selbstgefällige Geschwätzig¬
362 1673 1483 1751 keit dieser mit Fug als „Wortkomödien“ bezeichneten
360 1736 1484 1791 Dichtungen übel empfinden, werden die den Abend eröffnende
367 1782 1482 1834 Tragödie als mühsam konstruierten Schwindel belächeln und
360 1821 1494 1877 für die Geschmacklosigkeit des letzten Einakters, der Ehebruch
363 1874 1474 1932 und Frömmigkeit in ganz ernsthaft gemeinte, breit aus¬
355 1908 1481 1978 gesponnene Beziehungen bringt, die Achseln zucken Damit,
360 1945 1490 2006 ist alles Erforderliche über den Kunstwert der drei Stücke
359 1999 1491 2040 gesagt. Vom nationalsittlichen Standpunkt aus wird vielleicht
366 2046 1491 2090 noch mehreres hinzuzufügen sein. Schnitzler hat zu Anfang
361 2088 1489 2135 des Krieges angeblich einige Torheiten über uns und unsere
357 2135 1485 2173 Feinde gesagt. Wer die Ideenwelt dieses Dramatikers aus
354 2179 1490 2222 seiner „Komödie der Worte“ kennen lernt, der wird ihm
348 2218 1485 2278 keinen Vorwurf wegen irgendeiner scheinbar nicht in diese
351 2272 1481 2322 Zeit passenden Redewendung machen. Denn Schnitzler hat
358 2302 1497 2384 offenbar kein Organ für diese Zeit und ihre Notwendigkeiten.
425 2351 1494 2414 Nur eines: Schnitzler spottet im ersten Stücke der Leute,
352 2398 1490 2459 die in vorgerücktem Alter noch immer Verse machen. Ihm
356 2434 1479 2489 selber ist das Haar schon stark übergraut. Sollte er nicht
357 2493 1479 2546 manchmal ganz heimlich auch der Leute spotten, die im vor¬
360 2526 1476 2573 gerückten Alter noch immer die Melodie ihrer Pubertäts¬
350 2564 1480 2618 jahre wiederholen und nicht über das ausschließliche, knaben¬
359 2616 1479 2677 haft fieberische Interesse am Ehebruchsreigen hinauskommen?“
1141 2660 1187 2694 +
432 2655 1474 2704 Der Schauspielreferent der Berliner „Taglichen Rund¬
357 2686 1489 2759 schau“ äußert sich folgendermaßen: „Wenn die Augenblicks¬
357 2748 1475 2810 wirkungen eines glänzend gewebten Dialogs verflogen sind,
355 2792 1481 2865 sagt man sich doch, daß drei tändelnde Ehebruchstücke an
356 2840 1480 2898 einem Abend in der heutigen Zeit, wo Hunderttausende
350 2879 1480 2941 von deutschen Frauen um ihre Männer sorgen oder gar
356 2913 1471 2985 trauern, so fehl am Orte sind wie nur möglich. Wer dafür
349 2957 1481 3016 kein Gefühl hat, mit dem ist natürlich nicht darüber zu
358 3006 1482 3058 streiten. „Gefühl ist alles.“ Schnitzler selber wird vermutlich
358 3050 1480 3113 die Achseln zucken über solche Einwände; er at einmal
348 3107 1481 3164 das Bekenntnis abgelegt: „Wir spielen immen wer es weiß,
347 3139 1486 3218 ist kug.“ Aber es ist ein großer Irrtum,daß sylche Kluge.
354 3176 1113 3257 heip wirklich das Höchste im Leben sei.“
2133 201 2565 293 box 32/3
2281 627 2813 713 (Quellenangabe ohne Gewähr.)
2483 676 3120 820 tlager Wagbalt. Prer
1992 713 2413 793 Ausschnitt aus:
1991 802 2155 886 vom:
2269 816 2546 903 200KT 1015
2108 883 3038 999 Wen in Funschenfiek in Schntziers nae
2986 966 3090 1028 „ „
2025 944 3006 1024 mödie der Worte“ ereignete sich am Samstag bei
2021 1005 3005 1080 der Ersiaufführung im Berliner Lessing=Theater.
2032 1046 3004 1133 Wir lesen darüber in der „Tägl. Rundschau“: Im
2023 1093 3000 1182 mittelsten Stück der „großen Szene“ gab's eine
2031 1144 2983 1210 kleine „Panik“. Ein verdächtiges Zischen und Sau¬
2024 1182 2998 1253 sen, in dumpferer Tonart, als man es bei miß¬
2021 1230 2994 1302 vergnügten Zuschauern zu hören pflegt, veranlaßte
2021 1274 2990 1332 ängstliche Gemüter aus dem Parkeit zu flüchten —
2032 1314 2995 1383 der Vorhang siel. Glücklicherweise fand ein Feuer¬
2024 1357 2991 1426 wehrmann aus dem Stegreif das rechte Blichwort
2014 1398 2987 1455 zum Wiederbeginn des Spiels, er erschien vor der
2022 1442 3004 1511 Gardine, streckte majestätisch die Hand aus##sprch
2027 1480 2987 1527 das ertösende Wort: „Dumpfheizung!“, worauf Be¬
2012 1522 3026 1598 ruhigung eintrat. Trotz diesem Zwischenspiel höchste
2008 1572 2989 1635 zunschnitzlerischer Art. brachte dieser Einakter die
1985 1631 3000 1758 Entscheidung des Abends, einen durchschlagenten
2000 1719 2987 1818 Erfolg, der den anwesenden Dichter auf die Bühne
1999 1738 2962 1846 rief.“ Außh die anderen Stücke fanden Beifall. —
2010 1908 2427 2026 Ausschnitt aus:
2504 1994 3035 2096 Leutsches Tagblatt
2008 2041 2401 2120 vom: 2/0K110
2370 2070 3076 2175 BRmstae
2233 2148 3062 2256 M. W. Wir werden den Aufsatz bringen. —
2029 2154 3083 2309 Wourn7 Die aiente letenit Porsein Bente ta
2015 2204 3078 2349 den neuesten Schnitzler genau wie die arische Presse
2010 2249 3079 2388 in Wien abgekehnt. Karl Strecker schreibt in der
2020 2286 3084 2420 „Tägl. Rundschau": Drei tändelnde Ehebruch¬
2011 2332 3089 2470 stücke an einem Abend in der heutigen Zeit, wo Hun¬
2003 2359 3089 2520 vertanlende von deutschen Franen un
2008 2398 3062 2531 ihre Männer sorgen oder gar trauern, sind
1999 2443 3070 2581 so fehl am Ort wie nur möglich. Wer dafür kein Gefühl
1996 2478 3057 2616 hat, mit dem ist zutürlich nicht darüber zu streiten. „Ge¬
2000 2518 2422 2605 fühl ist alles! —
2415 2556 3038 2653 Lehrer B. Das Wort „gemein¬
3014 2604 3057 2657 „
1993 2560 3035 2684 ist früher sehr härtfig fur „allgemein“ oder „gemeinsapt“
1979 2604 3032 2724 gebraucht worden. Wenn Gnethe von Scill######r
2025 2840 3172 2927 Ausschnitt aus: Teplitz-Schönauer Anzeiger
2543 2918 3027 3013 Teplitz, Böhmen
2011 2950 2528 3036 vom: 270K119-5
2230 3070 2811 3158 Theater und Musik.
2108 3147 3025 3242 [Ein Zwischenspiel in Schnißlers.
2033 3210 3006 3266 „Komödie der Worte“ ereignete-sich am
2042 3253 3001 3327 Samstag bei der Erstaufführung im Berliner Les¬
2028 3305 3010 3379 sing=Theater. Im mittelsten Stück der „Großen
2034 3350 3013 3424 Szene“ gabs eine kleine „Panik“. Ein verdächtiges
2024 3391 3011 3475 Zischen und Sausen, in dumpferer Tonart, als man
2025 3441 3013 3527 es bei mißvergnügten Zuschauern zu hören pflegt,
2030 3503 3007 3579 veranlaßte ängstliche Gemüter aus dem Parkett zu
2028 3544 3004 3620 flüchten— der Vorhang fiel. Glücklicherweise fand
2024 3610 3002 3672 ein Feuerwehrmann aus dem Stegreif das rechte
2026 3647 2999 3701 Stichwort zum Wiederbeginn des Spieles, er er¬
2031 3693 3003 3763 schien vor der Gardine, streckte majestätisch die Hand
2018 3745 2986 3808 aus, sprach das erlösende Wort: „Dampfheizung!",
2012 3770 2996 3852 worauf Beruhigung eintrat. Trotz dieses Zwischen¬
2026 3839 3002 3910 spiels höchst unschnitzlerischer Art brachte dieser Ein¬
2013 3886 2991 3948 akter die Entscheidung des Abends, einen durch¬
2023 3926 2988 4022 schlagenden Erfolg, der den anwesenden Dichter auf
2016 3978 2336 4043 die Bühne rief.
