3344 4320
202 159 2534 292 26.1. Konoedie der Norte zuklus box 32/4
408 569 925 642 (Quelienangabe ohne Gewähr.)
374 597 709 671 Hanno
744 597 1351 670 rAneiger, Hannorel
287 657 534 730 nitt aus:
504 705 887 835 11. 11.1915
1116 817 1606 894 1. Banu,
300 887 370 962 8
515 952 1138 1055 Theater und Musik.
585 1051 1038 1122 Deutsches Thealer.
359 1100 1301 1150 Zum ersten Male: „Komödie der Worte“, drei
1593 1013 2939 1179 Unfren hannoverschen Truppen
290 1131 805 1203 Einakter von Artur S
811 1144 1309 1219 chnitzler. Spielleitung:
288 1160 862 1233 Direktor Leo Walther S
1192 1184 1267 1254 The
351 1193 1245 1263 Als im Herbst vorigen Jahres die deutschen Tk
300 1243 1197 1291 ater zur gewohnten Zeit wie im Frieden ihre
1726 1262 2841 1343 da Weihnachten im geide
304 1285 1197 1332 ten wieder öffneten, da verlangte trotz der furc
300 1314 1201 1358 schweren Kriegsprüfung, die wenige Wochen v#
306 1343 1211 1387 über unser Volk bereingebrochen war, kein Einsi
1387 1333 3178 1404 gilt unsere jetige Sammlung von Liebesgaben, die wir in Gemeinschaft mit den Annahmestellen I und 1I
1386 1375 3180 1428 für freiwillige Liebesgaben jetzt wieder eröffneten. Es ist das zweite Weihnachtsfest, das unsere Feld¬
307 1378 1263 1423 ger von ihnen, daß sie nun dauernd nur die hohe
1394 1406 3178 1452 grauen draußen erleben, in stetem Kampf für das Vaterland. Wieder senken sich die Schatten der
308 1410 1312 1465 Dramen unsrer Klassiker geben sollten. Allein schon
1382 1437 3181 1482 Winterzeit auf die weiten Kampffelder im Westen und Osten, zu denen jetzt auch noch die unwirtlichen
304 1444 1304 1496 die Notwendigkeit der wirtschaftlichen Sicherung der
1386 1461 3177 1509 Kampfgebiete Serbiens getreten sind. Millionen unserer deutschen Männer steben in steter Bereitschaft.
308 1481 1308 1529 Künstler erforderte die Beibehaltung auch leichter
1385 1492 3172 1540 nicht nür die Grenzen unsres Vaterlandes zu verteidigen, sondern unter beldenmütiger Einsetzung
300 1507 1316 1562 Ware im Spielplan, und dieser Notwendigkeit brachte
1394 1522 3181 1570 ihres Lebens den Sieg zu erzwingen, den wir nach all den Opfern zur Sicherung einer gedeihlichen
295 1539 1306 1598 auch jener Teil der Oeffentlichkeit volles Verständuis
1397 1556 3177 1600 Weiterentwicklung unsrer Existenz erringen müssen und werden. Groß ist unsre Verpflichtung diesen
1387 1587 1795 1644 Kämpfern gegenüber
306 1572 1318 1627 entgegen, der persönlich kein Bedürfnis nach solchen
1505 1599 3178 1661 Unfre Sammlung gilt vor allem aber den zahlreichen Kriegern unsrer Hannoverschen Truvven.
311 1617 1315 1669 Darbietungen empfand. Aber eine seit Jahren leider
1386 1630 3181 1696 die obne nähere Angehörige sind, die infolgedessen das Weihnachtsfest heranrücken sehen, oöne Anssicht
306 1645 1321 1709 vergeblich vertretene Forderung wurde fast wider¬
1387 1673 3178 1717 auf eine beglückende Weihnachtsgabe aus der Heimat. Sollen diese Tapfern zu Weihnachten beiseite
302 1686 1321 1738 standslos durchgesetzt: die dekadente Theatralik des
2905 1696 3185 1752 Sollen Siese
1393 1697 2894 1753 stehen, menn andere Gaben aus der Heimat von ihren Angehörigen empfangen?
308 1709 1312 1768 jetzt feindlichen Auslandes, zumal die früher in Mas¬
1394 1732 3174 1794 vielen Kämpfer empfinden, daß sie, die auch ihr Leben für das Vaterland aufs Spiel setzen,
304 1741 1315 1800 sen aus Paris eingeführte Ware, gewann im Kriegs¬
1391 1764 1751 1822 vergessen werden?
1498 1786 2358 1842 Für diese erbitten wir in erster Linie Gaben!
305 1785 1320 1848 theaterwinter nicht wieder die frühere beherrschende
1498 1805 3179 1864 Ein jeder von uns Daheimgebliebenen wird gewiß für diese Helden seine Gaben bringen, um
1256 1827 1312 1871 ja
304 1821 1267 1871 Stellung im Spielplan der Bühnen Deutschlands, i
1385 1849 3176 1900 ihnen zu beweisen, daß auch sie bei dem schönsten aller Feste, zu Weihnachten, nicht allein steben und
306 1851 1317 1906 wurde mit wenigen Ausnahmen überhaupt nicht mehr
1396 1881 2076 1928 daß wir auch ihrer in Liebe gedenken.
304 1888 1312 1940 zugelassen. Wäre das auch nur eine Art Vergeltung
1503 1893 2941 1967 Am willkommensten werden unsern Feldgrauen auch jetzt, zu Weibnachten, wieder
307 1927 1315 1982 dafür aewesen, wie man im feindlichen Ausland deut¬
299 1961 1274 2005 sches Wesen und deutsche Kunst verunglimpfte,
1881 1953 2680 2040 Weihnachts=Pakete
308 1996 1316 2051 wäre sie schon deshalb freudig zu begrüßen gewesen,
308 2028 1323 2079 weil sie Gelegenheit gab, an den seit. Jahrzehnten
1394 2036 3182 2091 sein. aus denen sie erseben, daß sie von sorgender Hand für sie bereitet sind. Als Inhalt dieser Pakete.
308 2053 1312 2115 ungebührlich zurückgesetzten deutschen Bühnenautoren
1387 2085 3186 2133 deren Wert man auf ca. 5 Mk. bemessen möge, ist besonders zu empfehlen: Strümpfe. Hosenträger.
306 2092 1318 2138 ein hischen wieder gut zu machen, und wenn auch
1396 2102 3180 2165 Taschentücher, von jedem vielleicht ein Paar, Zigarren. Zigaretten, Tabak, Tabakspfeifen. Schokolade.
308 2126 1320 2173 praktisch noch so wenig dabei herauskam. Doch uns
1389 2137 3169 2196 Zucker. Kerzen, Büchsensachen (Fische, Wurst, Fett), Nähzeug, Lichte, Taschenlaternen, Batterien, Lunten¬
307 2167 1319 2218 war es mehr, war es ein unwillkürlicher Ausdruck
1390 2173 2431 2233 feuerzeuge, Seife, Mittel gegen Ungeziefer. Garn, Nadeln.
302 2196 1313 2248 der seelischen „Umgruppierung“, die sich in jenen
1503 2203 2220 2247 Dem Pakete lege man seine Adresse bei.
1511 2213 3085 2287 Wem aber die Zeit und Gelegenbeit fehlt, selbst ein berartiges Paket zu fertigen, der gebe
311 2228 1318 2287 Tagen im deutschen Volke vollzog: zu der Selbst¬
305 2278 1320 2327 besinnung auf unser eigentliches Wesen, zu dem Be¬
1158 2306 1225 2332 (r
296 2306 1311 2351 kenntnis zu jenem wahren Deutschtum, dessen Kräfte
1695 2290 2879 2374 eine Geldspende von 5 Mark
304 2338 1322 2390 wir für die weltgeschichtliche Prüfung brauchten, wollte
1399 2345 3186 2419 oder mehr, damit wir dafür Einzel=Pakete obigen Inhalts anfertigen können. Auch in diesem Falle
301 2358 1316 2428 nach unser aller Empfinden jene ihm fremde, ja in¬
1396 2390 3184 2445 bitten wir um Beifügung einer Karte, die den betrefsenden Paketen beigepackt werden kann. damit
303 2397 1315 2447 nerlich feindliche Literatur nicht mehr passen deren
1389 2424 3184 2479 der Empfänger sieht von wem die Gabe kommt. Außer diesen Einzel=Paket= und Geldspenden sind
301 2436 1312 2489 geistige Flachheit und seelische Morschheir ob ihrer
1392 2453 1808 2512 selbstverständlich auch
307 2476 1311 2524 geschickten „Aufmachung“ bislang auch auf unsern
300 2495 1319 2546 Bühnen ebenso wie im übrigen literarischen Betrieb
1476 2480 3083 2594 andere Liebesgaben in beliebigen Posten
299 2542 1314 2590 nicht nur geduldet, sondern geradezu verhätschelt und
308 2573 706 2638 verbimmelt wurde.
1388 2589 3175 2641 und Auswahl willkommen und zwar sind dakür besonders zu empfehlen: Unterhofen Strümpfe,
364 2600 1325 2666 Nun stehen wir schon mitten im zweiten Kriegs¬
1401 2620 3181 2679 Taschentücher, Hosenträger, Konferven, Keks, Schokolade, Hönigkuchen, Zigarren, Tabak, Pfeisen, Post¬
311 2625 1315 2698 theaterwinter. Die seelische Belastung unseres Volkes
2278 2656 3190 2696 Alles soll und muß beste Ware sein, die den
1392 2657 2275 2699 karten, Rum, gute Weine, Kassee. Tee usw.
765 2669 824 2709 1170
305 2664 1324 2730 ist in den fünf Vierteljahren seit August 1914 wahr¬
1394 2686 3181 2738 Transport übersteht und die dem Körper bekömmlich ist. Die Beifügung der Adresse des Spenders
306 2706 1310 2755 lich nicht geringer geworden, und wenn auch dank der
1400 2710 3184 2761 auch zu diesen Sachen ist erwünscht Mit diesen Gaben werden wir, soweit es angebracht ist, auch
1393 2743 3177 2798 Einzelpakete fertigen oder aber den Truppenteilen zuführen, damit diese selbst durch ihre Führer die
309 2736 1313 2798 wunderbaren Leistungen unsrer genialen Heerführer
1399 2774 2271 2842 Gaben so verteilen, wie es zweckmäßig erscheint.
306 2767 1317 2826 und unsrex unvergleichlichen Truppen unsere Sieges¬
300 2811 1315 2860 zuversicht so stark und fest ist wie nur je, so sind der
1385 2821 3165 2889 Vor allem erbitten wir alle Gaben, Einzelpakete und Geld¬
308 2844 1305 2896 unersetzlichen Opfer doch so viele gebracht worden, daß
306 2881 1313 2932 nur das stete Gedenken an das große Ziel: die freie
1844 2792 2734 2945 spenden se schnel wie mäglich.
312 2907 1320 2967 Zukunft und Weltgeltung des Deutschtums ein für
1443 2922 3179 2984 enn die Weihnachtspakete müssen zum Teil noch vor Ende November bekördert werden um auf
305 2934 1309 3002 allemal zu erkämpfen, uns sie so stolz ertragen läßt.
1390 2953 3177 3019 sicherm Wege auf den entfernteren Kriegsschauplätzen rechtzeitin zum Weihnachtsfeste einzutreßen.
309 2990 1317 3039 Die Kraft dazu aber erwächst allein aus der immer
1526 2994 3184 3056 Die Zuführung der Gaben an unfre Truppen erfolgt durch uns und die Annahmestellen
310 3007 1314 3073 reineren und volleren Ausprägung eben dieses inne¬
1396 3016 1771 3082 I und II hierselbst.
310 3044 1321 3093 ren Deutschtums in all unserm Fühlen und Wollen,
1499 3052 2371 3121 Wir erbitten Einlieferung aller Svenden an die
315 3080 1311 3135 und daher ist es gebieterische Pflicht aller öffentlichen
307 3116 1315 3179 Einrichtungen, diese Gesundung, dieses Wachstum der
1409 3121 3171 3191 Geschäftsstelle des Hannoverschen Anzeigers, Hannover, Schillerstraße 11
302 3144 1306 3199 Volksseele wenn nicht zu fördern, so doch zum min¬
2144 3170 2416 3232 oder an die
307 3183 1319 3238 desten nicht zu stören. Deshalb gehört die früher
308 3217 1309 3262 leider so stark bevorzugte theatralische Dekadenzlite¬
1469 3221 3102 3301 Annahmestellen I und II Künstlerhaus, Hannover, Sophienstraße 5.
304 3246 1311 3302 ratur heute noch weniger als vor einem Jahre auf
303 3282 1307 3338 unsere Bühnen, weil sie das gerade Gegenteil dessen
1510 3297 2947 3356 Ueber alle Gaben wird im Hannoverschen Anzeiger in der üblichen Weise quittiert.
308 3317 1312 3373 predigt und verherrlicht, was wir jetzt und für immer
308 3347 1319 3409 dringend brauchen, mag sie nun aus Paxis oder aus
1630 3353 3135 3448 Verlag des Hannoverschen Anzeigers, Hannover.
350 3385 1310 3429 — Wien stammen. Darum empfindet auch iemand
300 3423 1312 3479 der ein harmloses Scherzspiel, einen törichten Schwank
300 3453 1319 3513 sich zur seelischen Entspannung gern einmal ansieht,
306 3484 1303 3543 Werke wie Artur Schnitzlers „Komödie der Worte“
1308 3511 3264 3570 ihre Treue, die ihnen Selbstverständlichkeit ist, auf holen, die dech, so unerquicklich sie größtenteils wir¬
305 3528 1313 3580 Fals einen Mißklang im neudeutschen Chor, als pein¬
2282 3554 3275 3606 ken, nirgends den schweren Ernst verkennen lassen,
1307 3560 2282 3613 der Bühne in sentimentaler Verbrämung bengalisch
317 3559 1310 3607 ichen. Rückfall in Zeiten, die überwunden sein sollten.
2281 3596 3274 3644 mit dem der grüblerische Dichter mit dem ihn wieder
1303 3588 2285 3640 beleuchtet werde. Aber sie dürfen verlangen, daß von
365 3596 1306 3644 Denn diese „Komödie der Worte“, wie der Autor
2277 3623 3270 3674 jund wieder beschäftigenden Problem des Weibes ge¬
1306 3627 2281 3678 diesen die Welt vortäuschenden Brettern wenigstens
327 3630 787 3684 sie prätentiös nennt,
768 3628 1309 3684 ist eine Tragödie der Ge¬
2276 3648 3269 3711 rungen hat so muß es sie vollends abstoßen, zu sehen,
1307 3663 2275 3714 jetzt nicht das gerade Gegenteil ihres Verhaltens als
344 3659 1311 3710 sinnung und Gesittung. Ihr dreifach abgehandeltes
334 3689 389 3723 111
2283 3685 3269 3737 wir dem Wierer Schnitzler ähnliche Themen ehen!
1301 3696 2279 3738 Norm, ja als Selbstverständlichkeit hingestellt wird.
316 3698 1305 3750 Thema ist, genau wie bei der unterbrochenen Einfuhr
2275 3717 3276 3790 recht sind, mehr oder minder gerstvoll „jenseits von!
1310 3725 2274 3789 Wenn schon malcher sich daran stößt, daß unsere The¬
312 3730 1309 3777 aus Paris, die eheliche Untreue — nicht als Problm,
2275 3757 2915 3818 Gut und Böse“ damit zu spielen.
1309 3750 2298 3806 ater ringsum im Reich jetzt des Schweden Strind¬
317 3762 1310 3810 sondern als Sport. Gewiß erwarten die Frauen und
313 3781 3288 3859 Bräute der Millionen Feldgrauen draußen nicht, daß lberg zersetzende Einakter besonders häufig hervor¬! Der erste Einakter „Stunde des Erkennens“ hat
