3344 4352
1912 114 3201 187 in die Ange tane die vollen Friedenszagen zu garanteren
2029 165 3185 227 da wurde Herr Rickelt dringend herbeitelegraphiert.
1915 221 3182 290 Der wohlbeleibte Herr erschien und intervenierte beim
1920 251 3185 331 Theaterverein Dieser war nobel und vor allem
1917 308 3188 376 so einsichtig das Interesse des Theaters höher zu stellen als alle
1920 367 3191 437 Separattendenzen Das Erscheinen des Präsidenten der Bühnen¬
1914 411 3190 467 genossenschaft war nicht ohne Absicht provoziert worden; die
1922 454 3183 517 offizielle deutsche Schau pielervertretung sollte einen fühlbaren
1924 509 3185 570 Druck auf die Entschließungen Direktor Weisses und des Vereines
1922 547 3183 602 ausüben. Das ist natürlich gelungen, ohne daß man gerade be¬
1920 590 3184 665 haupten kann, daß dieses „scharfe Vorgehen“ die Billigung des
1917 642 3181 713 gesamten Schauspielerpersonals gefunden hat. Aber es waren ein
1912 698 3182 747 paar Unzufriedene, Mißvergnügte darunter, die in den gemein¬
1918 742 3188 818 samen Beratungen die scharfe Tonart vertraten. In diesen
1922 791 3184 864 Sitzungen der Schauspieler sind die Gegensätze heftig aufeinander¬
1913 829 3193 903 geplatzt; es kam zu den erregtesten Debatten, man schrie sich
1913 888 3196 938 untereinander an, brachte die unglaublichsten Dinge aufs Tapet,
1917 935 3187 994 kurzum, es war das Bild eines Schauspielerkonvents. Und da sich
1906 982 3193 1055 die Herrschaften mit Wort verpflichteten, über alles, was da
1914 1035 3184 1094 gesprochen wurde, strengstes Geheimnis zu bewahren — was
1905 1088 3191 1150 war natürlicher, als daß man schon am nächsten Tag genau
1908 1135 3184 1197 erfahren konnte, was, worüber und wie geredet wurde ... Es
1904 1178 3186 1254 haben sich da einige Herrschaften manches geleistet, sogar
1911 1216 3185 1290 solche, die von heute auf morgen ihre Meinungen änderten. Ja,
1908 1259 3185 1338 einer hatte sogar die Geistesgegenwart, gleich einen neuen Direktor
1918 1327 3188 1386 zu kandidieren, falls Herr Weisse nicht die vollen Gagen bezahlen wolle.
1918 1370 3185 1426 Alle diese häßlichen kritischen Stimmungen waren natürlich zu
1923 1413 3184 1473 Ende, als dann die Gagenfrage so überraschend geregelt wurde.
1912 1462 3186 1529 Herr Rickelt konnte beruhigt nach Berlin abreisen, aber nun ist
1913 1508 3190 1565 er wieder in Wien gewesen. Der allezeit getreuen Opposition
1921 1555 3189 1629 scheint doch vor ihrem Sieg ein wenig bange geworden zu sein
1909 1601 3176 1677 und man möchte sich wohl ein bißchen sichern Worüber man jetzt
1908 1647 3181 1715 so eifrig mit Herrn Rickelt verhandelt, ist im Grunde nur
1914 1699 2533 1775 Privatsache jedes einzelnen.
2518 1702 3179 1774 Er kennt aus Erfahrung
1913 1741 2496 1822 die Schauspielerwelt zu
2503 1754 3181 1826 genau, um nicht abwägen
1910 1808 3174 1867 zu können, was berechtigt und was unberechtigt ist.
1907 1847 3181 1923 Wenn es gegen die Direktoren geht, haben die Schauspieler
1911 1906 3181 1949 gewöhnlich ihre eigene Rechtsanschauung und eine Moral mit
1898 1939 3174 2000 doppeltem Boden; eine für sich und eine für andere. So wird
1902 1988 3184 2054 es wahrscheinlich auch hier sein. Herr Rickelt wird es wohl bald
1900 2038 3179 2094 merken, daß man in Wien die scharse Tonart nicht ganz so gut¬
1902 2094 3175 2153 willig hinnimmt, und es ist zu erwarten, daß der Friede im
1908 2138 3175 2219 Deutschen Volkstheater endgültig einkehrt, auch wenn nicht alle
1905 2186 2744 2257 Wünsche und Absichten zum Ertolg führen.
2019 2229 3182 2297 Heute hätte im Deutschen Volkstheater übrigens Premiere
1910 2253 3168 2341 sein sollen. Es war die deutsche Uraufführung des dänischen
1186 2293 1566 2398 guse onne Gewahr.)
1901 2328 3168 2379 Lustspiels „Meine rechte Hand“ geplant. Das Stück be¬
1886 2370 3169 2423 reitete große technische Schwierigkeiten, die besonders in der
730 2368 1547 2483 Ausschnitt ausg: Wiener Journal, WT•
1896 2414 3173 2501 Kriegszeit durch den Mangel an geschulten Theaterarbeitern schon
1896 2476 3170 2549 manche Aufgabe erschwerten. Es ergaben sich fortwährend
719 2481 1207 2570 vom: 100K11911
1905 2525 3166 2591 Stockungen im Umbau, unerträglich lange Pausen und andere
1892 2561 3166 2639 Hindernisse. Gestern fand die Generalprobe des Lustspiels
954 2565 1125 2665 mnnn
1891 2614 3164 2674 („Mbine rechte Hand“, das bereits von einem halben Dutzend
1898 2661 3168 2729 Bühren in Deutschland vorbereitet wird. statt, aber schon am
864 2672 1728 2788 Theater und Kunst.
1903 2723 3167 2785 Abend berichtete eine Notiz aus der Direktionskanzlei, daß das
1896 2759 3169 2827 neue Stück auf unbestimmte Zeit verschoben sei Wer in
1906 2816 3161 2878 Theaterdingen Bescheid weiß, kann die Erkrankung einer Haupt¬
986 2791 1609 2886 Hinter den Kulissen.
1913 2863 3156 2949 darstellerin auf die einsachste Weise deuten. Die „rechte Hand“
659 2852 1907 2938 (Die gestrichene Jemahlin. — Der zensurierte Schnitz'er. — Der Helfer
1909 2913 2597 2968 scheint sich verstaucht zu haben ...
657 2915 1915 2979 aus Berlin. — Schauspieler untereinander — Die Mirgtiene= und die
1273 2959 1927 3024 Die Heimlichen. — Rickelts Inter¬
2001 2934 3161 3010 Die allgemeine Teuerung wird nicht nur im kleinen Haus.
668 2969 1288 3017 Freunde des Direktors Weisse. —
670 3004 1900 3080 vention. — Hitzige Gemüter. — Die abgesagie Premiere. — Die teure
1913 3000 3155 3076 halt, sondern auch im großen Theaterbetrieb verspürt. Jüngst
993 3047 1628 3109 Bühnenkost. — Autorenschmerzen.)
1909 3056 3151 3112 brachte eine hiesige Bühne die Reprise eines älieren Schwantes.
778 3069 1912 3165 Es ist etwas Eigenes um die Hoftheaterzensur Sie über¬
1977 3106 3168 3180 dem Werke findet sich eine Frühstückszene, die man unmöglich
665 3134 1926 3202 feinert noch jene andere, die mit dem robusten Blaustift arbeitet. Sie
1913 3134 1993 3209 s
1976 3152 3163 3221 chen kann, weil sie sozusagen von psychologischer Bedeutung
675 3197 1914 3252 klügelt noch mehr, um aus Harmlonigkeiten Dinge zu schöpsen
1900 3194 2004 3253 ist.
2001 3195 3167 3263 #ei junge Gatten — mißverstehen sich in dieser Szene. Die
666 3242 3163 3316 die eines Verbotes wert sind, und sie möchte am liebsten die Welt Fra## erhätschelt den Mann, sie wird ihm mit ihren Zärtlichkeiten
664 3307 3149 3348 mit dem Stil eines Horze emonienmeisters versehen, der immer beinahe unangenehm, sie füttert den geliebten Mann fast
674 3339 1910 3398 und zu jeder Zeit genau die Stellen im Kopf hat an denen man
1909 3348 3149 3406 zu Tode. Der Autor hat nun hier ein kompaktes Frühstück
668 3391 3159 3455 nicht anstoßen darf. — In der „Komödie der Worte“ Schnitzlexs,ganz genau vorgeschrieben, da es nun einmal charaktertstisch
665 3433 3150 3492 der gewiß mit vollendeter Technik das Verfänglichste zu ist. Schon bei den Proben meinte der Regisseur: „Man sollte
665 3485 3158 3543 sagen versteht, gab es auch einige Stellen, bei denen die Szene streichen — bei dieser Teuerung können wir uns
662 3538 3091 3605 der Hauszensor wohl nervös zusammenzuckte, als das nicht leisten.“ Der Autor bestand aber auf seinem Schein —
1925 3590 3242 3692 es mußten allabendlich echte Requisiten da sein. Nach der1#
1923 3652 2691 3736 zweiten Aufführung kam der Direktor:
2044 3700 3204 3785 „Das Stück ist für die gegenwärtige Zeit viel zu kost¬
1933 3758 3200 3832 spielig. Ich habe heute ausrechnen lassen, was mich jedesmal
1934 3815 2795 3876 Ihre üppige Frühstücksszene für Geld kostet.
2045 3842 2937 3925 „Wird nicht so arg sein!“ lächelte der Autor.“
2057 3905 3201 3981 „Bitte, hier ist der Zettel des Requisiteurs.“ Und er reichte
1928 3923 2265 4023 ihn dem ###tor:
2132 4011 2994 4098 Kilo Butter (Teschner) . . . — Kronen 1.—
2101 4050 2521 4122 Schinken (dick belegt)
2684 4065 2789 4118 —
2673 4106 2777 4164 —
2099 4093 2507 4164 Rostdeef (ebenso)
2807 4081 3017 4170 " 3•—
2094 4134 2391 4183 4 Eier (Teeier!
