3436 4352
2132 199 2574 287 box 32/5
249 206 1974 284 26. 1. Konbedieder Norte—Zuklus
1338 1395 3314 1480 drücken. Dieses Minnespiel erfährt eine kleine Heß pflegt eine Neigung, zu zerdehnen und zu er¬
648 1397 1106 1515 Feuilleton.
1367 1451 3304 1505 Unterbrechung. Der Schauspieler muß sich vor müden. Im letzten Einakter fiel Herrn Schippel
1364 1498 3301 1533 einem Bräutigam verantworten, der die untrüg= die Aufgabe zu, allein nach Paris zu reisen, wäh¬
1363 1539 2327 1593 lichen Beweise eines Verhältnisses seiner Braut
2329 1538 3298 1583 rend die Dame, um die er sich bekümmerte — Frl.
742 1531 1008 1612 Theater.
2340 1577 3292 1638 Clarens — kaltlächelnd mit ihrem rechtmäßigen
1363 1583 2322 1645 mit dem Schauspieler besitzt. Der junge Mann,
381 1584 1360 1682 Pfauentheater: „Komödie der Worte“
1366 1624 3303 1681 milde gestimmt, will dem Schauspieler das Ge= Gatten sich wieder ins Joch der Ehe beugt. Der
478 1653 1279 1727 von Arthur Schnitzler (21.Dez.).
2322 1673 3308 1734 Beifall blieb den drei amüsanten Einaktern treu
1365 1673 2329 1732 ständnis erleichtern, nur auf die Wahrheit drängt
452 1693 1358 1761 E. K. Vor vier Jhhien wurde hier die
2337 1717 3232 1776 und wird den Wiederholungen gesichert sein.
1366 1719 2327 1761 er. Der Schauspieler, der alle Künste zu spielen
385 1745 1347 1810 „Komödie der Worte“ gespielt. Flau! Es fehlte
1367 1758 2331 1808 versteht, nur die Wahrheit nicht, zieht es vor, in
378 1804 1352 1855 der Schnitzler=Spieler. Dietmal war er da, von
1362 1807 2326 1863 einer „großen Szene“ vor seiner Frau zu glänzen,
377 1836 1356 1897 Arthur Schnitzler beglaubigt und die Bemerkung
1358 1851 2326 1907 in der er eine Lügenpyramide aufbaut, die ihm
374 1885 943 1941 im zweiten Einakter: IWas
945 1878 1358 1948 habt ihr nur immer
1360 1884 2327 1951 selber Bewunderung einflößt. Er redet sich so in
388 1932 950 1982 mit Eurem Burgtbeater!“
953 1928 1359 1983 doch einigermaßen
1356 1939 2330 1995 seine Makellosigkeit hinein, daß man fühlt, wie
376 1971 1361 2043 rechtfertigend. Die „Komödie der Worte“ besteht
1360 1985 2338 2051 der Schauspieler auch in der Wirklichkeit weiter¬
390 2018 1351 2072 aus diesen drei Einaktern — Stunde des Erken¬
1359 2022 2330 2069 spielt, sich an der eigenen Virtuosität berauschend.
386 2054 1347 2108 nens, Große Szene, Das Bacchusfest —, in denen
1364 2070 2328 2126 Diese große Szene scheint aber seiner Gattin den
384 2105 1355 2164 so fabelhaft gelogen wird, daß selbst die Wahrheit,
1370 2110 2326 2150 Star gestochen zu haben. Die insame Kunst er¬
383 2152 1356 2191 wenn sie benötigt wird, als ein Instrument dieser
1358 2153 2327 2209 füllt sie mit solchem Abscheu, daß keine Beschwö¬
385 2183 1347 2252 Verschleierungstechnik sich ausweist. Die Zungen
1355 2199 2336 2257 rung des Theaterdirektors sie halten kann. Der
374 2223 1362 2281 täuschen, aber das Resultat ist doch die Wahrheit
1366 2244 1893 2299 Mann ist für sie erledigt
1894 2230 2334 2301 — für immer. Eine
382 2281 1360 2323 — über die Eheirrungen. Im ersten Einakter ist
1369 2279 2337 2343 Minute später steht er vor ihr als Hamlet, weigert
376 2310 1353 2381 die Frau einmal die Schuldige gewesen. Hier
1357 2326 2338 2384 sich zu spielen, wenn sie nicht in der Loge sitzt,
383 2370 1352 2412 wird die Wahrheit vorenthalten, weil dieser eklige
1359 2375 2330 2410 weigert sich, trotzdem der König mit Suite der
369 2390 1355 2471 Arzt sie nicht verdient. Im ersten Einakter geht
1357 2407 2341 2475 Aufführung beiwohnt. Dieser Szene ist sie nicht
371 2458 1352 2505 ein Paar zehn Jahre zu spät auseinander. Im
1350 2457 2332 2528 gewachsen. Sie trennen sich in Liebe, er, um auf
381 2502 1344 2555 zweiten Einakter gehen die Gatten nur beinahe
1358 2503 2181 2561 die Bühne, sie, um in die Loge zu gehen.
382 2549 1356 2600 auseinander, im dritten kommt ein Paar just wie¬
1408 2541 2355 2607 Herr Korff hat mit Wonne dem Zuschauer
375 2583 1349 2634 der zusammen, gerade in dem Augenblick, wo die
1355 2583 2337 2658 gezeigt, wie man im Leben Komödic und in der
385 2633 1354 2682 Frau ihre Koffern schon ihrem Liebhaber anver¬
1356 2638 2334 2695 Komödie das Leben spielt. Dem liederlichen Ta¬
370 2673 1346 2720 traut hat. Der zweite Einakter, nicht so spitzfin¬
1353 2679 2324 2745 lent und dem unsichtbaren Charakter seines Helden
373 2718 1352 2769 dig wie der erste, ist bester Schnitzler. „Die große
1347 2708 2338 2775 blieb er nichts schuldig. Neben ihm stand Frau
371 2764 1347 2811 Szene“ spielt der Schauspieler im eigenen Heim.
1350 2761 2341 2841 Laßmann in Ehren. Frl. Ewald fiel in der
371 2805 1349 2851 Seine Gattin hat ihn verlassen, ist aber auf Drän¬
1337 2812 2320 2860 Rolle der dumm zudringlichen, zum Theater hin¬
376 2851 1345 2902 gen des Theaterdirektors zurückgekehrt, es liegt ihr
1353 2847 2323 2917 strebenden Dame bemerkenswert auf. Herr Lenz
1349 2902 2321 2961 der sympathische junge Ehemann. Herr Répy
379 2932 1338 2987 kopieren. Die Begrüßungsszene zeigt, daß die¬
1353 2942 2327 3002 als Theaterdirektor besaß die Kaltschnäuzigkeit, um
381 2980 1352 3037 sem Manne nicht zu widerstehen ist. Alle Kolora¬
1359 2984 2328 3053 die strebsame Elevin in die Schranken zu weisen.
380 3024 1344 3070 turen sind ihm geläufig, um den Schmerz der
1344 3030 2310 3077 Nicht so flott gerieten der erste und der letzte Ein¬
383 3063 2335 3118 Trennung unn das Glück der Wiedervereinigung akter. Frl. Waller als Doktorsgattin war zwar
379 3105 2353 3196 mit Worten und Liebkosungen sinnvoll auszu bemüht, ihrem Manne was vorzumachen; Herr
468 3232 1229 3385 Peie Zürieher Tbilung
1458 3372 1814 3521 2301 7 910
