3344 4320
1171 169 1228 236 W
2055 156 2510 260 box 32/8
194 195 1910 287 26. 1. Konoedie der orte—Zykius
747 972 1647 1063 CAIINOS IN ÖSTERREICH
860 1053 1537 1115 BadenSalzburg Semmering
757 1093 1634 1155 Roulette — Baccara — Chemin de fer
751 1157 1638 1212 Österreichische Casino A. G.
749 1210 1635 1263 Wien III, Schwarzenbergplatz 5a
741 1299 1586 1410 „OBSERVER‘GRATS
1039 1392 1630 1441 österr. behördlich konzessioniertes
994 1443 1630 1481 Unternehmen für Zeitungs-Ausschnitte
991 1481 1625 1522 Wienl, Wollzeille 11, Telephon R-23-0-43
743 1636 1151 1716 Ausschnitt aus:
864 1691 1459 1891 Res Koig eision
751 1853 896 1928 vom:
897 1877 1215 1972 73. SEF.
743 2029 2401 2107 Hilde Wagener geht einstweilen nicht nach Berlin
1619 2141 2388 2214 pflichtungen den vom Burgtheater be¬
760 2159 1569 2234 Die Nachricht, daß die Burgschau¬
720 2196 1565 2268 schauspelerin Hilde Wagener nach
1627 2205 2387 2270 willigten Urlaub antreten und in
720 2248 1571 2306 Berlin fuhr, um mit dem Intendanten
1626 2251 2386 2321 dieser Zeit am Staatstheater in Ver¬
713 2304 1576 2386 des Berliner Staatstheaters Gustav
1622 2302 2395 2365 lin spielen wird, muß erst die Zukunft
707 2344 1561 2400 Gründgens Engagementsverhand¬
1630 2351 1851 2414 erweisen.
717 2406 1564 2459 lungen zu führen, erregt in Theater¬
1667 2405 2390 2471 Dieser Urlaub gibt der Künstlerin
708 2448 1557 2509 kreisen großes Aufsehen. Wie wir auf An¬
1629 2464 2377 2537 vorläufig nur die Möglichkeit, einige
713 2502 1563 2561 frage in der Direktion des Burgtheaters
1631 2516 2387 2590 Monate in der Saison in Berlin tätig
709 2518 1575 2609 erfahren, ist Frau Hilde Wagener soeben
1619 2575 2378 2654 zu sein. Sollte die Künstlerin in Ber¬
712 2602 1563 2658 aus Berlin zurückgekehrt und hat sich im
1629 2639 2394 2708 lin länger spielen wollen, dann
710 2639 1566 2695 Reisekleid sofort auf die Bühne des Aka¬
720 2691 1571 2758 demietheaters begeben, wo die Proben
1644 2709 2383 2766 müßte der Vertrag mit dem Burg¬
711 2729 1571 2805 zu Ulrich Liebls Stück „Zwischen
1636 2755 2138 2832 theater gelöst werden.
706 2792 1568 2849 zwanzig und fünfzig“, in dem sie
716 2841 1572 2920 eine Hauptrolle spielt, bereits begonnen
719 2886 893 2952 haben.
756 2918 1555 3005 Direktor Röbbeling konnte Frau Wage¬
714 2978 1561 3049 ner ihren kontraktlichen Urlaub nicht ge¬
722 3043 1570 3096 währen, da sie augenblicklich überaus stark
714 3084 1567 3133 im Repertoire beschäftigt ist. Sie spielt
714 3127 1568 3194 nicht nur „Zwischen zwanzig und fünfzig“,
722 3173 1571 3239 sondern auch in Schnitzlers „Komödie
722 3207 1382 3299 der Worké“ die Hauptrolle.
810 3277 1539 3360 Es kann also augenblicklich nicht
756 3343 1529 3411 daran gedacht werden, daß Hilde
757 3396 1530 3442 Wagener in Berlin auftritt. Ob die
756 3443 1527 3502 Künstlerin nach ihren Wiener Ver¬
