<?xml version="1.0" encoding="UTF-8" standalone="yes"?>
<PcGts xmlns="http://schema.primaresearch.org/PAGE/gts/pagecontent/2013-07-15" xmlns:xsi="http://www.w3.org/2001/XMLSchema-instance" xsi:schemaLocation="http://schema.primaresearch.org/PAGE/gts/pagecontent/2013-07-15 http://schema.primaresearch.org/PAGE/gts/pagecontent/2013-07-15/pagecontent.xsd">
    <Metadata>
        <Creator>prov=University of Rostock/Institute of Mathematics/CITlab/Gundram Leifert/gundram.leifert@uni-rostock.de:name=ONB_Newseye_GT_M1+(htr_id=10810)::::v=2.4.2
prov=University of Rostock/Institute of Mathematics/CITlab/Tobias Gruening/tobias.gruening@uni-rostock.de:name=de.uros.citlab.module.baseline2polygon.B2PSeamMultiOriented:v=2.4.2
prov=University of Rostock/Institute of Mathematics/CITlab/Tobias Gruening/tobias.gruening@uni-rostock.de:name=/mnt/transkribus/LA/DEA/URO/LA_news_onb_att.pb:de.uros.citlab.segmentation.CITlab_LA_ML:v=2.4.2
Transkribus</Creator>
        <Created>2019-10-07T11:11:05.227+02:00</Created>
        <LastChange>2019-10-08T01:07:15.205+02:00</LastChange>
        <TranskribusMetadata docId="223960" pageId="9495527" pageNr="512" tsid="16493567" status="IN_PROGRESS" userId="40391" imgUrl="https://files.transkribus.eu/Get?id=JUIAEPCKSTBECUQCAEJEZPBF&amp;fileType=view" xmlUrl="https://files.transkribus.eu/Get?id=TSSXYSIKGEUMMMWECHNXUDSU" imageId="6185754"/>
    </Metadata>
    <Page imageFilename="223960_0512.jpeg" imageWidth="3392" imageHeight="4256">
        <ReadingOrder>
            <OrderedGroup id="ro_1711443462518" caption="Regions reading order">
                <RegionRefIndexed index="0" regionRef="r1"/>
            </OrderedGroup>
        </ReadingOrder>
        <TextRegion orientation="0.0" id="r1" custom="readingOrder {index:0;}">
            <Coords points="346,174 346,4047 3351,4047 3351,174"/>
            <TextLine id="r1l1" custom="readingOrder {index:0;}">
                <Coords points="1002,208 1044,215 1063,232 1105,215 1147,243 1357,271 1372,183 1203,183 1180,160 1145,166 1115,144 1011,160"/>
                <Baseline points="1014,199 1039,202 1065,205 1091,208 1116,213 1142,217 1168,223 1193,228 1219,234 1245,238 1270,242 1296,247 1322,251 1348,254"/>
                <TextEquiv>
                    <Unicode># 7 1973</Unicode>
                </TextEquiv>
            </TextLine>
            <TextLine id="r1l2" custom="readingOrder {index:1;}">
                <Coords points="2736,266 2783,270 2832,239 2866,244 2890,222 2923,244 2950,235 3019,249 3059,234 3059,165 3015,169 2997,151 2977,151 2953,175 2926,166 2855,200 2823,197 2792,173 2737,206"/>
                <Baseline points="2748,234 2773,231 2798,229 2823,228 2848,228 2873,228 2898,228 2923,229 2948,230 2973,231 2998,231 3023,231 3049,231"/>
                <TextEquiv>
                    <Unicode>gen.</Unicode>
                </TextEquiv>
            </TextLine>
            <TextLine id="r1l3" custom="readingOrder {index:2;}">
                <Coords points="764,269 835,322 980,320 1048,339 1168,313 1325,330 1348,325 1351,287 1311,284 1289,260 1111,250 1073,227 940,243 827,205 767,229"/>
                <Baseline points="773,280 801,280 829,280 857,281 886,282 914,283 942,284 970,287 999,289 1027,291 1055,293 1083,296 1112,298 1140,301 1168,304 1196,307 1225,310 1253,313 1281,317 1309,320 1338,322"/>
                <TextEquiv>
                    <Unicode>HEICHSPOST. WIER</Unicode>
                </TextEquiv>
            </TextLine>
            <TextLine id="r1l4" custom="readingOrder {index:3;}">
                <Coords points="2717,388 2765,367 2811,388 2858,362 2955,394 3002,377 3055,408 3091,377 3151,397 3216,369 3355,397 3358,311 3269,288 3228,325 3114,284 2931,300 2880,283 2842,306 2787,278 2757,304 2720,294"/>
                <Baseline points="2730,354 2760,357 2791,359 2822,361 2853,363 2884,364 2914,365 2945,366 2976,367 3007,368 3038,368 3068,369 3099,369 3130,369 3161,370 3192,370 3222,371 3253,371 3284,372 3315,373 3346,374"/>
                <TextEquiv>
                    <Unicode>d deutsche Ty</Unicode>
                </TextEquiv>
            </TextLine>
            <TextLine id="r1l5" custom="readingOrder {index:4;}">
                <Coords points="2725,488 3009,506 3132,489 3349,512 3336,420 3293,421 3257,456 3137,431 3088,450 2933,435 2901,452 2862,427 2786,450 2727,404"/>
                <Baseline points="2736,482 2766,481 2796,481 2826,481 2856,481 2886,481 2916,482 2946,482 2976,483 3006,483 3037,484 3067,485 3097,486 3127,487 3157,488 3187,489 3217,490 3247,491 3277,492 3307,493 3338,494"/>
                <TextEquiv>
                    <Unicode>auer als Pilot den vlelg</Unicode>
                </TextEquiv>
            </TextLine>
            <TextLine id="r1l6" custom="readingOrder {index:5;}">
                <Coords points="376,490 649,524 761,496 1554,514 1555,430 1406,415 1135,415 1088,450 935,415 883,444 784,410 377,415"/>
                <Baseline points="387,485 444,487 502,489 560,491 618,492 676,493 733,493 791,493 849,494 907,494 965,494 1022,494 1080,494 1138,494 1196,494 1254,495 1311,495 1369,496 1427,498 1485,500 1543,503"/>
                <TextEquiv>
                    <Unicode>Das Ende der Direktion</Unicode>
                </TextEquiv>
            </TextLine>
            <TextLine id="r1l7" custom="readingOrder {index:6;}">
                <Coords points="2732,529 3059,545 3103,566 3186,533 3358,583 3360,511 3311,499 2733,487"/>
                <Baseline points="2744,529 2774,528 2804,528 2834,528 2865,529 2895,530 2925,531 2955,532 2986,533 3016,535 3046,536 3076,537 3107,539 3137,540 3167,540 3197,541 3228,542 3258,542 3288,542 3318,541 3349,540"/>
                <TextEquiv>
                    <Unicode>agbflieger Major Barcc</Unicode>
                </TextEquiv>
            </TextLine>
            <TextLine id="r1l8" custom="readingOrder {index:7;}">
                <Coords points="2734,586 2769,596 2803,592 2822,604 2869,585 2938,599 2954,591 2996,596 3019,581 3041,581 3041,565 3026,565 2993,540 2968,551 2953,539 2859,547 2826,535 2803,546 2735,529"/>
                <Baseline points="2744,575 2770,577 2796,579 2822,580 2848,581 2874,581 2900,581 2926,581 2952,581 2978,581 3004,582 3030,583"/>
                <TextEquiv>
                    <Unicode>hossen hat.</Unicode>
                </TextEquiv>
            </TextLine>
            <TextLine id="r1l9" custom="readingOrder {index:8;}">
                <Coords points="673,629 724,606 926,628 1122,605 1189,631 1246,625 1280,613 1281,559 1252,568 1202,520 1115,505 899,536 875,511 675,503"/>
                <Baseline points="685,592 714,593 743,595 772,595 801,596 830,597 859,597 889,598 918,598 947,598 976,599 1005,599 1034,599 1063,600 1093,600 1122,601 1151,602 1180,603 1209,604 1238,605 1268,607"/>
                <TextEquiv>
                    <Unicode>Millenkovich.</Unicode>
                </TextEquiv>
            </TextLine>
            <TextLine id="r1l10" custom="readingOrder {index:9;}">
                <Coords points="3070,648 3123,651 3137,638 3172,648 3206,635 3252,650 3288,641 3305,657 3326,638 3344,638 3345,567 3298,566 3276,581 3251,581 3216,566 3187,584 3171,575 3133,580 3105,567 3071,575"/>
                <Baseline points="3082,630 3107,631 3132,632 3157,632 3182,634 3207,634 3232,635 3257,635 3282,635 3307,635 3332,634"/>
                <TextEquiv>
                    <Unicode>Der Chef</Unicode>
                </TextEquiv>
            </TextLine>
            <TextLine id="r1l11" custom="readingOrder {index:10;}">
                <Coords points="1029,693 1105,684 1176,707 1338,686 1403,705 1430,685 1510,682 1509,633 1478,642 1378,621 1327,621 1285,644 1220,631 1138,645 1104,626 1029,644"/>
                <Baseline points="1041,678 1066,678 1091,679 1117,680 1142,680 1168,680 1193,680 1219,680 1244,680 1270,680 1295,680 1320,679 1346,679 1371,678 1397,677 1422,676 1448,676 1473,675 1499,674"/>
                <TextEquiv>
                    <Unicode>Wien, am 3. Juli.</Unicode>
                </TextEquiv>
            </TextLine>
            <TextLine id="r1l12" custom="readingOrder {index:11;}">
                <Coords points="455,742 1496,758 1540,742 1540,689 455,691"/>
                <Baseline points="467,732 520,734 573,735 626,736 679,737 732,737 785,738 838,739 891,739 944,740 998,740 1051,740 1104,740 1157,740 1210,740 1263,740 1316,739 1369,739 1422,738 1475,738 1529,737"/>
                <TextEquiv>
                    <Unicode>Einem scheidenden Theaterdirektor sagt man ge¬</Unicode>
                </TextEquiv>
            </TextLine>
            <TextLine id="r1l13" custom="readingOrder {index:12;}">
                <Coords points="2782,797 2889,776 3102,784 3131,806 3307,784 3358,810 3358,750 3319,733 3241,746 3199,725 3059,725 3029,743 2978,726 2925,737 2881,714 2854,738 2783,735"/>
                <Baseline points="2793,781 2820,779 2848,777 2876,776 2903,775 2931,774 2959,774 2986,774 3014,775 3042,776 3070,777 3097,777 3125,779 3153,780 3180,781 3208,782 3236,782 3263,783 3291,783 3319,783 3347,781"/>
                <TextEquiv>
                    <Unicode>„Großes Hauptquartie</Unicode>
                </TextEquiv>
            </TextLine>
            <TextLine id="r1l14" custom="readingOrder {index:13;}">
                <Coords points="370,799 1306,812 1540,772 1540,744 370,739"/>
                <Baseline points="381,788 438,788 495,789 553,789 610,789 668,790 725,790 782,791 840,791 897,791 955,791 1012,792 1069,792 1127,792 1184,792 1242,791 1299,791 1356,791 1414,790 1471,790 1529,789"/>
                <TextEquiv>
                    <Unicode>wöhnlich, je nachdem man mit seinen Leistungen zufrie¬</Unicode>
                </TextEquiv>
            </TextLine>
            <TextLine id="r1l15" custom="readingOrder {index:14;}">
                <Coords points="2917,841 2928,842 2937,838 2953,846 2964,844 2979,847 2988,843 3004,847 3007,793 2985,790 2971,802 2966,802 2956,790 2921,781"/>
                <Baseline points="2928,830 2961,831 2994,834"/>
                <TextEquiv>
                    <Unicode>We</Unicode>
                </TextEquiv>
            </TextLine>
            <TextLine id="r1l16" custom="readingOrder {index:15;}">
                <Coords points="3052,844 3090,844 3107,858 3190,838 3348,853 3349,793 3327,788 3289,787 3262,802 3231,788 3200,805 3160,804 3149,792 3137,803 3105,785 3053,788"/>
                <Baseline points="3064,835 3091,837 3118,838 3145,838 3172,839 3200,839 3227,840 3254,840 3281,841 3308,842 3336,843"/>
                <TextEquiv>
                    <Unicode>icher Krie</Unicode>
                </TextEquiv>
            </TextLine>
            <TextLine id="r1l17" custom="readingOrder {index:16;}">
                <Coords points="367,846 925,839 1110,875 1541,842 1521,800 367,795"/>
                <Baseline points="379,839 436,840 494,841 551,842 609,843 666,844 724,844 781,845 839,846 896,846 954,846 1011,847 1069,847 1126,846 1184,846 1241,846 1299,845 1356,844 1414,844 1471,842 1529,841"/>
                <TextEquiv>
                    <Unicode>den war, ein paar nette oder ein paar vorwurfsvolle</Unicode>
                </TextEquiv>
            </TextLine>
            <TextLine id="r1l18" custom="readingOrder {index:17;}">
                <Coords points="2794,887 2816,886 2829,894 2849,897 2860,891 2874,896 2885,888 2889,893 2916,896 2919,836 2899,840 2877,827 2862,829 2852,837 2835,829 2825,838 2813,826 2797,827"/>
                <Baseline points="2805,880 2830,883 2855,884 2880,885 2905,886"/>
                <TextEquiv>
                    <Unicode>Heei</Unicode>
                </TextEquiv>
            </TextLine>
            <TextLine id="r1l19" custom="readingOrder {index:18;}">
                <Coords points="3071,896 3082,896 3091,901 3093,898 3104,894 3111,901 3122,901 3122,856 3111,856 3109,858 3100,856 3089,845 3084,849 3071,849"/>
                <Baseline points="3082,890 3110,890"/>
                <TextEquiv>
                    <Unicode>p</Unicode>
                </TextEquiv>
            </TextLine>
            <TextLine id="r1l20" custom="readingOrder {index:19;}">
                <Coords points="3227,907 3285,903 3294,896 3307,907 3323,900 3334,907 3343,900 3354,900 3353,855 3342,856 3328,849 3317,856 3308,849 3288,854 3264,846 3226,856"/>
                <Baseline points="3239,895 3265,895 3291,895 3317,894 3343,893"/>
                <TextEquiv>
                    <Unicode>onpri</Unicode>
                </TextEquiv>
            </TextLine>
            <TextLine id="r1l21" custom="readingOrder {index:20;}">
                <Coords points="374,893 1543,914 1543,856 1474,849 1105,877 925,839 374,846"/>
                <Baseline points="385,892 442,893 499,894 557,895 614,896 671,897 729,898 786,899 843,900 901,900 958,901 1015,901 1073,901 1130,901 1187,901 1245,900 1302,899 1359,898 1417,896 1474,894 1532,892"/>
                <TextEquiv>
                    <Unicode>Worte, man gibt einen flüchtigen, kritischen Ueberblick</Unicode>
                </TextEquiv>
            </TextLine>
            <TextLine id="r1l22" custom="readingOrder {index:21;}">
                <Coords points="2706,946 2739,936 2812,945 2822,939 2850,949 2944,943 2964,951 2966,893 2896,899 2883,890 2836,895 2810,883 2779,889 2748,881 2707,895"/>
                <Baseline points="2717,926 2743,927 2769,929 2796,931 2822,931 2848,933 2875,934 2901,934 2927,934 2954,933"/>
                <TextEquiv>
                    <Unicode>Erfolgreich</Unicode>
                </TextEquiv>
            </TextLine>
            <TextLine id="r1l23" custom="readingOrder {index:22;}">
                <Coords points="3068,940 3139,944 3152,953 3188,953 3197,960 3212,945 3246,948 3247,906 3200,907 3178,895 3164,897 3149,886 3127,899 3111,901 3104,894 3091,901 3069,898"/>
                <Baseline points="3079,938 3104,937 3130,938 3156,938 3182,939 3208,940 3234,939"/>
                <TextEquiv>
                    <Unicode>kundun</Unicode>
                </TextEquiv>
            </TextLine>
            <TextLine id="r1l24" custom="readingOrder {index:23;}">
                <Coords points="3281,964 3292,964 3306,954 3324,948 3352,951 3354,911 3343,911 3323,901 3317,905 3312,903 3308,907 3297,896 3283,897"/>
                <Baseline points="3292,941 3317,943 3342,943"/>
                <TextEquiv>
                    <Unicode>ge</Unicode>
                </TextEquiv>
            </TextLine>
            <TextLine id="r1l25" custom="readingOrder {index:24;}">
                <Coords points="372,966 1484,973 1535,962 1536,913 373,906"/>
                <Baseline points="383,946 440,947 497,948 554,949 611,949 668,950 725,951 782,952 839,952 896,953 954,953 1011,953 1068,953 1125,953 1182,953 1239,953 1296,953 1353,952 1410,951 1467,950 1525,949"/>
                <TextEquiv>
                    <Unicode>über seine Tätigkeit, bedauert seinen Abgang oder heißt</Unicode>
                </TextEquiv>
            </TextLine>
            <TextLine id="r1l26" custom="readingOrder {index:25;}">
                <Coords points="2705,985 2938,980 3023,1001 3167,991 3168,944 2705,944"/>
                <Baseline points="2717,976 2742,977 2768,978 2794,978 2820,980 2846,980 2871,981 2897,982 2923,982 2949,983 2975,983 3001,983 3026,983 3052,984 3078,984 3104,984 3130,984 3156,983"/>
                <TextEquiv>
                    <Unicode>stöße der Englände</Unicode>
                </TextEquiv>
            </TextLine>
            <TextLine id="r1l27" custom="readingOrder {index:26;}">
                <Coords points="374,1000 1388,1028 1539,1018 1540,975 374,967"/>
                <Baseline points="386,1006 443,1004 500,1001 557,1000 614,999 671,999 728,1000 786,1000 843,1001 900,1002 957,1003 1014,1004 1071,1005 1128,1006 1186,1007 1243,1007 1300,1006 1357,1005 1414,1004 1471,1002 1529,999"/>
                <TextEquiv>
                    <Unicode>ihn gut — und wendet im Uebrigen bald genug dem</Unicode>
                </TextEquiv>
            </TextLine>
            <TextLine id="r1l28" custom="readingOrder {index:27;}">
                <Coords points="2700,1030 2857,1044 3067,1033 3118,1046 3119,997 3043,990 3023,1003 3005,987 2976,996 2881,982 2700,996"/>
                <Baseline points="2710,1023 2736,1024 2762,1025 2789,1026 2815,1026 2842,1027 2868,1027 2895,1028 2921,1029 2948,1029 2974,1030 3001,1030 3027,1031 3054,1031 3080,1032 3107,1032"/>
                <TextEquiv>
                    <Unicode>ville (südlich von</Unicode>
                </TextEquiv>
            </TextLine>
            <TextLine id="r1l29" custom="readingOrder {index:28;}">
                <Coords points="3272,1043 3288,1042 3304,1053 3319,1045 3323,1045 3330,1052 3344,1051 3341,995 3321,994 3317,997 3310,992 3305,993 3296,984 3285,994 3270,992"/>
                <Baseline points="3284,1038 3332,1036"/>
                <TextEquiv>
                    <Unicode>sch</Unicode>
                </TextEquiv>
            </TextLine>
            <TextLine id="r1l30" custom="readingOrder {index:29;}">
                <Coords points="368,1067 1533,1052 1533,1008 368,1000"/>
                <Baseline points="380,1061 437,1059 494,1057 551,1056 608,1054 665,1054 722,1054 780,1054 837,1054 894,1055 951,1055 1008,1056 1065,1056 1122,1057 1180,1057 1237,1057 1294,1057 1351,1056 1408,1055 1465,1054 1523,1052"/>
                <TextEquiv>
                    <Unicode>Nachfolger die Aufmerksamkeit zu, denn das Leben, dieses</Unicode>
                </TextEquiv>
            </TextLine>
            <TextLine id="r1l31" custom="readingOrder {index:30;}">
                <Coords points="2707,1077 2867,1094 2943,1083 3012,1108 3168,1093 3168,1040 3137,1033 3108,1046 2957,1036 2937,1050 2917,1034 2859,1045 2708,1035"/>
                <Baseline points="2718,1071 2743,1073 2769,1074 2795,1075 2821,1075 2847,1075 2872,1075 2898,1075 2924,1074 2950,1074 2976,1073 3002,1073 3027,1073 3053,1074 3079,1074 3105,1076 3131,1077 3157,1080"/>
                <TextEquiv>
                    <Unicode>Kämpfen nordwestl</Unicode>
                </TextEquiv>
            </TextLine>
            <TextLine id="r1l32" custom="readingOrder {index:31;}">
                <Coords points="3241,1098 3257,1098 3270,1109 3292,1087 3312,1102 3326,1098 3357,1100 3356,1044 3307,1044 3294,1049 3287,1042 3278,1042 3259,1060 3241,1063"/>
                <Baseline points="3252,1083 3283,1084 3314,1083 3346,1083"/>
                <TextEquiv>
                    <Unicode>vor</Unicode>
                </TextEquiv>
            </TextLine>
            <TextLine id="r1l33" custom="readingOrder {index:32;}">
                <Coords points="372,1110 1519,1132 1539,1039 1401,1083 1174,1056 372,1086"/>
                <Baseline points="383,1111 440,1110 497,1110 554,1109 612,1109 669,1108 726,1108 784,1108 841,1108 898,1108 956,1108 1013,1108 1070,1109 1127,1109 1185,1109 1242,1110 1299,1110 1357,1111 1414,1111 1471,1112 1529,1112"/>
                <TextEquiv>
                    <Unicode>„in allen Strömen fortrasende“ Leben gestattet uns nicht,</Unicode>
                </TextEquiv>
            </TextLine>
            <TextLine id="r1l34" custom="readingOrder {index:33;}">
                <Coords points="2705,1133 2767,1128 2795,1151 2836,1127 2880,1139 3005,1126 3005,1104 2950,1096 2939,1085 2792,1079 2768,1088 2759,1079 2706,1078"/>
                <Baseline points="2716,1114 2741,1117 2766,1118 2791,1119 2817,1120 2842,1120 2867,1121 2892,1121 2918,1121 2943,1121 2968,1122 2994,1122"/>
                <TextEquiv>
                    <Unicode>Gefängene.</Unicode>
                </TextEquiv>
            </TextLine>
            <TextLine id="r1l35" custom="readingOrder {index:34;}">
                <Coords points="359,1166 1535,1186 1535,1128 1449,1114 359,1111"/>
                <Baseline points="370,1163 427,1162 485,1162 543,1161 600,1161 658,1160 716,1160 773,1161 831,1161 889,1161 947,1162 1004,1162 1062,1163 1120,1163 1177,1163 1235,1164 1293,1164 1350,1164 1408,1164 1466,1164 1524,1164"/>
                <TextEquiv>
                    <Unicode>lange bei den Abgetanen, bei den Gewesenen zu verweilen.</Unicode>
                </TextEquiv>
            </TextLine>
            <TextLine id="r1l36" custom="readingOrder {index:35;}">
                <Coords points="2793,1170 2976,1187 3145,1173 3196,1200 3280,1174 3354,1186 3354,1101 3205,1113 3148,1093 3078,1128 3023,1105 2947,1138 2794,1135"/>
                <Baseline points="2805,1168 2831,1168 2858,1169 2885,1169 2912,1170 2939,1170 2966,1170 2992,1170 3019,1171 3046,1171 3073,1171 3100,1171 3127,1171 3154,1171 3180,1171 3207,1171 3234,1171 3261,1172 3288,1172 3315,1173 3342,1173"/>
                <TextEquiv>
                    <Unicode>Heeresgruppe Deuts</Unicode>
                </TextEquiv>
            </TextLine>
            <TextLine id="r1l37" custom="readingOrder {index:36;}">
                <Coords points="368,1229 1542,1234 1542,1161 368,1166"/>
                <Baseline points="380,1216 437,1215 495,1214 552,1213 610,1213 667,1213 725,1213 782,1214 840,1214 897,1215 955,1215 1013,1216 1070,1216 1128,1217 1185,1217 1243,1217 1300,1217 1358,1217 1415,1216 1473,1215 1531,1214"/>
                <TextEquiv>
                    <Unicode>Aber mit dem Hofrat von Millenkovich, der, als er am</Unicode>
                </TextEquiv>
            </TextLine>
            <TextLine id="r1l38" custom="readingOrder {index:37;}">
                <Coords points="2701,1212 3110,1235 3199,1210 3356,1264 3358,1186 3312,1178 2702,1177"/>
                <Baseline points="2713,1212 2744,1212 2776,1212 2807,1212 2839,1213 2871,1214 2902,1215 2934,1215 2965,1217 2997,1218 3029,1219 3060,1219 3092,1220 3123,1222 3155,1223 3187,1224 3218,1224 3250,1225 3281,1226 3313,1226 3345,1226"/>
                <TextEquiv>
                    <Unicode>Nördlich der Aisne haber</Unicode>
                </TextEquiv>
            </TextLine>
            <TextLine id="r1l39" custom="readingOrder {index:38;}">
                <Coords points="2705,1261 2787,1280 2832,1254 2850,1272 2961,1281 3032,1263 3174,1281 3335,1270 3335,1237 3306,1248 3282,1227 3024,1236 2706,1214"/>
                <Baseline points="2717,1259 2747,1259 2777,1260 2807,1261 2838,1261 2868,1262 2898,1263 2929,1264 2959,1264 2989,1265 3020,1266 3050,1266 3080,1267 3110,1267 3141,1268 3171,1268 3201,1269 3232,1269 3262,1269 3292,1269 3323,1269"/>
                <TextEquiv>
                    <Unicode>liche Kämpfe entwickelt.</Unicode>
                </TextEquiv>
            </TextLine>
            <TextLine id="r1l40" custom="readingOrder {index:39;}">
                <Coords points="358,1268 1534,1266 1534,1235 1383,1219 358,1234"/>
                <Baseline points="368,1268 425,1268 483,1267 541,1267 598,1267 656,1267 714,1267 771,1267 829,1267 887,1267 945,1268 1002,1268 1060,1268 1118,1268 1175,1268 1233,1268 1291,1268 1348,1268 1406,1267 1464,1267 1522,1266"/>
                <TextEquiv>
                    <Unicode>letzten Montag, nach der letzten Vorstellung dieses Spiel¬</Unicode>
                </TextEquiv>
            </TextLine>
            <TextLine id="r1l41" custom="readingOrder {index:40;}">
                <Coords points="2709,1314 3002,1326 3025,1306 3109,1328 3187,1309 3360,1328 3361,1283 3052,1265 2787,1280 2709,1261"/>
                <Baseline points="2719,1307 2750,1307 2782,1307 2813,1308 2845,1308 2876,1309 2908,1309 2939,1310 2971,1310 3002,1311 3034,1311 3065,1311 3097,1312 3128,1313 3160,1313 3191,1314 3223,1315 3254,1315 3286,1316 3317,1317 3349,1318"/>
                <TextEquiv>
                    <Unicode>Marne hielt rege Tätigk</Unicode>
                </TextEquiv>
            </TextLine>
            <TextLine id="r1l42" custom="readingOrder {index:41;}">
                <Coords points="363,1333 1526,1321 1526,1272 363,1271"/>
                <Baseline points="374,1319 431,1319 488,1320 545,1320 602,1320 659,1321 716,1321 773,1321 830,1321 887,1321 945,1322 1002,1322 1059,1322 1116,1322 1173,1322 1230,1322 1287,1322 1344,1322 1401,1322 1458,1323 1516,1323"/>
                <TextEquiv>
                    <Unicode>jahres, seinen Schreibtisch zusammenräumte, schon wußte,</Unicode>
                </TextEquiv>
            </TextLine>
            <TextLine id="r1l43" custom="readingOrder {index:42;}">
                <Coords points="2708,1360 3355,1368 3355,1326 3262,1318 3186,1338 3026,1308 3002,1326 2708,1316"/>
                <Baseline points="2718,1351 2749,1353 2780,1355 2811,1356 2843,1357 2874,1358 2905,1358 2937,1359 2968,1359 2999,1359 3031,1359 3062,1359 3093,1359 3124,1359 3156,1359 3187,1358 3218,1358 3250,1358 3281,1358 3312,1357 3344,1357"/>
                <TextEquiv>
                    <Unicode>Teilangriffe bei St. Pierr</Unicode>
                </TextEquiv>
            </TextLine>
            <TextLine id="r1l44" custom="readingOrder {index:43;}">
                <Coords points="354,1382 1446,1392 1539,1383 1540,1314 354,1337"/>
                <Baseline points="365,1372 423,1371 481,1371 539,1371 597,1371 656,1371 714,1371 772,1372 830,1373 888,1373 947,1374 1005,1374 1063,1375 1121,1375 1179,1375 1238,1375 1296,1375 1354,1374 1412,1373 1470,1372 1529,1370"/>
                <TextEquiv>
                    <Unicode>daß die neue Unordnung, die nach den Ferien auf diesem</Unicode>
                </TextEquiv>
            </TextLine>
            <TextLine id="r1l45" custom="readingOrder {index:44;}">
                <Coords points="2712,1418 3361,1418 3361,1376 3341,1367 3228,1379 3197,1357 3135,1372 3095,1358 2966,1377 2712,1358"/>
                <Baseline points="2722,1399 2753,1399 2784,1400 2816,1401 2847,1401 2879,1402 2910,1403 2941,1403 2973,1404 3004,1404 3036,1405 3067,1405 3098,1405 3130,1406 3161,1406 3193,1406 3224,1406 3255,1405 3287,1405 3318,1405 3350,1404"/>
                <TextEquiv>
                    <Unicode>von Chäteau=Thierry wurh</Unicode>
                </TextEquiv>
            </TextLine>
            <TextLine id="r1l46" custom="readingOrder {index:45;}">
                <Coords points="348,1421 617,1450 1533,1427 1533,1382 1493,1376 348,1384"/>
                <Baseline points="359,1427 417,1426 475,1425 533,1425 591,1425 650,1425 708,1425 766,1425 824,1426 882,1426 941,1426 999,1427 1057,1427 1115,1427 1173,1427 1232,1427 1290,1427 1348,1427 1406,1426 1464,1425 1523,1424"/>
                <TextEquiv>
                    <Unicode>Tisch wieder entstehen wird, nicht mehr ihm, sondern</Unicode>
                </TextEquiv>
            </TextLine>
            <TextLine id="r1l47" custom="readingOrder {index:46;}">
                <Coords points="2807,1454 3268,1455 3361,1478 3361,1418 3337,1411 3290,1422 3228,1404 3090,1427 3059,1411 2874,1417 2808,1401"/>
                <Baseline points="2818,1446 2844,1447 2871,1448 2897,1449 2924,1449 2951,1450 2977,1450 3004,1450 3030,1450 3057,1451 3084,1451 3110,1451 3137,1451 3163,1451 3190,1451 3217,1451 3243,1451 3270,1451 3296,1451 3323,1451 3350,1451"/>
                <TextEquiv>
                    <Unicode>Aus einem amerikani</Unicode>
                </TextEquiv>
            </TextLine>
            <TextLine id="r1l48" custom="readingOrder {index:47;}">
                <Coords points="363,1499 1537,1479 1537,1430 363,1428"/>
                <Baseline points="374,1483 431,1480 489,1479 546,1479 604,1478 662,1479 719,1479 777,1480 834,1481 892,1481 950,1482 1007,1483 1065,1483 1122,1484 1180,1484 1238,1483 1295,1482 1353,1481 1410,1478 1468,1476 1526,1472"/>
                <TextEquiv>
                    <Unicode>schon einem anderen Manne Sorgen bereiten werde, tritt</Unicode>
                </TextEquiv>
            </TextLine>
            <TextLine id="r1l49" custom="readingOrder {index:48;}">
                <Coords points="2692,1509 2845,1487 2867,1505 3228,1498 3247,1514 3332,1495 3333,1460 2832,1464 2772,1448 2692,1467"/>
                <Baseline points="2704,1491 2734,1491 2765,1490 2796,1490 2827,1491 2858,1491 2889,1491 2920,1492 2951,1493 2982,1493 3013,1494 3043,1495 3074,1495 3105,1496 3136,1496 3167,1497 3198,1497 3229,1497 3260,1496 3291,1496 3322,1495"/>
                <TextEquiv>
                    <Unicode>nenn Einheiten wurden</Unicode>
                </TextEquiv>
            </TextLine>
            <TextLine id="r1l50" custom="readingOrder {index:49;}">
                <Coords points="351,1533 1443,1535 1532,1568 1532,1477 351,1504"/>
                <Baseline points="363,1531 420,1531 478,1530 536,1530 594,1530 652,1530 710,1530 768,1530 826,1530 884,1530 942,1530 999,1530 1057,1530 1115,1530 1173,1530 1231,1529 1289,1529 1347,1528 1405,1527 1463,1527 1521,1526"/>
                <TextEquiv>
                    <Unicode>nicht ein beliebiger, einzelner Theaterleiter von unserer</Unicode>
                </TextEquiv>
            </TextLine>
            <TextLine id="r1l51" custom="readingOrder {index:50;}">
                <Coords points="2707,1544 3258,1562 3327,1548 3328,1496 3168,1512 2859,1504 2841,1488 2707,1506"/>
                <Baseline points="2718,1535 2749,1536 2781,1537 2812,1537 2844,1538 2875,1539 2907,1540 2938,1541 2970,1541 3001,1542 3033,1543 3064,1543 3096,1544 3127,1544 3159,1545 3190,1545 3222,1545 3253,1545 3285,1544 3317,1544"/>
                <TextEquiv>
                    <Unicode>schossen. Leutnant Ader</Unicode>
                </TextEquiv>
            </TextLine>
            <TextLine id="r1l52" custom="readingOrder {index:51;}">
                <Coords points="358,1580 1525,1586 1443,1535 358,1549"/>
                <Baseline points="368,1585 425,1584 482,1584 539,1583 597,1583 654,1583 711,1583 769,1583 826,1583 883,1583 941,1583 998,1583 1055,1583 1112,1583 1170,1583 1227,1583 1284,1582 1342,1582 1399,1581 1456,1580 1514,1579"/>
                <TextEquiv>
                    <Unicode>Hofbühne ab, in ihm scheidet ein Prinzip, als dessen</Unicode>
                </TextEquiv>
            </TextLine>
            <TextLine id="r1l53" custom="readingOrder {index:52;}">
                <Coords points="2705,1581 2879,1587 2907,1613 2950,1589 3346,1596 3346,1560 3318,1546 3257,1562 2857,1542 2835,1562 2706,1544"/>
                <Baseline points="2717,1577 2747,1578 2778,1578 2809,1579 2840,1580 2871,1581 2902,1582 2933,1583 2964,1584 2995,1585 3026,1586 3056,1587 3087,1588 3118,1588 3149,1589 3180,1589 3211,1589 3242,1589 3273,1589 3304,1589 3335,1588"/>
                <TextEquiv>
                    <Unicode>39., Leutnant Löwenhardt</Unicode>
                </TextEquiv>
            </TextLine>
            <TextLine id="r1l54" custom="readingOrder {index:53;}">
                <Coords points="2697,1635 3351,1649 3352,1600 3332,1593 2950,1589 2907,1613 2739,1580 2698,1606"/>
                <Baseline points="2709,1624 2740,1625 2772,1627 2803,1628 2835,1629 2867,1631 2898,1632 2930,1633 2961,1634 2993,1635 3025,1636 3056,1637 3088,1637 3119,1638 3151,1638 3183,1638 3214,1638 3246,1638 3277,1637 3309,1636 3341,1635"/>
                <TextEquiv>
                    <Unicode>Luftsieg. Leutnant Friedric</Unicode>
                </TextEquiv>
            </TextLine>
            <TextLine id="r1l55" custom="readingOrder {index:54;}">
                <Coords points="357,1645 1460,1654 1531,1620 1506,1587 1375,1580 357,1583"/>
                <Baseline points="367,1635 424,1634 482,1634 539,1634 597,1634 655,1634 712,1634 770,1635 827,1635 885,1635 943,1636 1000,1636 1058,1636 1115,1636 1173,1636 1231,1636 1288,1635 1346,1634 1403,1633 1461,1632 1519,1630"/>
                <TextEquiv>
                    <Unicode>Träger er sich gleich am ersten Tage seiner Amtstätigkeit</Unicode>
                </TextEquiv>
            </TextLine>
            <TextLine id="r1l56" custom="readingOrder {index:55;}">
                <Coords points="2703,1704 2768,1714 2833,1690 2870,1717 2997,1719 3051,1687 3220,1689 3244,1707 3284,1684 3353,1702 3354,1651 3334,1642 3282,1664 3225,1640 3193,1656 2705,1630"/>
                <Baseline points="2715,1672 2746,1674 2777,1676 2809,1679 2840,1680 2872,1681 2903,1683 2934,1684 2966,1684 2997,1685 3029,1686 3060,1686 3091,1686 3123,1686 3154,1686 3186,1686 3217,1685 3248,1685 3280,1684 3311,1683 3343,1682"/>
                <TextEquiv>
                    <Unicode>Thom schossen ihren 20. G</Unicode>
                </TextEquiv>
            </TextLine>
            <TextLine id="r1l57" custom="readingOrder {index:56;}">
                <Coords points="346,1684 1365,1706 1503,1693 1520,1644 346,1655"/>
                <Baseline points="357,1683 414,1684 472,1685 529,1685 587,1686 645,1687 702,1687 760,1687 817,1688 875,1688 933,1688 990,1688 1048,1688 1105,1688 1163,1688 1221,1688 1278,1687 1336,1687 1393,1686 1451,1686 1509,1685"/>
                <TextEquiv>
                    <Unicode>mit starken, deutlichen Worten bekannt hat. Dies ver¬</Unicode>
                </TextEquiv>
            </TextLine>
            <TextLine id="r1l58" custom="readingOrder {index:57;}">
                <Coords points="355,1739 1529,1766 1483,1693 355,1695"/>
                <Baseline points="367,1739 424,1739 482,1739 539,1739 597,1739 654,1739 712,1740 769,1740 827,1740 884,1741 942,1741 1000,1742 1057,1742 1115,1742 1172,1742 1230,1741 1287,1741 1345,1740 1402,1739 1460,1737 1518,1736"/>
                <TextEquiv>
                    <Unicode>anlaßt uns, den Umständen, unter denen sich der Direk¬</Unicode>
                </TextEquiv>
            </TextLine>
            <TextLine id="r1l59" custom="readingOrder {index:58;}">
                <Coords points="2995,1752 3018,1741 3035,1757 3098,1768 3140,1742 3200,1761 3262,1737 3289,1755 3316,1742 3356,1749 3356,1702 3303,1695 3243,1708 3221,1690 3096,1702 3049,1688 2996,1705"/>
                <Baseline points="3007,1738 3033,1739 3059,1739 3085,1740 3111,1741 3137,1743 3163,1743 3189,1744 3215,1744 3241,1744 3267,1743 3293,1743 3319,1741 3345,1738"/>
                <TextEquiv>
                    <Unicode>Der Erste Ge</Unicode>
                </TextEquiv>
            </TextLine>
            <TextLine id="r1l60" custom="readingOrder {index:59;}">
                <Coords points="1517,1819 1541,1815 1557,1826 1561,1821 1572,1826 1586,1817 1612,1815 1612,1748 1566,1746 1554,1750 1530,1730 1517,1730"/>
                <Baseline points="1528,1787 1564,1784 1600,1787"/>
                <TextEquiv>
                    <Unicode>*</Unicode>
                </TextEquiv>
            </TextLine>
            <TextLine id="r1l61" custom="readingOrder {index:60;}">
                <Coords points="3181,1816 3243,1814 3264,1795 3282,1796 3305,1811 3335,1788 3362,1789 3360,1742 3338,1754 3316,1744 3287,1756 3256,1757 3229,1743 3203,1762 3178,1754"/>
                <Baseline points="3191,1794 3217,1791 3244,1789 3271,1788 3297,1788 3324,1788 3351,1786"/>
                <TextEquiv>
                    <Unicode>Lud</Unicode>
                </TextEquiv>
            </TextLine>
            <TextLine id="r1l62" custom="readingOrder {index:61;}">
                <Coords points="349,1792 409,1826 1439,1809 1421,1744 349,1754"/>
                <Baseline points="360,1789 413,1789 466,1790 520,1790 573,1791 627,1791 680,1791 733,1792 787,1792 840,1792 894,1793 947,1793 1000,1793 1054,1793 1107,1794 1161,1794 1214,1794 1267,1794 1321,1794 1374,1794 1428,1794"/>
                <TextEquiv>
                    <Unicode>tionswechsel vollzieht, nähere Beachtung zu schenken.</Unicode>
                </TextEquiv>
            </TextLine>
            <TextLine id="r1l63" custom="readingOrder {index:62;}">
                <Coords points="451,1859 1522,1864 1494,1806 451,1815"/>
                <Baseline points="461,1854 513,1854 566,1853 618,1853 671,1853 723,1853 776,1853 828,1853 881,1854 933,1854 986,1854 1038,1854 1091,1855 1143,1855 1196,1855 1248,1855 1301,1854 1353,1854 1406,1853 1458,1853 1511,1851"/>
                <TextEquiv>
                    <Unicode>Zu Anfang des April des vorigen Jahres ist Mar</Unicode>
                </TextEquiv>
            </TextLine>
            <TextLine id="r1l64" custom="readingOrder {index:63;}">
                <Coords points="1519,1910 1546,1908 1554,1917 1570,1919 1574,1915 1579,1917 1599,1901 1617,1899 1617,1828 1599,1828 1588,1817 1574,1826 1561,1821 1537,1839 1519,1839"/>
                <Baseline points="1531,1883 1568,1880 1605,1883"/>
                <TextEquiv>
                    <Unicode>k.</Unicode>
                </TextEquiv>
            </TextLine>
            <TextLine id="r1l65" custom="readingOrder {index:64;}">
                <Coords points="354,1911 1512,1914 1479,1853 354,1862"/>
                <Baseline points="366,1906 422,1905 479,1904 536,1904 593,1904 649,1904 706,1904 763,1905 820,1905 876,1906 933,1907 990,1907 1047,1908 1103,1908 1160,1908 1217,1908 1274,1908 1330,1907 1387,1906 1444,1904 1501,1902"/>
                <TextEquiv>
                    <Unicode>von Millenkovich zum Burgtheaterdirektor ernannt wor¬</Unicode>
                </TextEquiv>
            </TextLine>
            <TextLine id="r1l66" custom="readingOrder {index:65;}">
                <Coords points="2782,1951 2845,1935 2865,1951 2890,1931 2954,1948 3001,1931 3023,1947 3359,1940 3359,1909 3296,1872 3133,1900 3055,1863 2875,1897 2784,1880"/>
                <Baseline points="2795,1932 2822,1931 2850,1931 2877,1931 2905,1931 2933,1931 2960,1932 2988,1933 3015,1934 3043,1935 3071,1936 3098,1937 3126,1938 3153,1939 3181,1939 3209,1940 3236,1940 3264,1939 3291,1939 3319,1938 3347,1936"/>
                <TextEquiv>
                    <Unicode>„3. Juli 1918, abends.</Unicode>
                </TextEquiv>
            </TextLine>
            <TextLine id="r1l67" custom="readingOrder {index:66;}">
                <Coords points="360,1982 1612,1982 1577,1915 360,1915"/>
                <Baseline points="370,1955 431,1957 493,1958 554,1958 616,1959 677,1959 739,1959 800,1958 862,1958 923,1958 985,1957 1046,1957 1108,1957 1169,1957 1231,1958 1292,1959 1354,1961 1415,1963 1477,1965 1538,1969 1600,1973"/>
                <TextEquiv>
                    <Unicode>den. Um die gleiche Zeit des heurigen Jahres stand es ##</Unicode>
                </TextEquiv>
            </TextLine>
            <TextLine id="r1l68" custom="readingOrder {index:67;}">
                <Coords points="2775,1982 2845,2011 2983,2008 3022,1986 3066,2010 3146,1996 3357,2009 3359,1940 3092,1950 2890,1932 2865,1951 2829,1939 2776,1955"/>
                <Baseline points="2785,1984 2813,1985 2841,1985 2869,1986 2897,1986 2925,1987 2953,1988 2981,1989 3009,1990 3037,1990 3066,1991 3094,1992 3122,1993 3150,1994 3178,1994 3206,1995 3234,1996 3262,1997 3290,1997 3318,1997 3347,1998"/>
                <TextEquiv>
                    <Unicode>Oertliche Teilkämpfe u</Unicode>
                </TextEquiv>
            </TextLine>
            <TextLine id="r1l69" custom="readingOrder {index:68;}">
                <Coords points="349,2019 1428,2030 1548,2021 1548,1970 349,1975"/>
                <Baseline points="360,2011 418,2012 477,2013 536,2014 595,2014 654,2015 712,2015 771,2015 830,2015 889,2015 948,2014 1006,2014 1065,2014 1124,2014 1183,2013 1242,2013 1300,2013 1359,2013 1418,2013 1477,2014 1536,2014"/>
                <TextEquiv>
                    <Unicode>vermutlich schon fest, daß dieses Direktionsjahr sein ein¬</Unicode>
                </TextEquiv>
            </TextLine>
            <TextLine id="r1l70" custom="readingOrder {index:69;}">
                <Coords points="346,2076 1518,2086 1518,2024 1486,2020 346,2025"/>
                <Baseline points="357,2070 414,2069 472,2068 529,2068 587,2067 644,2067 702,2067 759,2067 817,2067 874,2067 932,2067 989,2067 1047,2067 1104,2067 1162,2067 1219,2067 1277,2066 1334,2066 1392,2066 1449,2065 1507,2064"/>
                <TextEquiv>
                    <Unicode>ziges bleiben werde, ohne daß er es selber noch glauben</Unicode>
                </TextEquiv>
            </TextLine>
            <TextLine id="r1l71" custom="readingOrder {index:70;}">
                <Coords points="1531,2095 2545,2107 2703,2068 2643,2030 1532,2035"/>
                <Baseline points="1542,2081 1599,2083 1656,2083 1714,2084 1771,2085 1829,2086 1886,2086 1944,2087 2001,2088 2059,2088 2116,2088 2173,2089 2231,2089 2288,2089 2346,2089 2403,2089 2461,2089 2518,2089 2576,2089 2633,2088 2691,2088"/>
                <TextEquiv>
                    <Unicode>die Verpflichtung Girardis, diese wirklich bedeutsame, vo¬</Unicode>
                </TextEquiv>
            </TextLine>
            <TextLine id="r1l72" custom="readingOrder {index:71;}">
                <Coords points="2780,2099 2847,2116 2878,2097 3025,2113 3065,2100 3091,2118 3118,2099 3349,2110 3350,2061 3308,2049 2781,2052"/>
                <Baseline points="2791,2090 2818,2091 2845,2092 2873,2093 2900,2093 2928,2094 2955,2095 2982,2096 3010,2097 3037,2097 3065,2098 3092,2098 3119,2099 3147,2099 3174,2100 3202,2100 3229,2100 3256,2100 3284,2100 3311,2100 3339,2100"/>
                <TextEquiv>
                    <Unicode>Die Mittel, mit denen die</Unicode>
                </TextEquiv>
            </TextLine>
            <TextLine id="r1l73" custom="readingOrder {index:72;}">
                <Coords points="355,2132 1515,2121 1515,2085 1460,2070 355,2077"/>
                <Baseline points="365,2121 422,2120 479,2119 536,2118 593,2118 650,2118 707,2118 764,2118 821,2118 878,2119 935,2119 992,2119 1049,2120 1106,2120 1163,2120 1220,2120 1277,2120 1334,2119 1391,2118 1448,2117 1505,2115"/>
                <TextEquiv>
                    <Unicode>konnte, denn die Spieler dieses schlau abgekarteten Spieles</Unicode>
                </TextEquiv>
            </TextLine>
            <TextLine id="r1l74" custom="readingOrder {index:73;}">
                <Coords points="1535,2149 2660,2168 2674,2068 2545,2107 1535,2096"/>
                <Baseline points="1546,2137 1601,2136 1657,2137 1713,2137 1769,2138 1825,2138 1880,2139 1936,2140 1992,2141 2048,2142 2104,2143 2159,2143 2215,2144 2271,2145 2327,2145 2383,2145 2438,2145 2494,2145 2550,2145 2606,2144 2662,2143"/>
                <TextEquiv>
                    <Unicode>so vielen seiner Vorgänger verabsäumte Tat, wurde nach</Unicode>
                </TextEquiv>
            </TextLine>
            <TextLine id="r1l75" custom="readingOrder {index:74;}">
                <Coords points="2685,2159 3119,2152 3310,2173 3352,2161 3353,2109 3093,2119 3046,2102 2988,2119 2877,2097 2846,2117 2686,2068"/>
                <Baseline points="2696,2142 2728,2143 2760,2144 2792,2145 2825,2146 2857,2147 2889,2147 2922,2148 2954,2148 2986,2148 3019,2149 3051,2149 3083,2149 3115,2150 3148,2150 3180,2150 3212,2151 3245,2152 3277,2153 3309,2154 3342,2155"/>
                <TextEquiv>
                    <Unicode>wurde, dieses planmäßige Kess</Unicode>
                </TextEquiv>
            </TextLine>
            <TextLine id="r1l76" custom="readingOrder {index:75;}">
                <Coords points="353,2185 1523,2182 1507,2122 353,2133"/>
                <Baseline points="365,2173 422,2173 479,2172 537,2172 594,2172 651,2172 709,2172 766,2172 823,2172 881,2172 938,2172 995,2172 1053,2172 1110,2172 1167,2172 1225,2172 1282,2171 1339,2170 1397,2168 1454,2167 1512,2165"/>
                <TextEquiv>
                    <Unicode>wußten ihre Trümpfe gut geheim zu halten. Zum Beginn</Unicode>
                </TextEquiv>
            </TextLine>
            <TextLine id="r1l77" custom="readingOrder {index:76;}">
                <Coords points="1527,2202 2573,2192 2684,2220 2684,2167 2620,2151 1528,2148"/>
                <Baseline points="1538,2188 1594,2188 1651,2188 1708,2188 1764,2189 1821,2190 1878,2191 1934,2192 1991,2193 2048,2194 2105,2195 2161,2195 2218,2196 2275,2197 2331,2197 2388,2198 2445,2198 2501,2198 2558,2197 2615,2196 2672,2195"/>
                <TextEquiv>
                    <Unicode>einiger sauersüßer Anerkennung schließlich doch als vers¬</Unicode>
                </TextEquiv>
            </TextLine>
            <TextLine id="r1l78" custom="readingOrder {index:77;}">
                <Coords points="2692,2197 2823,2218 2881,2201 2989,2222 3070,2203 3163,2226 3348,2214 3348,2170 3235,2155 2692,2161"/>
                <Baseline points="2702,2200 2733,2200 2765,2200 2797,2200 2829,2200 2860,2200 2892,2200 2924,2200 2956,2200 2987,2201 3019,2201 3051,2201 3083,2201 3114,2202 3146,2202 3178,2203 3210,2203 3241,2204 3273,2205 3305,2206 3337,2207"/>
                <TextEquiv>
                    <Unicode>maschige Netz von Verdächtigun</Unicode>
                </TextEquiv>
            </TextLine>
            <TextLine id="r1l79" custom="readingOrder {index:78;}">
                <Coords points="358,2241 1361,2221 1513,2250 1513,2183 1352,2168 1248,2206 1132,2177 358,2186"/>
                <Baseline points="369,2227 425,2226 482,2225 538,2225 595,2225 652,2224 708,2224 765,2224 821,2225 878,2225 935,2225 991,2225 1048,2225 1104,2226 1161,2226 1218,2226 1274,2226 1331,2225 1387,2225 1444,2224 1501,2223"/>
                <TextEquiv>
                    <Unicode>seiner Antrittsrede sagte der neue Mann: „Ich meine,</Unicode>
                </TextEquiv>
            </TextLine>
            <TextLine id="r1l80" custom="readingOrder {index:79;}">
                <Coords points="1529,2273 1625,2247 2641,2270 2678,2193 1530,2204"/>
                <Baseline points="1540,2243 1596,2242 1652,2242 1708,2242 1765,2242 1821,2243 1877,2243 1934,2244 1990,2245 2046,2246 2103,2247 2159,2248 2215,2248 2271,2249 2328,2250 2384,2250 2440,2250 2497,2250 2553,2250 2609,2249 2666,2248"/>
                <TextEquiv>
                    <Unicode>fehlter Streich hingestellt. Keine Frage: dieser beständige)</Unicode>
                </TextEquiv>
            </TextLine>
            <TextLine id="r1l81" custom="readingOrder {index:80;}">
                <Coords points="2687,2252 2873,2265 2898,2245 3254,2275 3356,2256 3356,2209 3265,2228 3198,2212 3172,2232 3145,2209 2754,2215 2687,2192"/>
                <Baseline points="2697,2256 2729,2254 2761,2253 2794,2253 2826,2252 2858,2252 2891,2252 2923,2252 2955,2252 2988,2252 3020,2253 3052,2253 3085,2254 3117,2255 3149,2255 3182,2256 3214,2257 3246,2257 3279,2258 3311,2258 3344,2258"/>
                <TextEquiv>
                    <Unicode>fundenen oder maßlos aufgebau</Unicode>
                </TextEquiv>
            </TextLine>
            <TextLine id="r1l82" custom="readingOrder {index:81;}">
                <Coords points="347,2287 1455,2294 1521,2287 1521,2244 347,2245"/>
                <Baseline points="358,2280 415,2279 473,2279 530,2278 588,2278 646,2278 703,2278 761,2278 819,2278 876,2279 934,2279 992,2279 1049,2279 1107,2279 1165,2278 1222,2278 1280,2277 1338,2276 1395,2274 1453,2273 1511,2271"/>
                <TextEquiv>
                    <Unicode>der Burgtheaterdirektor sei der unabhängigste Theater¬</Unicode>
                </TextEquiv>
            </TextLine>
            <TextLine id="r1l83" custom="readingOrder {index:82;}">
                <Coords points="1535,2309 2676,2324 2677,2251 1536,2265"/>
                <Baseline points="1546,2293 1602,2293 1658,2294 1714,2294 1770,2295 1826,2295 1882,2296 1938,2296 1994,2296 2050,2297 2106,2297 2162,2298 2218,2298 2274,2299 2330,2299 2386,2300 2442,2301 2498,2301 2554,2302 2610,2303 2666,2304"/>
                <TextEquiv>
                    <Unicode>nimmerruhende Kampf, diese heftige, unversöhnliche Geg¬</Unicode>
                </TextEquiv>
            </TextLine>
            <TextLine id="r1l84" custom="readingOrder {index:83;}">
                <Coords points="2683,2323 2872,2308 3106,2329 3251,2307 3282,2330 3355,2330 3355,2265 3326,2261 2942,2271 2897,2246 2866,2271 2717,2266 2684,2246"/>
                <Baseline points="2695,2311 2727,2310 2759,2308 2792,2307 2824,2306 2857,2306 2889,2305 2922,2305 2954,2305 2987,2305 3019,2306 3051,2306 3084,2307 3116,2307 3149,2308 3181,2308 3214,2309 3246,2309 3279,2309 3311,2310 3344,2310"/>
                <TextEquiv>
                    <Unicode>„Affairen“, diese Flut von häm</Unicode>
                </TextEquiv>
            </TextLine>
            <TextLine id="r1l85" custom="readingOrder {index:84;}">
                <Coords points="345,2329 1493,2345 1524,2294 345,2295"/>
                <Baseline points="356,2334 413,2334 471,2333 529,2333 587,2333 645,2333 703,2332 760,2332 818,2332 876,2331 934,2331 992,2331 1050,2330 1108,2330 1165,2330 1223,2329 1281,2329 1339,2329 1397,2329 1455,2329 1513,2329"/>
                <TextEquiv>
                    <Unicode>direktox, den man sich denken kann.“ Damit wollte er</Unicode>
                </TextEquiv>
            </TextLine>
            <TextLine id="r1l86" custom="readingOrder {index:85;}">
                <Coords points="1539,2359 2659,2377 2680,2319 1539,2310"/>
                <Baseline points="1549,2348 1607,2348 1666,2348 1725,2348 1784,2349 1843,2349 1902,2350 1961,2350 2020,2351 2079,2351 2137,2352 2196,2352 2255,2352 2314,2353 2373,2353 2432,2353 2491,2353 2550,2353 2609,2353 2668,2353"/>
                <TextEquiv>
                    <Unicode>nerschaft richtete sich nicht so sehr gegen die Person des</Unicode>
                </TextEquiv>
            </TextLine>
            <TextLine id="r1l87" custom="readingOrder {index:86;}">
                <Coords points="2698,2364 2902,2376 2931,2352 3049,2370 3091,2355 3276,2378 3349,2368 3350,2319 2698,2315"/>
                <Baseline points="2708,2355 2739,2355 2771,2355 2802,2354 2834,2355 2865,2355 2897,2355 2928,2356 2960,2356 2991,2357 3023,2358 3055,2359 3086,2360 3118,2361 3149,2361 3181,2362 3212,2362 3244,2363 3275,2363 3307,2363 3339,2362"/>
                <TextEquiv>
                    <Unicode>deutungen, all das aufzuzeigen</Unicode>
                </TextEquiv>
            </TextLine>
            <TextLine id="r1l88" custom="readingOrder {index:87;}">
                <Coords points="355,2407 1513,2404 1513,2341 354,2336"/>
                <Baseline points="365,2388 421,2387 478,2386 535,2386 592,2385 649,2385 706,2384 763,2384 820,2383 877,2383 934,2383 990,2383 1047,2383 1104,2383 1161,2383 1218,2383 1275,2383 1332,2383 1389,2383 1446,2384 1503,2384"/>
                <TextEquiv>
                    <Unicode>sagen, der Burgtheaterdirektor sei finanziell unabhängig</Unicode>
                </TextEquiv>
            </TextLine>
            <TextLine id="r1l89" custom="readingOrder {index:88;}">
                <Coords points="1528,2416 2602,2422 2682,2410 2683,2367 1528,2362"/>
                <Baseline points="1539,2399 1595,2399 1652,2400 1708,2400 1765,2401 1822,2402 1878,2403 1935,2403 1992,2404 2048,2405 2105,2405 2162,2406 2218,2407 2275,2407 2332,2407 2388,2407 2445,2407 2502,2406 2558,2405 2615,2404 2672,2402"/>
                <TextEquiv>
                    <Unicode>Mannes, als gegen das Prinzip, die Welt= und Kunst¬</Unicode>
                </TextEquiv>
            </TextLine>
            <TextLine id="r1l90" custom="readingOrder {index:89;}">
                <Coords points="2680,2431 2827,2407 2869,2430 2887,2414 3345,2428 3345,2359 3227,2383 3090,2353 2996,2368 2934,2352 2900,2377 2680,2365"/>
                <Baseline points="2692,2414 2724,2412 2756,2411 2788,2409 2820,2408 2852,2407 2884,2407 2916,2407 2948,2407 2980,2407 3012,2408 3044,2408 3076,2409 3108,2409 3140,2410 3172,2411 3204,2411 3236,2412 3268,2412 3300,2413 3333,2413"/>
                <TextEquiv>
                    <Unicode>Kängst die Mühe genommen. N</Unicode>
                </TextEquiv>
            </TextLine>
            <TextLine id="r1l91" custom="readingOrder {index:90;}">
                <Coords points="356,2449 1490,2450 1508,2398 356,2407"/>
                <Baseline points="368,2440 424,2439 480,2438 537,2437 593,2437 650,2437 706,2437 763,2437 819,2437 876,2437 932,2437 988,2437 1045,2437 1101,2437 1158,2437 1214,2437 1271,2436 1327,2436 1384,2434 1440,2433 1497,2432"/>
                <TextEquiv>
                    <Unicode>und niemandem anderen verantwortlich, als seiner vor¬</Unicode>
                </TextEquiv>
            </TextLine>
            <TextLine id="r1l92" custom="readingOrder {index:91;}">
                <Coords points="1524,2463 2680,2478 2663,2409 1524,2419"/>
                <Baseline points="1535,2455 1591,2454 1648,2454 1705,2454 1761,2454 1818,2454 1875,2455 1931,2455 1988,2456 2045,2456 2102,2457 2158,2457 2215,2458 2272,2458 2328,2459 2385,2459 2442,2459 2498,2459 2555,2458 2612,2458 2669,2457"/>
                <TextEquiv>
                    <Unicode>anschauung, die er vertrat. Denn er persönlich, ein Dich¬</Unicode>
                </TextEquiv>
            </TextLine>
            <TextLine id="r1l93" custom="readingOrder {index:92;}">
                <Coords points="2700,2472 2989,2461 3347,2484 3348,2428 3321,2414 3227,2433 3165,2416 2701,2418"/>
                <Baseline points="2712,2459 2743,2458 2774,2457 2805,2456 2836,2456 2867,2457 2898,2457 2930,2458 2961,2459 2992,2460 3023,2462 3054,2462 3085,2463 3116,2464 3148,2466 3179,2466 3210,2466 3241,2466 3272,2466 3303,2465 3335,2464"/>
                <TextEquiv>
                    <Unicode>kraft unseres Protestes zu schw</Unicode>
                </TextEquiv>
            </TextLine>
            <TextLine id="r1l94" custom="readingOrder {index:93;}">
                <Coords points="344,2498 1525,2490 1509,2430 344,2461"/>
                <Baseline points="355,2496 412,2494 470,2491 528,2490 586,2489 644,2488 702,2487 760,2487 818,2487 876,2488 934,2488 991,2488 1049,2489 1107,2489 1165,2489 1223,2489 1281,2489 1339,2489 1397,2488 1455,2487 1513,2485"/>
                <TextEquiv>
                    <Unicode>gesetzten Behörde. Aber bald genug mußte er erfahren,</Unicode>
                </TextEquiv>
            </TextLine>
            <TextLine id="r1l95" custom="readingOrder {index:94;}">
                <Coords points="1531,2518 2683,2513 2683,2473 2563,2465 1531,2467"/>
                <Baseline points="1541,2508 1597,2507 1654,2507 1710,2507 1767,2507 1823,2508 1880,2508 1936,2509 1993,2509 2049,2510 2106,2511 2162,2511 2219,2512 2275,2512 2332,2512 2388,2513 2445,2512 2501,2512 2558,2511 2614,2510 2671,2509"/>
                <TextEquiv>
                    <Unicode>ter, dem die jüdische Presse vorher manches, freilich immer</Unicode>
                </TextEquiv>
            </TextLine>
            <TextLine id="r1l96" custom="readingOrder {index:95;}">
                <Coords points="2705,2517 3356,2538 3357,2478 2705,2466"/>
                <Baseline points="2716,2511 2747,2509 2778,2509 2810,2509 2841,2509 2873,2509 2904,2510 2936,2511 2967,2512 2999,2513 3030,2514 3061,2515 3093,2516 3124,2517 3156,2518 3187,2518 3219,2518 3250,2518 3282,2518 3313,2517 3345,2516"/>
                <TextEquiv>
                    <Unicode>dorden, wir hätten dies gewisse</Unicode>
                </TextEquiv>
            </TextLine>
            <TextLine id="r1l97" custom="readingOrder {index:96;}">
                <Coords points="344,2534 442,2562 1514,2547 1513,2498 1246,2486 344,2498"/>
                <Baseline points="355,2547 412,2546 469,2545 527,2545 584,2544 642,2544 699,2543 756,2543 814,2543 871,2543 929,2543 986,2543 1043,2543 1101,2543 1158,2543 1216,2543 1273,2542 1330,2542 1388,2541 1445,2541 1503,2539"/>
                <TextEquiv>
                    <Unicode>wie es in Wirklichkeit mit der Unabhängigkeit des Burg¬</Unicode>
                </TextEquiv>
            </TextLine>
            <TextLine id="r1l98" custom="readingOrder {index:97;}">
                <Coords points="1537,2568 2599,2589 2677,2567 2678,2520 1537,2521"/>
                <Baseline points="1547,2558 1603,2559 1659,2559 1715,2560 1771,2560 1827,2561 1883,2561 1939,2562 1995,2562 2051,2562 2107,2563 2163,2563 2219,2563 2275,2563 2331,2563 2387,2564 2443,2564 2499,2564 2555,2564 2611,2564 2667,2564"/>
                <TextEquiv>
                    <Unicode>reservierte Lob gezollt hatte, forderte in keiner Weise zu</Unicode>
                </TextEquiv>
            </TextLine>
            <TextLine id="r1l99" custom="readingOrder {index:98;}">
                <Coords points="2705,2567 2874,2586 3265,2572 3343,2590 3344,2521 2705,2516"/>
                <Baseline points="2716,2563 2746,2563 2777,2564 2808,2564 2839,2564 2870,2565 2900,2565 2931,2565 2962,2566 2993,2566 3024,2567 3054,2567 3085,2567 3116,2567 3147,2568 3178,2568 3208,2568 3239,2568 3270,2568 3301,2568 3332,2568"/>
                <TextEquiv>
                    <Unicode>Nannes getan, für den wir uns</Unicode>
                </TextEquiv>
            </TextLine>
            <TextLine id="r1l100" custom="readingOrder {index:99;}">
                <Coords points="349,2596 1521,2622 1521,2562 1439,2549 349,2539"/>
                <Baseline points="360,2596 417,2595 475,2594 532,2594 590,2594 647,2594 705,2594 762,2594 820,2594 877,2594 935,2594 993,2594 1050,2594 1108,2594 1165,2594 1223,2593 1280,2593 1338,2593 1395,2592 1453,2591 1511,2590"/>
                <TextEquiv>
                    <Unicode>theaterleiters bestellt ist. Im weiteren Verlaufe seiner</Unicode>
                </TextEquiv>
            </TextLine>
            <TextLine id="r1l101" custom="readingOrder {index:100;}">
                <Coords points="1536,2625 2682,2643 2662,2574 1537,2567"/>
                <Baseline points="1547,2614 1603,2613 1659,2612 1715,2611 1771,2611 1828,2612 1884,2612 1940,2613 1996,2614 2052,2615 2109,2616 2165,2618 2221,2619 2277,2620 2333,2620 2390,2621 2446,2621 2502,2620 2558,2620 2614,2618 2671,2616"/>
                <TextEquiv>
                    <Unicode>solcher Gegnerschaft heraus, er stand allen Ausfragern</Unicode>
                </TextEquiv>
            </TextLine>
            <TextLine id="r1l102" custom="readingOrder {index:101;}">
                <Coords points="2698,2620 3358,2642 3358,2586 3294,2574 2825,2587 2698,2560"/>
                <Baseline points="2709,2618 2740,2617 2772,2616 2804,2616 2836,2615 2868,2615 2900,2615 2931,2616 2963,2616 2995,2616 3027,2617 3059,2617 3091,2618 3123,2618 3154,2619 3186,2619 3218,2619 3250,2619 3282,2619 3314,2618 3346,2618"/>
                <TextEquiv>
                    <Unicode>an nun vernimmt, lieferte die</Unicode>
                </TextEquiv>
            </TextLine>
            <TextLine id="r1l103" custom="readingOrder {index:102;}">
                <Coords points="348,2665 1466,2663 1519,2654 1519,2601 347,2594"/>
                <Baseline points="359,2648 416,2648 474,2648 531,2648 589,2648 646,2648 704,2648 761,2648 819,2648 876,2648 934,2648 991,2648 1049,2647 1106,2647 1164,2647 1221,2646 1279,2646 1336,2645 1394,2645 1451,2644 1509,2643"/>
                <TextEquiv>
                    <Unicode>Rede fiel auch das Wort, daß das christlich=germanische</Unicode>
                </TextEquiv>
            </TextLine>
            <TextLine id="r1l104" custom="readingOrder {index:103;}">
                <Coords points="1525,2668 2682,2687 2638,2626 1526,2624"/>
                <Baseline points="1536,2664 1592,2664 1649,2664 1706,2665 1762,2665 1819,2666 1876,2666 1932,2667 1989,2668 2046,2669 2103,2669 2159,2670 2216,2670 2273,2671 2329,2671 2386,2672 2443,2672 2499,2672 2556,2672 2613,2671 2670,2671"/>
                <TextEquiv>
                    <Unicode>liebenswürdig, vielleicht manchmal allzu liebenswürdig</Unicode>
                </TextEquiv>
            </TextLine>
            <TextLine id="r1l105" custom="readingOrder {index:104;}">
                <Coords points="2691,2675 2960,2691 3356,2677 3356,2641 3325,2628 2985,2638 2894,2615 2691,2631"/>
                <Baseline points="2702,2672 2734,2671 2766,2670 2798,2669 2830,2669 2862,2668 2894,2668 2926,2668 2958,2669 2990,2669 3023,2669 3055,2670 3087,2670 3119,2671 3151,2672 3183,2673 3215,2673 3247,2674 3279,2674 3311,2675 3344,2675"/>
                <TextEquiv>
                    <Unicode>Schauspielerinnen, die sich durch</Unicode>
                </TextEquiv>
            </TextLine>
            <TextLine id="r1l106" custom="readingOrder {index:105;}">
                <Coords points="354,2715 1359,2724 1486,2710 1512,2655 354,2663"/>
                <Baseline points="364,2703 420,2702 477,2701 534,2700 591,2700 648,2699 705,2699 762,2699 819,2700 876,2700 933,2700 989,2700 1046,2700 1103,2700 1160,2701 1217,2700 1274,2700 1331,2700 1388,2699 1445,2698 1502,2697"/>
                <TextEquiv>
                    <Unicode>Schönheitsideal das einzige sei, das in diesem Hause Gel¬</Unicode>
                </TextEquiv>
            </TextLine>
            <TextLine id="r1l107" custom="readingOrder {index:106;}">
                <Coords points="1527,2714 2627,2742 2685,2740 2686,2689 1527,2668"/>
                <Baseline points="1539,2718 1595,2718 1652,2718 1709,2717 1766,2717 1822,2718 1879,2718 1936,2718 1993,2719 2049,2719 2106,2719 2163,2720 2220,2721 2276,2721 2333,2721 2390,2722 2447,2722 2503,2722 2560,2722 2617,2722 2674,2722"/>
                <TextEquiv>
                    <Unicode>immer wieder Rede und Antwort, er nahm Stücke</Unicode>
                </TextEquiv>
            </TextLine>
            <TextLine id="r1l108" custom="readingOrder {index:107;}">
                <Coords points="2691,2726 3354,2735 3354,2680 2691,2677"/>
                <Baseline points="2702,2723 2734,2723 2766,2722 2798,2722 2830,2721 2862,2721 2894,2722 2926,2722 2958,2722 2990,2722 3022,2723 3054,2723 3086,2723 3118,2723 3150,2724 3182,2724 3214,2724 3246,2724 3278,2724 3310,2724 3342,2723"/>
                <TextEquiv>
                    <Unicode>Frauenehre gekränkt fühlten,</Unicode>
                </TextEquiv>
            </TextLine>
            <TextLine id="r1l109" custom="readingOrder {index:108;}">
                <Coords points="354,2757 1415,2778 1508,2754 1508,2700 354,2715"/>
                <Baseline points="366,2755 422,2754 479,2753 535,2752 592,2752 649,2752 705,2752 762,2752 818,2752 875,2753 932,2753 988,2754 1045,2754 1101,2754 1158,2754 1215,2754 1271,2753 1328,2753 1384,2752 1441,2750 1498,2748"/>
                <TextEquiv>
                    <Unicode>tung haben dürfe, dieses Wort, das uns in seiner Offen¬</Unicode>
                </TextEquiv>
            </TextLine>
            <TextLine id="r1l110" custom="readingOrder {index:109;}">
                <Coords points="1520,2778 2656,2800 2679,2734 1520,2718"/>
                <Baseline points="1532,2771 1588,2770 1645,2770 1702,2770 1759,2770 1816,2770 1872,2771 1929,2771 1986,2772 2043,2772 2100,2773 2156,2774 2213,2775 2270,2776 2327,2776 2384,2777 2440,2778 2497,2778 2554,2778 2611,2778 2668,2778"/>
                <TextEquiv>
                    <Unicode>jüdischer Autoren an, soferne sie nur vor dem Gesetze</Unicode>
                </TextEquiv>
            </TextLine>
            <TextLine id="r1l111" custom="readingOrder {index:110;}">
                <Coords points="2694,2780 3299,2798 3350,2783 3351,2737 3073,2725 3013,2743 2933,2724 2873,2746 2828,2726 2695,2727"/>
                <Baseline points="2706,2773 2737,2773 2769,2774 2801,2774 2832,2774 2864,2774 2896,2775 2927,2775 2959,2776 2991,2776 3023,2776 3054,2777 3086,2777 3118,2777 3149,2777 3181,2778 3213,2778 3244,2778 3276,2778 3308,2777 3340,2777"/>
                <TextEquiv>
                    <Unicode>zem das Spiel gewonnen wurde</Unicode>
                </TextEquiv>
            </TextLine>
            <TextLine id="r1l112" custom="readingOrder {index:111;}">
                <Coords points="351,2816 1514,2809 1513,2751 350,2761"/>
                <Baseline points="361,2810 418,2809 475,2808 532,2807 589,2807 646,2806 703,2805 760,2805 817,2805 874,2804 931,2804 988,2804 1045,2804 1102,2804 1159,2804 1216,2804 1273,2805 1330,2805 1387,2805 1444,2806 1502,2807"/>
                <TextEquiv>
                    <Unicode>heit sogleich an die Seite des neuen Mannes brachte und</Unicode>
                </TextEquiv>
            </TextLine>
            <TextLine id="r1l113" custom="readingOrder {index:112;}">
                <Coords points="1528,2830 2575,2849 2676,2812 2445,2780 1528,2781"/>
                <Baseline points="1539,2824 1595,2824 1651,2824 1707,2824 1764,2824 1820,2824 1876,2825 1932,2825 1989,2826 2045,2826 2101,2827 2157,2827 2214,2828 2270,2828 2326,2829 2382,2829 2439,2829 2495,2829 2551,2828 2607,2828 2664,2827"/>
                <TextEquiv>
                    <Unicode>bestanden, dem er dienen wollte. Daß er bei solchen weit¬</Unicode>
                </TextEquiv>
            </TextLine>
            <TextLine id="r1l114" custom="readingOrder {index:113;}">
                <Coords points="2686,2827 2830,2842 2995,2822 3044,2854 3084,2834 3335,2843 3322,2785 2686,2780"/>
                <Baseline points="2697,2831 2728,2830 2759,2829 2791,2828 2822,2827 2853,2827 2885,2827 2916,2827 2947,2827 2979,2827 3010,2828 3041,2828 3073,2828 3104,2828 3135,2829 3167,2829 3198,2829 3229,2829 3261,2829 3292,2829 3324,2828"/>
                <TextEquiv>
                    <Unicode>ist, wissen wir nicht. Erinnern</Unicode>
                </TextEquiv>
            </TextLine>
            <TextLine id="r1l115" custom="readingOrder {index:114;}">
                <Coords points="352,2878 1513,2859 1513,2819 1473,2812 352,2818"/>
                <Baseline points="364,2864 423,2863 483,2861 543,2860 603,2860 663,2859 723,2858 783,2858 843,2858 903,2857 963,2857 1023,2857 1083,2857 1143,2857 1203,2857 1263,2857 1323,2857 1383,2857 1443,2857 1503,2856"/>
                <TextEquiv>
                    <Unicode>ihm augenblicklich die Feindschaft jener Fremdlingspresse</Unicode>
                </TextEquiv>
            </TextLine>
            <TextLine id="r1l116" custom="readingOrder {index:115;}">
                <Coords points="1528,2887 2673,2894 2656,2834 1528,2831"/>
                <Baseline points="1539,2879 1595,2879 1651,2879 1707,2879 1763,2878 1820,2878 1876,2878 1932,2879 1988,2879 2044,2879 2101,2879 2157,2879 2213,2880 2269,2880 2325,2880 2382,2880 2438,2881 2494,2881 2550,2881 2606,2882 2663,2882"/>
                <TextEquiv>
                    <Unicode>herzigen Zugeständnissen doch bemüht war, seine vorge¬</Unicode>
                </TextEquiv>
            </TextLine>
            <TextLine id="r1l117" custom="readingOrder {index:116;}">
                <Coords points="2684,2887 3137,2901 3213,2877 3357,2915 3358,2841 3083,2834 3045,2853 2992,2821 2947,2841 2684,2845"/>
                <Baseline points="2696,2877 2728,2877 2761,2877 2793,2877 2826,2878 2858,2878 2891,2879 2923,2879 2956,2880 2988,2880 3021,2881 3054,2881 3086,2882 3119,2882 3151,2883 3184,2883 3216,2883 3249,2883 3281,2883 3314,2883 3347,2882"/>
                <TextEquiv>
                    <Unicode>denschaftlich die gleichen Sitten</Unicode>
                </TextEquiv>
            </TextLine>
            <TextLine id="r1l118" custom="readingOrder {index:117;}">
                <Coords points="340,2910 1512,2933 1512,2869 340,2877"/>
                <Baseline points="351,2915 408,2915 465,2914 523,2914 580,2914 638,2913 695,2913 753,2913 810,2912 868,2912 925,2912 982,2912 1040,2911 1097,2911 1155,2912 1212,2912 1270,2912 1327,2913 1385,2913 1442,2914 1500,2915"/>
                <TextEquiv>
                    <Unicode>eintrug, welcher alles Chri stlich=Germanische nicht bloß</Unicode>
                </TextEquiv>
            </TextLine>
            <TextLine id="r1l119" custom="readingOrder {index:118;}">
                <Coords points="1529,2933 2679,2945 2679,2896 2581,2886 1529,2888"/>
                <Baseline points="1541,2929 1597,2929 1653,2929 1709,2930 1766,2930 1822,2930 1878,2930 1935,2930 1991,2930 2047,2930 2104,2930 2160,2930 2216,2930 2272,2930 2329,2930 2385,2930 2441,2931 2498,2931 2554,2932 2610,2933 2667,2934"/>
                <TextEquiv>
                    <Unicode>nommene Richtung einzuhalten, bewies das allmähliche</Unicode>
                </TextEquiv>
            </TextLine>
            <TextLine id="r1l120" custom="readingOrder {index:119;}">
                <Coords points="2696,2937 3100,2937 3145,2955 3309,2940 3354,2960 3354,2913 3279,2886 3223,2901 2696,2881"/>
                <Baseline points="2707,2929 2738,2928 2770,2928 2802,2929 2834,2929 2865,2930 2897,2930 2929,2930 2961,2931 2992,2932 3024,2932 3056,2933 3088,2933 3119,2934 3151,2934 3183,2934 3215,2934 3246,2934 3278,2934 3310,2934 3342,2933"/>
                <TextEquiv>
                    <Unicode>Jahren für einen anderen Theag</Unicode>
                </TextEquiv>
            </TextLine>
            <TextLine id="r1l121" custom="readingOrder {index:120;}">
                <Coords points="354,2964 1510,2966 1510,2926 1408,2913 354,2924"/>
                <Baseline points="365,2964 421,2963 478,2963 535,2963 592,2963 648,2962 705,2962 762,2962 819,2962 875,2962 932,2962 989,2962 1046,2962 1102,2962 1159,2962 1216,2962 1273,2963 1329,2963 1386,2963 1443,2963 1500,2963"/>
                <TextEquiv>
                    <Unicode>ein unbekannter, sondern seit jeher auch ein hassenswerter</Unicode>
                </TextEquiv>
            </TextLine>
            <TextLine id="r1l122" custom="readingOrder {index:121;}">
                <Coords points="2680,2989 2909,2986 3015,3022 3064,3001 3089,3023 3198,2995 3329,3025 3343,2949 2680,2935"/>
                <Baseline points="2691,2982 2723,2981 2755,2981 2787,2981 2819,2981 2851,2981 2883,2981 2915,2981 2947,2981 2979,2981 3011,2981 3043,2982 3075,2982 3107,2983 3139,2983 3171,2984 3203,2984 3235,2985 3267,2985 3299,2986 3331,2986"/>
                <TextEquiv>
                    <Unicode>lichen Afaire eintraten, an der e</Unicode>
                </TextEquiv>
            </TextLine>
            <TextLine id="r1l123" custom="readingOrder {index:122;}">
                <Coords points="1517,2991 2631,3000 2671,2994 2671,2940 1517,2944"/>
                <Baseline points="1527,2979 1583,2980 1640,2980 1696,2981 1753,2981 1810,2982 1866,2982 1923,2982 1980,2983 2036,2983 2093,2983 2150,2983 2206,2983 2263,2983 2320,2984 2376,2984 2433,2984 2490,2984 2546,2984 2603,2985 2660,2985"/>
                <TextEquiv>
                    <Unicode>Verschwinden von Stücken aus dem Spielplan, die mit</Unicode>
                </TextEquiv>
            </TextLine>
            <TextLine id="r1l124" custom="readingOrder {index:123;}">
                <Coords points="348,3026 1504,3025 1477,2969 348,2966"/>
                <Baseline points="359,3020 415,3019 472,3018 529,3018 586,3017 642,3017 699,3017 756,3016 813,3016 869,3016 926,3016 983,3016 1040,3016 1096,3016 1153,3016 1210,3016 1267,3016 1323,3016 1380,3016 1437,3016 1494,3015"/>
                <TextEquiv>
                    <Unicode>Begriff ist. Wem die Macht dieser Presse bekannt ist, dem</Unicode>
                </TextEquiv>
            </TextLine>
            <TextLine id="r1l125" custom="readingOrder {index:124;}">
                <Coords points="2686,3058 2748,3066 2811,3040 2933,3037 2955,3051 2995,3044 2996,3011 2967,2995 2907,2999 2894,2988 2867,3007 2847,2989 2827,3000 2798,3000 2780,2986 2758,2997 2731,2986 2687,2989"/>
                <Baseline points="2698,3029 2724,3029 2750,3029 2776,3030 2802,3030 2828,3030 2854,3031 2880,3031 2906,3031 2932,3032 2958,3032 2984,3032"/>
                <TextEquiv>
                    <Unicode>Wahres war.</Unicode>
                </TextEquiv>
            </TextLine>
            <TextLine id="r1l126" custom="readingOrder {index:125;}">
                <Coords points="1524,3041 2676,3033 2676,2990 1524,2983"/>
                <Baseline points="1535,3034 1591,3033 1648,3032 1704,3032 1761,3032 1817,3032 1874,3033 1930,3033 1987,3034 2043,3034 2100,3035 2156,3036 2213,3037 2269,3037 2326,3038 2382,3038 2439,3038 2495,3038 2552,3038 2608,3037 2665,3036"/>
                <TextEquiv>
                    <Unicode>seinem künstlerischen und ethischen Kredo nicht in Ein¬</Unicode>
                </TextEquiv>
            </TextLine>
            <TextLine id="r1l127" custom="readingOrder {index:126;}">
                <Coords points="352,3082 1513,3071 1513,3029 1419,3018 352,3027"/>
                <Baseline points="364,3074 420,3074 477,3074 534,3074 591,3073 648,3073 705,3073 761,3073 818,3072 875,3072 932,3071 989,3071 1046,3071 1103,3070 1159,3070 1216,3070 1273,3069 1330,3069 1387,3068 1444,3068 1501,3068"/>
                <TextEquiv>
                    <Unicode>bangte damals sogleich um das Schicksal des neuen Direk¬</Unicode>
                </TextEquiv>
            </TextLine>
            <TextLine id="r1l128" custom="readingOrder {index:127;}">
                <Coords points="1517,3092 2551,3115 2680,3105 2681,3029 2478,3059 1518,3040"/>
                <Baseline points="1529,3085 1586,3084 1643,3084 1700,3084 1757,3084 1814,3085 1871,3085 1928,3085 1985,3086 2042,3087 2099,3087 2156,3088 2213,3089 2270,3089 2327,3090 2384,3090 2441,3090 2498,3091 2555,3091 2612,3091 2670,3090"/>
                <TextEquiv>
                    <Unicode>klang zu bringen waren. So verschwanden langsam die</Unicode>
                </TextEquiv>
            </TextLine>
            <TextLine id="r1l129" custom="readingOrder {index:128;}">
                <Coords points="2775,3096 3320,3102 3349,3094 3350,3036 3308,3022 3218,3052 3116,3025 2956,3050 2776,3049"/>
                <Baseline points="2787,3084 2814,3085 2842,3085 2869,3086 2897,3087 2924,3087 2952,3088 2979,3089 3007,3090 3034,3091 3062,3091 3090,3092 3117,3093 3145,3093 3172,3093 3200,3093 3227,3093 3255,3092 3282,3092 3310,3091 3338,3089"/>
                <TextEquiv>
                    <Unicode>Es fällt nicht schwer, sich </Unicode>
                </TextEquiv>
            </TextLine>
            <TextLine id="r1l130" custom="readingOrder {index:129;}">
                <Coords points="341,3115 399,3146 1511,3143 1511,3085 1413,3072 341,3092"/>
                <Baseline points="353,3128 410,3127 467,3125 524,3124 582,3123 639,3123 696,3122 754,3122 811,3122 868,3121 926,3121 983,3121 1040,3122 1097,3122 1155,3122 1212,3122 1269,3122 1327,3123 1384,3123 1441,3123 1499,3123"/>
                <TextEquiv>
                    <Unicode>tors, denn es stand von allem Anfang an fest, daß sie dem</Unicode>
                </TextEquiv>
            </TextLine>
            <TextLine id="r1l131" custom="readingOrder {index:130;}">
                <Coords points="2693,3146 3333,3155 3334,3099 2811,3104 2769,3084 2693,3101"/>
                <Baseline points="2705,3140 2735,3139 2766,3139 2797,3139 2828,3139 2859,3139 2890,3138 2921,3138 2952,3138 2983,3138 3014,3139 3044,3139 3075,3139 3106,3139 3137,3140 3168,3140 3199,3141 3230,3142 3261,3142 3292,3144 3323,3145"/>
                <TextEquiv>
                    <Unicode>wärtigen, aus denen heraus sic</Unicode>
                </TextEquiv>
            </TextLine>
            <TextLine id="r1l132" custom="readingOrder {index:131;}">
                <Coords points="1520,3143 2679,3141 2643,3099 1520,3096"/>
                <Baseline points="1530,3141 1586,3140 1643,3140 1700,3139 1757,3139 1814,3139 1871,3139 1928,3139 1985,3139 2042,3139 2099,3139 2155,3140 2212,3140 2269,3141 2326,3141 2383,3142 2440,3142 2497,3143 2554,3144 2611,3145 2668,3145"/>
                <TextEquiv>
                    <Unicode>„Fünf Frankfurter,,, die „Komödie der Worte“, der</Unicode>
                </TextEquiv>
            </TextLine>
            <TextLine id="r1l133" custom="readingOrder {index:132;}">
                <Coords points="352,3189 1502,3191 1501,3140 1357,3126 352,3160"/>
                <Baseline points="364,3183 420,3182 476,3180 533,3179 589,3178 645,3177 702,3177 758,3176 814,3176 871,3176 927,3176 983,3176 1040,3176 1096,3176 1152,3176 1209,3176 1265,3175 1321,3175 1378,3175 1434,3174 1491,3173"/>
                <TextEquiv>
                    <Unicode>„unabhängigsten“ Direktor den Versuch, das Theater</Unicode>
                </TextEquiv>
            </TextLine>
            <TextLine id="r1l134" custom="readingOrder {index:133;}">
                <Coords points="2689,3194 3282,3214 3349,3194 3350,3152 2776,3142 2689,3159"/>
                <Baseline points="2699,3193 2731,3192 2763,3191 2795,3191 2827,3190 2859,3190 2891,3191 2923,3191 2955,3191 2987,3192 3019,3192 3051,3193 3083,3193 3115,3194 3147,3194 3179,3194 3211,3194 3243,3194 3275,3194 3307,3194 3339,3193"/>
                <TextEquiv>
                    <Unicode>entschlossen hat, um seinen Abschi</Unicode>
                </TextEquiv>
            </TextLine>
            <TextLine id="r1l135" custom="readingOrder {index:134;}">
                <Coords points="1520,3202 2684,3198 2684,3163 2568,3145 1521,3145"/>
                <Baseline points="1531,3196 1588,3195 1645,3195 1702,3195 1759,3194 1816,3193 1873,3193 1930,3192 1987,3192 2044,3191 2102,3191 2159,3191 2216,3191 2273,3191 2330,3192 2387,3192 2444,3193 2501,3194 2558,3195 2615,3197 2673,3199"/>
                <TextEquiv>
                    <Unicode>„Fasching“, der „Weibsteufel“. Diese fortschreitende</Unicode>
                </TextEquiv>
            </TextLine>
            <TextLine id="r1l136" custom="readingOrder {index:135;}">
                <Coords points="350,3243 1458,3250 1509,3236 1509,3192 350,3201"/>
                <Baseline points="362,3234 418,3233 475,3232 532,3232 589,3231 645,3231 702,3230 759,3230 816,3230 872,3230 929,3230 986,3230 1043,3230 1099,3230 1156,3229 1213,3229 1270,3229 1326,3229 1383,3229 1440,3228 1497,3228"/>
                <TextEquiv>
                    <Unicode>nach christlich=germanischen Schönheitsprinzipien zu lei¬</Unicode>
                </TextEquiv>
            </TextLine>
            <TextLine id="r1l137" custom="readingOrder {index:136;}">
                <Coords points="1518,3253 2677,3257 2644,3201 1519,3202"/>
                <Baseline points="1529,3237 1585,3238 1642,3239 1699,3240 1756,3241 1813,3241 1869,3241 1926,3242 1983,3242 2040,3242 2097,3243 2153,3243 2210,3243 2267,3244 2324,3244 2381,3245 2437,3246 2494,3247 2551,3248 2608,3250 2665,3251"/>
                <TextEquiv>
                    <Unicode>Säuberung des Programmes entfachte naturgemäß die</Unicode>
                </TextEquiv>
            </TextLine>
            <TextLine id="r1l138" custom="readingOrder {index:137;}">
                <Coords points="2689,3259 3269,3249 3336,3267 3352,3194 3260,3216 2689,3195"/>
                <Baseline points="2700,3245 2732,3243 2764,3243 2796,3242 2828,3242 2860,3242 2892,3241 2924,3241 2956,3242 2988,3242 3020,3242 3052,3242 3084,3243 3116,3243 3148,3244 3180,3244 3212,3244 3244,3245 3276,3245 3308,3245 3340,3246"/>
                <TextEquiv>
                    <Unicode>der solchem Treiben auf die D</Unicode>
                </TextEquiv>
            </TextLine>
            <TextLine id="r1l139" custom="readingOrder {index:138;}">
                <Coords points="341,3304 1468,3302 1506,3295 1506,3247 341,3257"/>
                <Baseline points="353,3283 410,3283 467,3283 524,3283 581,3283 638,3283 695,3283 753,3282 810,3282 867,3282 924,3282 981,3281 1038,3281 1095,3281 1153,3281 1210,3281 1267,3281 1324,3282 1381,3282 1438,3282 1496,3283"/>
                <TextEquiv>
                    <Unicode>ten, nicht ruhig würde hinnehmen. Sie fühlte sich heraus¬</Unicode>
                </TextEquiv>
            </TextLine>
            <TextLine id="r1l140" custom="readingOrder {index:139;}">
                <Coords points="1511,3308 2450,3320 2648,3310 2675,3270 1512,3251"/>
                <Baseline points="1523,3292 1580,3292 1637,3292 1694,3292 1751,3292 1808,3292 1865,3292 1922,3293 1979,3293 2036,3294 2093,3294 2150,3294 2207,3295 2264,3296 2321,3296 2378,3296 2435,3297 2492,3298 2549,3298 2606,3299 2664,3299"/>
                <TextEquiv>
                    <Unicode>Wut des Kampfes immer aufs neue, machte jedoch den</Unicode>
                </TextEquiv>
            </TextLine>
            <TextLine id="r1l141" custom="readingOrder {index:140;}">
                <Coords points="2692,3305 3330,3308 3352,3299 3352,3250 2692,3261"/>
                <Baseline points="2702,3298 2734,3297 2766,3297 2798,3296 2830,3295 2862,3295 2894,3295 2926,3294 2958,3294 2990,3294 3022,3294 3054,3294 3086,3294 3118,3295 3150,3295 3182,3295 3214,3296 3246,3296 3278,3297 3310,3298 3342,3299"/>
                <TextEquiv>
                    <Unicode>müßte beneidenswert gute Ner#</Unicode>
                </TextEquiv>
            </TextLine>
            <TextLine id="r1l142" custom="readingOrder {index:141;}">
                <Coords points="349,3365 1505,3341 1505,3294 1409,3284 349,3289"/>
                <Baseline points="361,3340 417,3339 474,3339 530,3339 587,3338 644,3338 700,3337 757,3337 814,3336 870,3336 927,3335 984,3335 1040,3334 1097,3334 1154,3334 1210,3334 1267,3334 1324,3334 1380,3334 1437,3335 1494,3336"/>
                <TextEquiv>
                    <Unicode>gefordert auf einem Gebiete, auf dem sie unbeschränkt zu</Unicode>
                </TextEquiv>
            </TextLine>
            <TextLine id="r1l143" custom="readingOrder {index:142;}">
                <Coords points="1522,3351 2676,3359 2663,3303 1522,3304"/>
                <Baseline points="1533,3346 1589,3345 1646,3345 1702,3345 1759,3345 1815,3345 1872,3345 1928,3345 1985,3346 2041,3346 2098,3347 2155,3348 2211,3348 2268,3349 2324,3350 2381,3350 2437,3351 2494,3351 2550,3351 2607,3351 2664,3351"/>
                <TextEquiv>
                    <Unicode>Mann uns immer wertvoller, so daß wir ihm zwei Miß¬</Unicode>
                </TextEquiv>
            </TextLine>
            <TextLine id="r1l144" custom="readingOrder {index:143;}">
                <Coords points="2690,3359 2890,3369 2961,3350 3015,3370 3070,3350 3253,3369 3353,3352 3353,3308 2830,3300 2690,3317"/>
                <Baseline points="2701,3350 2733,3349 2765,3349 2797,3349 2829,3349 2861,3349 2893,3349 2925,3349 2957,3349 2989,3350 3021,3350 3053,3350 3085,3351 3117,3351 3149,3351 3181,3352 3213,3352 3245,3352 3277,3352 3309,3352 3341,3352"/>
                <TextEquiv>
                    <Unicode>genug davon gesprochen, daß ein</Unicode>
                </TextEquiv>
            </TextLine>
            <TextLine id="r1l145" custom="readingOrder {index:144;}">
                <Coords points="335,3403 1274,3413 1487,3403 1507,3348 335,3350"/>
                <Baseline points="347,3395 404,3394 461,3393 519,3391 576,3391 634,3390 691,3390 749,3389 806,3389 864,3389 921,3389 978,3389 1036,3389 1093,3390 1151,3390 1208,3390 1266,3389 1323,3389 1381,3389 1438,3388 1496,3388"/>
                <TextEquiv>
                    <Unicode>gebieten gewohnt ist, denn von ihren Gnaden hängen seit</Unicode>
                </TextEquiv>
            </TextLine>
            <TextLine id="r1l146" custom="readingOrder {index:145;}">
                <Coords points="1521,3422 2671,3407 2671,3353 1522,3362"/>
                <Baseline points="1533,3400 1589,3399 1645,3398 1701,3398 1758,3397 1814,3397 1870,3397 1927,3397 1983,3398 2039,3398 2096,3398 2152,3399 2208,3399 2264,3399 2321,3400 2377,3400 2433,3400 2490,3400 2546,3400 2602,3400 2659,3400"/>
                <TextEquiv>
                    <Unicode>griffe, die er in der Wahl neuer Stücke beging, gerne ver¬</Unicode>
                </TextEquiv>
            </TextLine>
            <TextLine id="r1l147" custom="readingOrder {index:146;}">
                <Coords points="2680,3399 2789,3422 2822,3404 3338,3411 3338,3366 3276,3355 3201,3372 3069,3351 3016,3370 2969,3352 2680,3359"/>
                <Baseline points="2692,3402 2723,3401 2755,3400 2787,3400 2818,3399 2850,3399 2882,3400 2913,3400 2945,3400 2977,3401 3009,3401 3040,3402 3072,3403 3104,3403 3135,3404 3167,3404 3199,3404 3230,3404 3262,3404 3294,3403 3326,3402"/>
                <TextEquiv>
                    <Unicode>wie übrigens jeder andere, leiten</Unicode>
                </TextEquiv>
            </TextLine>
            <TextLine id="r1l148" custom="readingOrder {index:147;}">
                <Coords points="339,3444 1500,3452 1500,3403 1420,3390 339,3409"/>
                <Baseline points="351,3444 407,3443 464,3443 521,3442 578,3442 635,3442 692,3442 749,3442 806,3442 863,3442 920,3442 976,3442 1033,3442 1090,3442 1147,3442 1204,3442 1261,3442 1318,3442 1375,3442 1432,3441 1489,3441"/>
                <TextEquiv>
                    <Unicode>Jahrzehnten alle Erfolge auf dem Theater ab. Ohne Ver¬</Unicode>
                </TextEquiv>
            </TextLine>
            <TextLine id="r1l149" custom="readingOrder {index:148;}">
                <Coords points="1515,3469 2671,3457 2671,3422 2522,3406 1515,3414"/>
                <Baseline points="1525,3454 1581,3453 1638,3452 1695,3451 1751,3450 1808,3450 1865,3450 1921,3450 1978,3450 2035,3450 2092,3450 2148,3451 2205,3451 2262,3452 2318,3452 2375,3453 2432,3453 2488,3454 2545,3455 2602,3455 2659,3455"/>
                <TextEquiv>
                    <Unicode>ziehen. Wir wußten es und die Liste der bevorstehenden</Unicode>
                </TextEquiv>
            </TextLine>
            <TextLine id="r1l150" custom="readingOrder {index:149;}">
                <Coords points="2691,3461 2956,3475 3065,3458 3127,3480 3167,3460 3265,3479 3338,3452 3338,3409 3178,3408 3136,3431 3091,3407 2691,3407"/>
                <Baseline points="2702,3458 2733,3457 2764,3457 2795,3456 2827,3456 2858,3456 2889,3455 2920,3455 2952,3455 2983,3455 3014,3455 3045,3454 3077,3454 3108,3454 3139,3454 3170,3454 3202,3454 3233,3453 3264,3453 3295,3453 3327,3452"/>
                <TextEquiv>
                    <Unicode>tätige Mensch, „ruhig arbeiten“</Unicode>
                </TextEquiv>
            </TextLine>
            <TextLine id="r1l151" custom="readingOrder {index:150;}">
                <Coords points="346,3510 1447,3514 1507,3494 1507,3447 346,3454"/>
                <Baseline points="358,3498 414,3497 471,3497 528,3497 585,3496 642,3496 699,3495 756,3495 813,3495 870,3494 927,3494 983,3494 1040,3494 1097,3494 1154,3493 1211,3493 1268,3493 1325,3493 1382,3493 1439,3493 1496,3494"/>
                <TextEquiv>
                    <Unicode>zug setzte der Kampf gegen den Rebellen ein. Ueber seine</Unicode>
                </TextEquiv>
            </TextLine>
            <TextLine id="r1l152" custom="readingOrder {index:151;}">
                <Coords points="1511,3508 2632,3525 2670,3470 1511,3470"/>
                <Baseline points="1523,3503 1579,3503 1636,3502 1693,3502 1750,3502 1806,3502 1863,3502 1920,3501 1977,3502 2033,3502 2090,3502 2147,3502 2204,3503 2260,3503 2317,3503 2374,3504 2431,3504 2487,3505 2544,3506 2601,3506 2658,3507"/>
                <TextEquiv>
                    <Unicode>Neuheiten sagte es mit genügender Deutlichkeit, daß der</Unicode>
                </TextEquiv>
            </TextLine>
            <TextLine id="r1l153" custom="readingOrder {index:152;}">
                <Coords points="2683,3512 3350,3523 3350,3474 3301,3462 2683,3460"/>
                <Baseline points="2695,3508 2727,3507 2759,3506 2791,3505 2823,3505 2856,3504 2888,3504 2920,3504 2952,3504 2984,3504 3017,3504 3049,3505 3081,3505 3113,3506 3145,3506 3178,3507 3210,3508 3242,3509 3274,3509 3306,3510 3339,3511"/>
                <TextEquiv>
                    <Unicode>Theaterleiter, dessen Leistungen</Unicode>
                </TextEquiv>
            </TextLine>
            <TextLine id="r1l154" custom="readingOrder {index:153;}">
                <Coords points="340,3547 1087,3568 1345,3535 1507,3570 1507,3492 340,3509"/>
                <Baseline points="351,3546 408,3546 465,3546 522,3546 580,3546 637,3546 694,3547 751,3547 809,3547 866,3547 923,3547 980,3547 1038,3548 1095,3548 1152,3548 1209,3547 1267,3547 1324,3547 1381,3547 1438,3546 1496,3545"/>
                <TextEquiv>
                    <Unicode>Ernennung zum Hofrat, die gleichzeitig mit seinem</Unicode>
                </TextEquiv>
            </TextLine>
            <TextLine id="r1l155" custom="readingOrder {index:154;}">
                <Coords points="1510,3572 2664,3564 2664,3513 1510,3510"/>
                <Baseline points="1521,3558 1577,3557 1634,3555 1690,3554 1747,3554 1803,3554 1860,3553 1916,3553 1973,3554 2029,3554 2086,3554 2143,3555 2199,3555 2256,3556 2312,3557 2369,3557 2425,3557 2482,3558 2538,3558 2595,3558 2652,3558"/>
                <TextEquiv>
                    <Unicode>großangelegte Bau seines Programms erst in den An¬</Unicode>
                </TextEquiv>
            </TextLine>
            <TextLine id="r1l156" custom="readingOrder {index:155;}">
                <Coords points="2680,3576 2838,3556 2958,3556 3012,3579 3078,3559 3305,3581 3345,3564 3345,3521 3319,3517 2954,3525 2892,3507 2838,3538 2680,3511"/>
                <Baseline points="2692,3560 2724,3559 2756,3559 2788,3558 2820,3558 2852,3558 2884,3558 2916,3558 2948,3558 2980,3557 3013,3557 3045,3558 3077,3558 3109,3558 3141,3558 3173,3558 3205,3559 3237,3559 3269,3560 3301,3560 3334,3561"/>
                <TextEquiv>
                    <Unicode>finden, den man seit Monat#</Unicode>
                </TextEquiv>
            </TextLine>
            <TextLine id="r1l157" custom="readingOrder {index:156;}">
                <Coords points="345,3604 1506,3602 1401,3553 345,3548"/>
                <Baseline points="355,3602 412,3602 469,3601 526,3601 583,3601 640,3601 697,3601 754,3601 811,3601 868,3601 925,3601 982,3601 1039,3601 1096,3601 1153,3600 1210,3600 1267,3600 1324,3600 1381,3600 1438,3599 1495,3599"/>
                <TextEquiv>
                    <Unicode>Amtsantritt erfolgt war, witzelte ein jüdisches Montags¬</Unicode>
                </TextEquiv>
            </TextLine>
            <TextLine id="r1l158" custom="readingOrder {index:157;}">
                <Coords points="1522,3620 2672,3631 2658,3564 1522,3567"/>
                <Baseline points="1533,3609 1589,3608 1645,3608 1702,3607 1758,3607 1815,3606 1871,3606 1927,3606 1984,3606 2040,3606 2097,3606 2153,3606 2209,3606 2266,3606 2322,3606 2379,3607 2435,3608 2491,3608 2548,3609 2604,3610 2661,3612"/>
                <TextEquiv>
                    <Unicode>fängen begriffen war, wir sahen voraus, wie vielSchönes</Unicode>
                </TextEquiv>
            </TextLine>
            <TextLine id="r1l159" custom="readingOrder {index:158;}">
                <Coords points="2689,3624 3051,3611 3307,3627 3343,3614 3343,3565 2689,3569"/>
                <Baseline points="2701,3612 2732,3610 2764,3610 2795,3608 2827,3608 2858,3608 2890,3607 2921,3607 2953,3608 2984,3608 3016,3608 3048,3609 3079,3610 3111,3610 3142,3611 3174,3611 3205,3612 3237,3612 3268,3613 3300,3613 3332,3613"/>
                <TextEquiv>
                    <Unicode>Künstlerschar man den Geist der</Unicode>
                </TextEquiv>
            </TextLine>
            <TextLine id="r1l160" custom="readingOrder {index:159;}">
                <Coords points="336,3673 1504,3675 1504,3615 336,3627"/>
                <Baseline points="347,3653 404,3654 461,3655 518,3656 576,3656 633,3657 690,3657 747,3657 805,3657 862,3657 919,3657 976,3657 1034,3656 1091,3656 1148,3656 1205,3656 1263,3655 1320,3655 1377,3654 1434,3654 1492,3654"/>
                <TextEquiv>
                    <Unicode>blatt, indem es ein Wort Schnitzlers vielsagend variierte,</Unicode>
                </TextEquiv>
            </TextLine>
            <TextLine id="r1l161" custom="readingOrder {index:160;}">
                <Coords points="1515,3660 2669,3665 2531,3613 1515,3624"/>
                <Baseline points="1527,3659 1583,3659 1640,3659 1696,3659 1753,3659 1809,3659 1866,3659 1922,3659 1979,3660 2035,3660 2092,3660 2149,3660 2205,3660 2262,3661 2318,3661 2375,3661 2431,3662 2488,3662 2544,3663 2601,3663 2658,3664"/>
                <TextEquiv>
                    <Unicode>er uns noch bringen wollte, wir freuten uns an seinen</Unicode>
                </TextEquiv>
            </TextLine>
            <TextLine id="r1l162" custom="readingOrder {index:161;}">
                <Coords points="2679,3673 2992,3662 3219,3685 3283,3667 3350,3685 3350,3627 3321,3618 2679,3619"/>
                <Baseline points="2690,3664 2722,3663 2754,3662 2787,3661 2819,3661 2852,3660 2884,3660 2917,3660 2949,3661 2982,3661 3014,3661 3046,3662 3079,3662 3111,3662 3144,3663 3176,3663 3209,3663 3241,3663 3274,3663 3306,3662 3339,3661"/>
                <TextEquiv>
                    <Unicode>hat, dem man täglich seine Nach</Unicode>
                </TextEquiv>
            </TextLine>
            <TextLine id="r1l163" custom="readingOrder {index:162;}">
                <Coords points="341,3721 1502,3719 1502,3670 1455,3657 341,3670"/>
                <Baseline points="352,3708 411,3708 471,3708 531,3709 591,3709 651,3709 711,3709 771,3709 831,3709 891,3709 951,3708 1011,3708 1071,3708 1131,3707 1191,3707 1251,3706 1311,3706 1371,3705 1431,3704 1491,3704"/>
                <TextEquiv>
                    <Unicode>diese Ernennung werde kein Anfang, sondern ein Ende</Unicode>
                </TextEquiv>
            </TextLine>
            <TextLine id="r1l164" custom="readingOrder {index:163;}">
                <Coords points="2678,3710 2740,3735 2829,3718 3005,3735 3042,3717 3087,3738 3114,3715 3334,3728 3334,3675 3314,3670 2678,3672"/>
                <Baseline points="2688,3713 2719,3712 2751,3712 2783,3711 2815,3711 2846,3711 2878,3711 2910,3711 2942,3712 2973,3712 3005,3712 3037,3713 3069,3713 3100,3713 3132,3714 3164,3714 3196,3715 3227,3715 3259,3715 3291,3716 3323,3716"/>
                <TextEquiv>
                    <Unicode>solcher Direktor nicht mehr ruhig</Unicode>
                </TextEquiv>
            </TextLine>
            <TextLine id="r1l165" custom="readingOrder {index:164;}">
                <Coords points="1513,3723 2669,3718 2572,3669 1513,3674"/>
                <Baseline points="1523,3710 1579,3711 1636,3711 1693,3711 1750,3712 1807,3712 1863,3712 1920,3713 1977,3713 2034,3713 2091,3714 2147,3714 2204,3714 2261,3714 2318,3715 2375,3715 2431,3716 2488,3716 2545,3716 2602,3717 2659,3717"/>
                <TextEquiv>
                    <Unicode>Plänen, insbesondere an der beabsichtigten Pflege Rai¬</Unicode>
                </TextEquiv>
            </TextLine>
            <TextLine id="r1l166" custom="readingOrder {index:165;}">
                <Coords points="348,3768 1502,3762 1464,3711 348,3719"/>
                <Baseline points="359,3762 415,3762 472,3762 528,3763 585,3763 642,3763 698,3763 755,3763 811,3762 868,3762 925,3762 981,3762 1038,3761 1094,3761 1151,3760 1208,3760 1264,3759 1321,3759 1377,3758 1434,3757 1491,3757"/>
                <TextEquiv>
                    <Unicode>sein. Ueberflüssig zu erwähnen, daß er von dieser Presse</Unicode>
                </TextEquiv>
            </TextLine>
            <TextLine id="r1l167" custom="readingOrder {index:166;}">
                <Coords points="1509,3776 2612,3782 2663,3778 2664,3724 1509,3720"/>
                <Baseline points="1521,3762 1577,3761 1634,3761 1690,3761 1747,3762 1803,3762 1860,3762 1916,3763 1973,3763 2029,3763 2086,3764 2143,3765 2199,3765 2256,3766 2312,3766 2369,3767 2425,3767 2482,3767 2538,3768 2595,3768 2652,3768"/>
                <TextEquiv>
                    <Unicode>munds und Grillparzers. Und die Hindernisse zu berück¬</Unicode>
                </TextEquiv>
            </TextLine>
            <TextLine id="r1l168" custom="readingOrder {index:167;}">
                <Coords points="2679,3772 3341,3787 3342,3727 3206,3741 3162,3718 3097,3738 2831,3716 2744,3735 2680,3712"/>
                <Baseline points="2691,3767 2723,3765 2755,3764 2787,3763 2819,3763 2851,3763 2883,3763 2915,3763 2947,3763 2979,3764 3011,3765 3043,3766 3075,3767 3107,3767 3139,3768 3171,3769 3203,3770 3235,3770 3267,3770 3299,3770 3331,3770"/>
                <TextEquiv>
                    <Unicode>in Hast und Unruhe gerät, an sei</Unicode>
                </TextEquiv>
            </TextLine>
            <TextLine id="r1l169" custom="readingOrder {index:168;}">
                <Coords points="890,3791 899,3791 905,3797 908,3797 927,3785 956,3786 958,3766 929,3763 917,3769 911,3766 893,3764"/>
                <Baseline points="903,3782 945,3786"/>
                <TextEquiv>
                    <Unicode>—</Unicode>
                </TextEquiv>
            </TextLine>
            <TextLine id="r1l170" custom="readingOrder {index:169;}">
                <Coords points="342,3822 1503,3828 1503,3761 342,3782"/>
                <Baseline points="353,3813 410,3813 467,3813 524,3813 581,3813 638,3813 695,3813 752,3812 809,3812 866,3812 923,3812 980,3812 1037,3811 1094,3811 1151,3811 1208,3811 1265,3811 1322,3811 1379,3811 1436,3811 1493,3812"/>
                <TextEquiv>
                    <Unicode>in all den Monaten seiner Tatigkeit kein Wort des Lobes,</Unicode>
                </TextEquiv>
            </TextLine>
            <TextLine id="r1l171" custom="readingOrder {index:170;}">
                <Coords points="1514,3821 2675,3826 2659,3770 1514,3775"/>
                <Baseline points="1526,3815 1582,3815 1639,3815 1696,3815 1753,3815 1810,3815 1867,3815 1924,3815 1981,3815 2038,3816 2095,3816 2151,3816 2208,3816 2265,3817 2322,3817 2379,3817 2436,3818 2493,3818 2550,3818 2607,3818 2664,3819"/>
                <TextEquiv>
                    <Unicode>sichtigen, die ihm der Heimgang Girardis und die</Unicode>
                </TextEquiv>
            </TextLine>
            <TextLine id="r1l172" custom="readingOrder {index:171;}">
                <Coords points="2682,3823 2934,3833 2978,3816 3263,3840 3338,3825 3339,3783 3041,3772 2976,3794 2867,3771 2683,3774"/>
                <Baseline points="2693,3819 2724,3818 2756,3817 2788,3816 2819,3816 2851,3815 2883,3815 2914,3815 2946,3816 2978,3816 3010,3817 3041,3818 3073,3818 3105,3819 3136,3819 3168,3820 3200,3820 3231,3820 3263,3820 3295,3820 3327,3820"/>
                <TextEquiv>
                    <Unicode>beginnt, kann nicht wunder nehl</Unicode>
                </TextEquiv>
            </TextLine>
            <TextLine id="r1l173" custom="readingOrder {index:172;}">
                <Coords points="335,3878 1207,3856 1391,3883 1505,3872 1505,3825 335,3829"/>
                <Baseline points="346,3867 403,3867 460,3867 518,3866 575,3866 633,3866 690,3865 747,3865 805,3865 862,3865 920,3864 977,3864 1034,3864 1092,3864 1149,3864 1207,3865 1264,3865 1321,3865 1379,3865 1436,3866 1494,3866"/>
                <TextEquiv>
                    <Unicode>der Anerkennung erhielt, daß keines der Stücke, die er</Unicode>
                </TextEquiv>
            </TextLine>
            <TextLine id="r1l174" custom="readingOrder {index:173;}">
                <Coords points="1508,3873 2663,3880 2663,3828 2440,3810 2387,3843 1509,3822"/>
                <Baseline points="1520,3869 1576,3868 1633,3867 1689,3867 1746,3866 1803,3866 1859,3866 1916,3867 1972,3867 2029,3867 2086,3868 2142,3869 2199,3869 2255,3870 2312,3870 2369,3870 2425,3870 2482,3871 2538,3870 2595,3870 2652,3869"/>
                <TextEquiv>
                    <Unicode>Kriegsverhältnisse bereiteten und die ihm zu langsame¬</Unicode>
                </TextEquiv>
            </TextLine>
            <TextLine id="r1l175" custom="readingOrder {index:174;}">
                <Coords points="2668,3888 2731,3870 2768,3888 3033,3883 3064,3857 3144,3886 3340,3879 3340,3825 2728,3837 2713,3821 2668,3841"/>
                <Baseline points="2679,3874 2711,3872 2744,3871 2776,3871 2809,3870 2841,3870 2874,3870 2906,3870 2939,3870 2971,3870 3004,3870 3036,3870 3069,3870 3101,3871 3134,3871 3166,3871 3199,3871 3231,3871 3264,3871 3296,3871 3329,3870"/>
                <TextEquiv>
                    <Unicode>so ist es eigentlich bewunderns</Unicode>
                </TextEquiv>
            </TextLine>
            <TextLine id="r1l176" custom="readingOrder {index:175;}">
                <Coords points="342,3921 1498,3921 1460,3870 1207,3856 342,3878"/>
                <Baseline points="352,3918 408,3917 465,3917 522,3916 578,3916 635,3916 692,3915 748,3915 805,3915 862,3915 919,3915 975,3915 1032,3915 1089,3915 1145,3915 1202,3916 1259,3916 1315,3916 1372,3917 1429,3918 1486,3918"/>
                <TextEquiv>
                    <Unicode>erwarb, gefiel, daß keine seiner Neuinszenierungen ent¬</Unicode>
                </TextEquiv>
            </TextLine>
            <TextLine id="r1l177" custom="readingOrder {index:176;}">
                <Coords points="1516,3929 2663,3934 2663,3880 1516,3877"/>
                <Baseline points="1526,3918 1582,3918 1638,3918 1695,3918 1751,3918 1807,3919 1864,3919 1920,3920 1976,3920 2033,3921 2089,3921 2145,3922 2202,3922 2258,3923 2314,3924 2371,3924 2427,3925 2483,3925 2540,3925 2596,3925 2653,3926"/>
                <TextEquiv>
                    <Unicode>ren Voranschreiten zwangen, als er sich vorgenommen</Unicode>
                </TextEquiv>
            </TextLine>
            <TextLine id="r1l178" custom="readingOrder {index:177;}">
                <Coords points="2680,3933 3316,3937 3338,3925 3338,3879 2679,3882"/>
                <Baseline points="2691,3924 2722,3925 2754,3925 2786,3925 2818,3925 2850,3924 2881,3924 2913,3924 2945,3923 2977,3923 3009,3922 3040,3922 3072,3922 3104,3921 3136,3921 3168,3921 3199,3921 3231,3921 3263,3921 3295,3921 3327,3922"/>
                <TextEquiv>
                    <Unicode>der nicht erst seit heute ein scheide</Unicode>
                </TextEquiv>
            </TextLine>
            <TextLine id="r1l179" custom="readingOrder {index:178;}">
                <Coords points="342,3988 1498,3979 1480,3921 342,3921"/>
                <Baseline points="353,3972 409,3973 466,3973 523,3973 579,3973 636,3973 693,3973 749,3973 806,3973 863,3973 920,3972 976,3972 1033,3972 1090,3971 1146,3971 1203,3971 1260,3970 1316,3970 1373,3969 1430,3968 1487,3968"/>
                <TextEquiv>
                    <Unicode>sprach, daß keine der neuen schauspielerischen Kräfte, die</Unicode>
                </TextEquiv>
            </TextLine>
            <TextLine id="r1l180" custom="readingOrder {index:179;}">
                <Coords points="1507,3979 2672,4011 3284,3988 3308,3931 1507,3935"/>
                <Baseline points="1518,3975 1606,3973 1695,3972 1784,3971 1873,3971 1962,3971 2051,3972 2140,3973 2229,3974 2318,3976 2407,3977 2495,3979 2584,3980 2673,3981 2762,3982 2851,3982 2940,3982 3029,3981 3118,3980 3207,3978 3296,3975"/>
                <TextEquiv>
                    <Unicode>hatte, dazu brauchte es wirklich nur einigen guten Tage noch schaffte und hoffte.</Unicode>
                </TextEquiv>
            </TextLine>
            <TextLine id="r1l181" custom="readingOrder {index:180;}">
                <Coords points="348,4057 1684,4040 1706,3989 1508,3958 347,3988"/>
                <Baseline points="359,4024 425,4026 492,4027 559,4027 626,4027 692,4027 759,4027 826,4027 893,4026 959,4026 1026,4025 1093,4024 1160,4024 1226,4023 1293,4023 1360,4023 1427,4023 1493,4023 1560,4024 1627,4025 1694,4026"/>
                <TextEquiv>
                    <Unicode>er an sein Theater brachte, burgtheaterfähig war. Selbst Willen.</Unicode>
                </TextEquiv>
            </TextLine>
            <TextLine id="r1l182" custom="readingOrder {index:181;}">
                <Coords points="2664,4037 2860,4048 2886,4071 3009,4038 3256,4043 3338,4068 3338,3999 3311,3985 3060,3978 2846,4002 2791,3979 2664,4006"/>
                <Baseline points="2676,4030 2708,4031 2741,4032 2773,4032 2806,4033 2838,4033 2871,4033 2903,4033 2936,4033 2968,4033 3001,4033 3034,4032 3066,4032 3099,4032 3131,4032 3164,4032 3196,4033 3229,4033 3261,4034 3294,4034 3327,4035"/>
                <TextEquiv>
                    <Unicode>Thaller, mit dem Millenkovich so</Unicode>
                </TextEquiv>
            </TextLine>
            <TextEquiv>
                <Unicode># 7 1973
gen.
HEICHSPOST. WIER
d deutsche Ty
auer als Pilot den vlelg
Das Ende der Direktion
agbflieger Major Barcc
hossen hat.
Millenkovich.
Der Chef
Wien, am 3. Juli.
Einem scheidenden Theaterdirektor sagt man ge¬
„Großes Hauptquartie
wöhnlich, je nachdem man mit seinen Leistungen zufrie¬
We
icher Krie
den war, ein paar nette oder ein paar vorwurfsvolle
Heei
p
onpri
Worte, man gibt einen flüchtigen, kritischen Ueberblick
Erfolgreich
kundun
ge
über seine Tätigkeit, bedauert seinen Abgang oder heißt
stöße der Englände
ihn gut — und wendet im Uebrigen bald genug dem
ville (südlich von
sch
Nachfolger die Aufmerksamkeit zu, denn das Leben, dieses
Kämpfen nordwestl
vor
„in allen Strömen fortrasende“ Leben gestattet uns nicht,
Gefängene.
lange bei den Abgetanen, bei den Gewesenen zu verweilen.
Heeresgruppe Deuts
Aber mit dem Hofrat von Millenkovich, der, als er am
Nördlich der Aisne haber
liche Kämpfe entwickelt.
letzten Montag, nach der letzten Vorstellung dieses Spiel¬
Marne hielt rege Tätigk
jahres, seinen Schreibtisch zusammenräumte, schon wußte,
Teilangriffe bei St. Pierr
daß die neue Unordnung, die nach den Ferien auf diesem
von Chäteau=Thierry wurh
Tisch wieder entstehen wird, nicht mehr ihm, sondern
Aus einem amerikani
schon einem anderen Manne Sorgen bereiten werde, tritt
nenn Einheiten wurden
nicht ein beliebiger, einzelner Theaterleiter von unserer
schossen. Leutnant Ader
Hofbühne ab, in ihm scheidet ein Prinzip, als dessen
39., Leutnant Löwenhardt
Luftsieg. Leutnant Friedric
Träger er sich gleich am ersten Tage seiner Amtstätigkeit
Thom schossen ihren 20. G
mit starken, deutlichen Worten bekannt hat. Dies ver¬
anlaßt uns, den Umständen, unter denen sich der Direk¬
Der Erste Ge
*
Lud
tionswechsel vollzieht, nähere Beachtung zu schenken.
Zu Anfang des April des vorigen Jahres ist Mar
k.
von Millenkovich zum Burgtheaterdirektor ernannt wor¬
„3. Juli 1918, abends.
den. Um die gleiche Zeit des heurigen Jahres stand es ##
Oertliche Teilkämpfe u
vermutlich schon fest, daß dieses Direktionsjahr sein ein¬
ziges bleiben werde, ohne daß er es selber noch glauben
die Verpflichtung Girardis, diese wirklich bedeutsame, vo¬
Die Mittel, mit denen die
konnte, denn die Spieler dieses schlau abgekarteten Spieles
so vielen seiner Vorgänger verabsäumte Tat, wurde nach
wurde, dieses planmäßige Kess
wußten ihre Trümpfe gut geheim zu halten. Zum Beginn
einiger sauersüßer Anerkennung schließlich doch als vers¬
maschige Netz von Verdächtigun
seiner Antrittsrede sagte der neue Mann: „Ich meine,
fehlter Streich hingestellt. Keine Frage: dieser beständige)
fundenen oder maßlos aufgebau
der Burgtheaterdirektor sei der unabhängigste Theater¬
nimmerruhende Kampf, diese heftige, unversöhnliche Geg¬
„Affairen“, diese Flut von häm
direktox, den man sich denken kann.“ Damit wollte er
nerschaft richtete sich nicht so sehr gegen die Person des
deutungen, all das aufzuzeigen
sagen, der Burgtheaterdirektor sei finanziell unabhängig
Mannes, als gegen das Prinzip, die Welt= und Kunst¬
Kängst die Mühe genommen. N
und niemandem anderen verantwortlich, als seiner vor¬
anschauung, die er vertrat. Denn er persönlich, ein Dich¬
kraft unseres Protestes zu schw
gesetzten Behörde. Aber bald genug mußte er erfahren,
ter, dem die jüdische Presse vorher manches, freilich immer
dorden, wir hätten dies gewisse
wie es in Wirklichkeit mit der Unabhängigkeit des Burg¬
reservierte Lob gezollt hatte, forderte in keiner Weise zu
Nannes getan, für den wir uns
theaterleiters bestellt ist. Im weiteren Verlaufe seiner
solcher Gegnerschaft heraus, er stand allen Ausfragern
an nun vernimmt, lieferte die
Rede fiel auch das Wort, daß das christlich=germanische
liebenswürdig, vielleicht manchmal allzu liebenswürdig
Schauspielerinnen, die sich durch
Schönheitsideal das einzige sei, das in diesem Hause Gel¬
immer wieder Rede und Antwort, er nahm Stücke
Frauenehre gekränkt fühlten,
tung haben dürfe, dieses Wort, das uns in seiner Offen¬
jüdischer Autoren an, soferne sie nur vor dem Gesetze
zem das Spiel gewonnen wurde
heit sogleich an die Seite des neuen Mannes brachte und
bestanden, dem er dienen wollte. Daß er bei solchen weit¬
ist, wissen wir nicht. Erinnern
ihm augenblicklich die Feindschaft jener Fremdlingspresse
herzigen Zugeständnissen doch bemüht war, seine vorge¬
denschaftlich die gleichen Sitten
eintrug, welcher alles Chri stlich=Germanische nicht bloß
nommene Richtung einzuhalten, bewies das allmähliche
Jahren für einen anderen Theag
ein unbekannter, sondern seit jeher auch ein hassenswerter
lichen Afaire eintraten, an der e
Verschwinden von Stücken aus dem Spielplan, die mit
Begriff ist. Wem die Macht dieser Presse bekannt ist, dem
Wahres war.
seinem künstlerischen und ethischen Kredo nicht in Ein¬
bangte damals sogleich um das Schicksal des neuen Direk¬
klang zu bringen waren. So verschwanden langsam die
Es fällt nicht schwer, sich 
tors, denn es stand von allem Anfang an fest, daß sie dem
wärtigen, aus denen heraus sic
„Fünf Frankfurter,,, die „Komödie der Worte“, der
„unabhängigsten“ Direktor den Versuch, das Theater
entschlossen hat, um seinen Abschi
„Fasching“, der „Weibsteufel“. Diese fortschreitende
nach christlich=germanischen Schönheitsprinzipien zu lei¬
Säuberung des Programmes entfachte naturgemäß die
der solchem Treiben auf die D
ten, nicht ruhig würde hinnehmen. Sie fühlte sich heraus¬
Wut des Kampfes immer aufs neue, machte jedoch den
müßte beneidenswert gute Ner#
gefordert auf einem Gebiete, auf dem sie unbeschränkt zu
Mann uns immer wertvoller, so daß wir ihm zwei Miß¬
genug davon gesprochen, daß ein
gebieten gewohnt ist, denn von ihren Gnaden hängen seit
griffe, die er in der Wahl neuer Stücke beging, gerne ver¬
wie übrigens jeder andere, leiten
Jahrzehnten alle Erfolge auf dem Theater ab. Ohne Ver¬
ziehen. Wir wußten es und die Liste der bevorstehenden
tätige Mensch, „ruhig arbeiten“
zug setzte der Kampf gegen den Rebellen ein. Ueber seine
Neuheiten sagte es mit genügender Deutlichkeit, daß der
Theaterleiter, dessen Leistungen
Ernennung zum Hofrat, die gleichzeitig mit seinem
großangelegte Bau seines Programms erst in den An¬
finden, den man seit Monat#
Amtsantritt erfolgt war, witzelte ein jüdisches Montags¬
fängen begriffen war, wir sahen voraus, wie vielSchönes
Künstlerschar man den Geist der
blatt, indem es ein Wort Schnitzlers vielsagend variierte,
er uns noch bringen wollte, wir freuten uns an seinen
hat, dem man täglich seine Nach
diese Ernennung werde kein Anfang, sondern ein Ende
solcher Direktor nicht mehr ruhig
Plänen, insbesondere an der beabsichtigten Pflege Rai¬
sein. Ueberflüssig zu erwähnen, daß er von dieser Presse
munds und Grillparzers. Und die Hindernisse zu berück¬
in Hast und Unruhe gerät, an sei
—
in all den Monaten seiner Tatigkeit kein Wort des Lobes,
sichtigen, die ihm der Heimgang Girardis und die
beginnt, kann nicht wunder nehl
der Anerkennung erhielt, daß keines der Stücke, die er
Kriegsverhältnisse bereiteten und die ihm zu langsame¬
so ist es eigentlich bewunderns
erwarb, gefiel, daß keine seiner Neuinszenierungen ent¬
ren Voranschreiten zwangen, als er sich vorgenommen
der nicht erst seit heute ein scheide
sprach, daß keine der neuen schauspielerischen Kräfte, die
hatte, dazu brauchte es wirklich nur einigen guten Tage noch schaffte und hoffte.
er an sein Theater brachte, burgtheaterfähig war. Selbst Willen.
Thaller, mit dem Millenkovich so</Unicode>
            </TextEquiv>
        </TextRegion>
    </Page>
</PcGts>
