<?xml version="1.0" encoding="UTF-8" standalone="yes"?>
<PcGts xmlns="http://schema.primaresearch.org/PAGE/gts/pagecontent/2013-07-15" xmlns:xsi="http://www.w3.org/2001/XMLSchema-instance" xsi:schemaLocation="http://schema.primaresearch.org/PAGE/gts/pagecontent/2013-07-15 http://schema.primaresearch.org/PAGE/gts/pagecontent/2013-07-15/pagecontent.xsd">
    <Metadata>
        <Creator>prov=University of Rostock/Institute of Mathematics/CITlab/Gundram Leifert/gundram.leifert@uni-rostock.de:name=ONB_Newseye_GT_M1+(htr_id=10810)::::v=2.4.2
prov=University of Rostock/Institute of Mathematics/CITlab/Tobias Gruening/tobias.gruening@uni-rostock.de:name=de.uros.citlab.module.baseline2polygon.B2PSeamMultiOriented:v=2.4.2
prov=University of Rostock/Institute of Mathematics/CITlab/Tobias Gruening/tobias.gruening@uni-rostock.de:name=/mnt/transkribus/LA/DEA/URO/LA_news_onb_att.pb:de.uros.citlab.segmentation.CITlab_LA_ML:v=2.4.2
Transkribus</Creator>
        <Created>2019-10-07T11:10:45.489+02:00</Created>
        <LastChange>2019-10-08T00:12:18.991+02:00</LastChange>
        <TranskribusMetadata docId="223960" pageId="9495212" pageNr="435" tsid="16490287" status="IN_PROGRESS" userId="40391" imgUrl="https://files.transkribus.eu/Get?id=OJXAMLBYCMFCSGFPGRSILIQL&amp;fileType=view" xmlUrl="https://files.transkribus.eu/Get?id=ANCCKLIDDSZXIBINWDCFLNND" imageId="6185439"/>
    </Metadata>
    <Page imageFilename="223960_0435.jpeg" imageWidth="3344" imageHeight="4320">
        <ReadingOrder>
            <OrderedGroup id="ro_1711443408807" caption="Regions reading order">
                <RegionRefIndexed index="0" regionRef="r1"/>
            </OrderedGroup>
        </ReadingOrder>
        <TextRegion orientation="0.0" id="r1" custom="readingOrder {index:0;}">
            <Coords points="238,242 238,3804 3323,3804 3323,242"/>
            <TextLine id="r1l1" custom="readingOrder {index:0;}">
                <Coords points="2074,277 2233,295 2290,268 2375,306 2548,294 2548,209 2386,208 2365,222 2349,204 2294,221 2122,206 2101,226 2074,219"/>
                <Baseline points="2091,270 2116,269 2142,268 2168,268 2194,268 2220,268 2246,269 2272,270 2298,270 2323,272 2349,272 2375,273 2401,273 2427,273 2453,272 2479,271 2505,269 2531,267"/>
                <TextEquiv>
                    <Unicode>box 32/7</Unicode>
                </TextEquiv>
            </TextLine>
            <TextLine id="r1l2" custom="readingOrder {index:1;}">
                <Coords points="219,301 1943,298 1876,222 221,220"/>
                <Baseline points="238,263 322,268 406,272 491,276 575,279 660,281 744,283 829,285 913,286 998,287 1082,287 1166,288 1251,288 1335,289 1420,289 1504,289 1589,290 1673,290 1758,291 1842,293 1927,294"/>
                <TextEquiv>
                    <Unicode>26. 1. Konoedie der Norte— Zyklus</Unicode>
                </TextEquiv>
            </TextLine>
            <TextLine id="r1l3" custom="readingOrder {index:2;}">
                <Coords points="1548,860 1632,855 1639,862 1646,855 1659,855 1683,864 1710,861 1709,786 1546,789"/>
                <Baseline points="1565,851 1590,852 1616,851 1641,851 1667,850 1693,849"/>
                <TextEquiv>
                    <Unicode>WerUA</Unicode>
                </TextEquiv>
            </TextLine>
            <TextLine id="r1l4" custom="readingOrder {index:3;}">
                <Coords points="496,926 1735,900 1714,850 495,869"/>
                <Baseline points="513,925 573,924 633,923 694,922 754,921 814,919 875,918 935,916 995,915 1056,913 1116,912 1176,910 1237,908 1297,907 1357,906 1418,904 1478,903 1538,901 1599,900 1659,899 1720,898"/>
                <TextEquiv>
                    <Unicode>und Bananen gegründefe überseeische Reich der Schlu¬</Unicode>
                </TextEquiv>
            </TextLine>
            <TextLine id="r1l5" custom="readingOrder {index:4;}">
                <Coords points="2978,957 3107,967 3127,956 3161,963 3178,950 3188,960 3263,956 3293,949 3293,895 3266,892 3249,909 3218,885 3171,895 3137,882 3103,896 3032,892 3002,913 2978,913"/>
                <Baseline points="2995,950 3020,950 3045,951 3071,951 3096,952 3122,953 3147,953 3173,953 3198,953 3224,951 3249,950 3275,946"/>
                <TextEquiv>
                    <Unicode>bitterung über</Unicode>
                </TextEquiv>
            </TextLine>
            <TextLine id="r1l6" custom="readingOrder {index:5;}">
                <Coords points="496,971 1620,967 1731,941 1731,907 495,924"/>
                <Baseline points="513,970 573,970 633,970 693,970 753,969 813,968 873,968 933,967 993,966 1053,965 1113,963 1173,962 1233,961 1293,959 1353,957 1413,955 1473,953 1533,951 1593,949 1653,946 1714,944"/>
                <TextEquiv>
                    <Unicode>bachs. Dazu kam das eigentliche Export- und Import¬</Unicode>
                </TextEquiv>
            </TextLine>
            <TextLine id="r1l7" custom="readingOrder {index:6;}">
                <Coords points="2974,1000 3302,1003 3301,932 3284,932 3261,956 3217,961 3179,951 3119,963 2973,956"/>
                <Baseline points="2991,996 3017,997 3044,997 3071,998 3097,998 3124,997 3151,997 3178,996 3204,995 3231,993 3258,992 3285,991"/>
                <TextEquiv>
                    <Unicode>Nationalsozialist</Unicode>
                </TextEquiv>
            </TextLine>
            <TextLine id="r1l8" custom="readingOrder {index:7;}">
                <Coords points="493,1029 1434,1027 1698,1001 1730,949 491,965"/>
                <Baseline points="508,1022 568,1020 628,1018 689,1017 749,1016 810,1015 870,1014 930,1013 991,1012 1051,1012 1112,1011 1172,1010 1232,1008 1293,1007 1353,1006 1414,1004 1474,1002 1534,1000 1595,998 1655,995 1716,992"/>
                <TextEquiv>
                    <Unicode>geschäft mit den genannten Gebielen, und, über be¬</Unicode>
                </TextEquiv>
            </TextLine>
            <TextLine id="r1l9" custom="readingOrder {index:8;}">
                <Coords points="1833,1060 2770,1030 2871,997 2868,905 2717,947 2509,917 2195,964 2130,935 1829,948"/>
                <Baseline points="1849,1028 1899,1028 1949,1027 1999,1025 2050,1024 2100,1022 2150,1020 2201,1018 2251,1017 2301,1015 2352,1012 2402,1010 2452,1009 2502,1007 2553,1006 2603,1004 2653,1003 2704,1002 2754,1002 2804,1001 2855,1001"/>
                <TextEquiv>
                    <Unicode>Franzen-Koalition geht zu Bruch!</Unicode>
                </TextEquiv>
            </TextLine>
            <TextLine id="r1l10" custom="readingOrder {index:9;}">
                <Coords points="2971,1060 3019,1045 3191,1049 3205,1035 3229,1045 3310,1037 3309,990 3204,1002 2970,995"/>
                <Baseline points="2989,1039 3014,1040 3039,1040 3064,1040 3090,1039 3115,1039 3140,1039 3165,1038 3191,1038 3216,1037 3241,1036 3266,1036 3292,1034"/>
                <TextEquiv>
                    <Unicode>Komtur für Brau</Unicode>
                </TextEquiv>
            </TextLine>
            <TextLine id="r1l11" custom="readingOrder {index:10;}">
                <Coords points="506,1081 1600,1072 1738,1036 1696,999 505,1030"/>
                <Baseline points="521,1067 581,1067 641,1066 701,1066 761,1065 821,1065 881,1064 941,1063 1001,1062 1061,1061 1121,1060 1181,1059 1241,1058 1301,1056 1361,1055 1421,1053 1481,1051 1541,1049 1601,1047 1661,1045 1721,1043"/>
                <TextEquiv>
                    <Unicode>freundete Häuser, nach anderen Ländern; dazu kamen!</Unicode>
                </TextEquiv>
            </TextLine>
            <TextLine id="r1l12" custom="readingOrder {index:11;}">
                <Coords points="2975,1091 3131,1095 3165,1081 3226,1090 3236,1080 3256,1090 3266,1079 3310,1092 3309,1038 3008,1043 2974,1034"/>
                <Baseline points="2993,1082 3020,1082 3047,1082 3074,1082 3101,1081 3128,1081 3156,1081 3183,1080 3210,1080 3237,1079 3264,1078 3292,1076"/>
                <TextEquiv>
                    <Unicode>einigung bei Fo</Unicode>
                </TextEquiv>
            </TextLine>
            <TextLine id="r1l13" custom="readingOrder {index:12;}">
                <Coords points="1841,1139 2437,1124 2511,1091 2870,1106 2868,1021 1839,1058"/>
                <Baseline points="1857,1107 1906,1106 1956,1105 2006,1103 2056,1101 2106,1099 2155,1098 2205,1096 2255,1095 2305,1093 2355,1092 2404,1090 2454,1089 2504,1088 2554,1087 2604,1086 2653,1085 2703,1085 2753,1084 2803,1084 2853,1085"/>
                <TextEquiv>
                    <Unicode>(Telegramm unseres Korrespondenten.)</Unicode>
                </TextEquiv>
            </TextLine>
            <TextLine id="r1l14" custom="readingOrder {index:13;}">
                <Coords points="494,1124 1734,1116 1695,1049 493,1087"/>
                <Baseline points="511,1119 571,1117 631,1116 691,1115 751,1114 812,1113 872,1112 932,1111 992,1110 1052,1109 1113,1108 1173,1107 1233,1106 1293,1105 1353,1104 1414,1102 1474,1100 1534,1098 1594,1096 1654,1093 1715,1091"/>
                <TextEquiv>
                    <Unicode>ein umfangreicher Besitz an Aktien von Plantagen- und</Unicode>
                </TextEquiv>
            </TextLine>
            <TextLine id="r1l15" custom="readingOrder {index:14;}">
                <Coords points="2986,1138 3284,1133 3314,1126 3314,1095 3266,1079 3256,1090 3236,1080 3216,1090 3148,1081 3050,1096 2985,1091"/>
                <Baseline points="3002,1124 3028,1125 3055,1125 3082,1125 3109,1124 3136,1123 3163,1122 3190,1122 3217,1121 3244,1121 3271,1121 3298,1122"/>
                <TextEquiv>
                    <Unicode>Abgeordneten in</Unicode>
                </TextEquiv>
            </TextLine>
            <TextLine id="r1l16" custom="readingOrder {index:15;}">
                <Coords points="497,1172 568,1188 619,1173 927,1178 1025,1145 1024,1118 905,1110 885,1128 496,1128"/>
                <Baseline points="514,1168 539,1166 565,1166 591,1165 617,1165 643,1164 669,1163 695,1163 721,1162 747,1162 773,1161 799,1161 825,1161 851,1160 877,1160 903,1159 929,1159 955,1158 981,1158 1007,1157"/>
                <TextEquiv>
                    <Unicode>Kolonialgesellschaften.</Unicode>
                </TextEquiv>
            </TextLine>
            <TextLine id="r1l17" custom="readingOrder {index:16;}">
                <Coords points="2325,1180 2928,1179 2926,1111 2885,1095 2862,1112 2764,1097 2703,1119 2655,1099 2588,1121 2324,1122"/>
                <Baseline points="2342,1170 2370,1169 2399,1167 2427,1167 2456,1166 2484,1165 2513,1164 2541,1164 2570,1163 2598,1163 2627,1162 2655,1162 2684,1162 2712,1161 2741,1161 2769,1161 2798,1160 2826,1160 2855,1159 2883,1158 2912,1158"/>
                <TextEquiv>
                    <Unicode>L. BRAUNSCHWEIG, 13. Juni.</Unicode>
                </TextEquiv>
            </TextLine>
            <TextLine id="r1l18" custom="readingOrder {index:17;}">
                <Coords points="2981,1191 3032,1191 3052,1177 3100,1183 3130,1169 3174,1182 3194,1172 3276,1171 3303,1181 3302,1141 3258,1128 3068,1123 2981,1134"/>
                <Baseline points="2999,1167 3025,1166 3051,1166 3077,1166 3103,1166 3129,1166 3156,1166 3182,1165 3208,1165 3234,1165 3260,1164 3287,1163"/>
                <TextEquiv>
                    <Unicode>seinem eigenen</Unicode>
                </TextEquiv>
            </TextLine>
            <TextLine id="r1l19" custom="readingOrder {index:18;}">
                <Coords points="571,1228 1732,1194 1731,1153 1625,1125 570,1177"/>
                <Baseline points="587,1210 643,1211 699,1212 756,1213 812,1213 869,1213 925,1213 981,1212 1038,1212 1094,1211 1151,1210 1207,1208 1263,1207 1320,1205 1376,1203 1433,1201 1489,1198 1545,1196 1602,1194 1658,1191 1715,1188"/>
                <TextEquiv>
                    <Unicode>Die Leitung der Firma hal, wie es scheint, in den</Unicode>
                </TextEquiv>
            </TextLine>
            <TextLine id="r1l20" custom="readingOrder {index:19;}">
                <Coords points="3032,1217 3282,1221 3313,1210 3312,1159 3228,1181 3136,1172 3103,1182 3031,1180"/>
                <Baseline points="3050,1210 3077,1209 3104,1209 3132,1208 3159,1208 3187,1208 3214,1207 3242,1207 3269,1207 3297,1207"/>
                <TextEquiv>
                    <Unicode>Das bedeutet</Unicode>
                </TextEquiv>
            </TextLine>
            <TextLine id="r1l21" custom="readingOrder {index:20;}">
                <Coords points="1806,1247 2957,1226 2955,1165 2172,1168 2096,1205 1804,1179"/>
                <Baseline points="1822,1240 1877,1240 1933,1240 1989,1239 2045,1238 2101,1237 2157,1235 2213,1233 2269,1231 2325,1229 2381,1227 2436,1224 2492,1222 2548,1220 2604,1218 2660,1217 2716,1215 2772,1214 2828,1214 2884,1214 2940,1214"/>
                <TextEquiv>
                    <Unicode>In einer Braunschweiger Versamimlung der Jungdeutschen,</Unicode>
                </TextEquiv>
            </TextLine>
            <TextLine id="r1l22" custom="readingOrder {index:21;}">
                <Coords points="505,1285 1666,1257 1747,1221 1722,1188 504,1234"/>
                <Baseline points="521,1266 581,1264 641,1263 702,1262 762,1261 823,1259 883,1258 943,1257 1004,1255 1064,1254 1125,1252 1185,1250 1245,1249 1306,1247 1366,1246 1427,1244 1487,1243 1547,1242 1608,1240 1668,1239 1729,1237"/>
                <TextEquiv>
                    <Unicode>letzten Jahren nach und nach die Uebersicht über den</Unicode>
                </TextEquiv>
            </TextLine>
            <TextLine id="r1l23" custom="readingOrder {index:22;}">
                <Coords points="2980,1266 3081,1268 3095,1257 3173,1270 3193,1259 3247,1265 3295,1254 3294,1220 3104,1210 3050,1218 3029,1201 2979,1192"/>
                <Baseline points="2997,1256 3022,1255 3048,1254 3073,1254 3099,1253 3125,1253 3150,1253 3176,1253 3202,1252 3227,1251 3253,1251 3279,1249"/>
                <TextEquiv>
                    <Unicode>nicht Schraders</Unicode>
                </TextEquiv>
            </TextLine>
            <TextLine id="r1l24" custom="readingOrder {index:23;}">
                <Coords points="1754,1293 2942,1270 2961,1229 1752,1233"/>
                <Baseline points="1770,1286 1828,1284 1887,1282 1946,1281 2005,1279 2064,1278 2122,1276 2181,1275 2240,1273 2299,1271 2358,1270 2416,1268 2475,1267 2534,1265 2593,1264 2652,1263 2710,1261 2769,1260 2828,1259 2887,1257 2946,1256"/>
                <TextEquiv>
                    <Unicode>deren Abgeordneter Schrader das Zünglein an der Waage der</Unicode>
                </TextEquiv>
            </TextLine>
            <TextLine id="r1l25" custom="readingOrder {index:24;}">
                <Coords points="2971,1316 3011,1311 3069,1327 3089,1312 3110,1322 3160,1317 3180,1303 3204,1316 3234,1305 3262,1318 3316,1299 3314,1249 3290,1242 3250,1261 3111,1254 3003,1271 2969,1265"/>
                <Baseline points="2987,1300 3013,1300 3039,1300 3065,1299 3091,1298 3117,1297 3143,1296 3169,1296 3195,1295 3221,1294 3247,1293 3273,1293 3299,1293"/>
                <TextEquiv>
                    <Unicode>Angriffen der P</Unicode>
                </TextEquiv>
            </TextLine>
            <TextLine id="r1l26" custom="readingOrder {index:25;}">
                <Coords points="504,1329 1370,1287 1737,1318 1735,1247 1616,1240 503,1285"/>
                <Baseline points="521,1316 580,1315 640,1314 700,1313 760,1311 820,1310 880,1309 940,1308 1000,1306 1060,1305 1120,1304 1179,1302 1239,1301 1299,1299 1359,1298 1419,1296 1479,1294 1539,1291 1599,1290 1659,1287 1719,1285"/>
                <TextEquiv>
                    <Unicode>ganzen riesenhaften Komplex verloren. Die Vielgestal¬</Unicode>
                </TextEquiv>
            </TextLine>
            <TextLine id="r1l27" custom="readingOrder {index:26;}">
                <Coords points="1749,1360 2910,1330 2964,1319 2963,1278 1747,1295"/>
                <Baseline points="1767,1330 1829,1330 1891,1329 1953,1328 2015,1326 2077,1325 2139,1323 2201,1321 2263,1319 2325,1317 2387,1315 2449,1312 2511,1311 2573,1309 2635,1307 2697,1305 2759,1304 2821,1303 2883,1302 2946,1301"/>
                <TextEquiv>
                    <Unicode>Franzen-Regierung bildel, kam grosse Unzufriedenheit und Er¬</Unicode>
                </TextEquiv>
            </TextLine>
            <TextLine id="r1l28" custom="readingOrder {index:27;}">
                <Coords points="498,1384 1737,1344 1685,1297 1366,1287 497,1320"/>
                <Baseline points="515,1365 575,1363 635,1363 695,1361 756,1360 816,1359 876,1358 937,1357 997,1356 1057,1354 1118,1353 1178,1352 1238,1350 1298,1349 1359,1348 1419,1346 1479,1345 1540,1343 1600,1341 1660,1339 1721,1337"/>
                <TextEquiv>
                    <Unicode>tigkeit des Geschäfts, die „Mischung der Risiken“, gab in</Unicode>
                </TextEquiv>
            </TextLine>
            <TextLine id="r1l29" custom="readingOrder {index:28;}">
                <Coords points="2984,1443 3076,1435 3106,1444 3130,1427 3140,1437 3232,1445 3299,1431 3298,1386 3251,1381 3224,1398 3173,1375 3153,1393 3126,1386 3112,1400 3085,1380 3048,1391 3031,1381 2983,1386"/>
                <Baseline points="3001,1429 3026,1430 3052,1430 3077,1430 3103,1430 3129,1429 3154,1429 3180,1427 3206,1427 3231,1426 3257,1426 3283,1425"/>
                <TextEquiv>
                    <Unicode>hat in seiner </Unicode>
                </TextEquiv>
            </TextLine>
            <TextLine id="r1l30" custom="readingOrder {index:29;}">
                <Coords points="511,1456 527,1452 534,1439 542,1441 558,1436 545,1390 516,1399 514,1403 497,1408"/>
                <Baseline points="525,1439 539,1435"/>
                <TextEquiv>
                    <Unicode>a</Unicode>
                </TextEquiv>
            </TextLine>
            <TextLine id="r1l31" custom="readingOrder {index:30;}">
                <Coords points="1750,1463 2875,1461 2962,1441 2961,1391 1749,1426"/>
                <Baseline points="1768,1458 1826,1457 1885,1456 1944,1455 2003,1453 2062,1451 2121,1449 2180,1447 2239,1445 2298,1442 2357,1440 2415,1438 2474,1436 2533,1435 2592,1433 2651,1431 2710,1430 2769,1429 2828,1429 2887,1429 2946,1430"/>
                <TextEquiv>
                    <Unicode>Geistigkeit dieses Arztes für menschliche Leidenschaft, und der</Unicode>
                </TextEquiv>
            </TextLine>
            <TextLine id="r1l32" custom="readingOrder {index:31;}">
                <Coords points="2984,1480 3066,1478 3140,1493 3164,1478 3313,1481 3312,1430 3264,1428 3231,1443 3166,1441 3128,1425 3105,1446 3078,1437 2983,1443"/>
                <Baseline points="3002,1474 3028,1474 3055,1473 3081,1472 3108,1472 3134,1471 3161,1471 3187,1470 3214,1469 3240,1468 3267,1467 3294,1466"/>
                <TextEquiv>
                    <Unicode>deren Mann geh</Unicode>
                </TextEquiv>
            </TextLine>
            <TextLine id="r1l33" custom="readingOrder {index:32;}">
                <Coords points="1757,1533 1928,1501 1942,1515 2281,1502 2331,1487 2330,1440 2215,1460 1755,1466"/>
                <Baseline points="1771,1501 1798,1501 1825,1500 1852,1500 1879,1499 1906,1499 1933,1498 1960,1498 1987,1497 2014,1496 2042,1495 2069,1495 2096,1494 2123,1493 2150,1492 2177,1492 2204,1490 2231,1490 2258,1488 2285,1487 2313,1486"/>
                <TextEquiv>
                    <Unicode>Zweifler gibt sich gefangen.</Unicode>
                </TextEquiv>
            </TextLine>
            <TextLine id="r1l34" custom="readingOrder {index:33;}">
                <Coords points="2990,1533 3023,1522 3118,1530 3138,1515 3159,1528 3240,1516 3274,1529 3304,1514 3303,1474 3164,1477 3141,1492 3113,1479 2988,1482"/>
                <Baseline points="3006,1518 3031,1517 3057,1517 3082,1517 3108,1516 3134,1515 3159,1514 3185,1514 3211,1512 3236,1512 3262,1511 3288,1511"/>
                <TextEquiv>
                    <Unicode>stehen, aber es</Unicode>
                </TextEquiv>
            </TextLine>
            <TextLine id="r1l35" custom="readingOrder {index:34;}">
                <Coords points="1806,1557 2967,1521 2965,1460 2911,1448 1805,1510"/>
                <Baseline points="1824,1544 1880,1542 1936,1541 1993,1539 2049,1538 2105,1537 2162,1535 2218,1534 2274,1532 2331,1530 2387,1528 2443,1527 2500,1525 2556,1523 2612,1522 2669,1520 2725,1518 2781,1517 2838,1515 2894,1514 2951,1512"/>
                <TextEquiv>
                    <Unicode>Neugierig darf man aber darauf sein, wie die Pariser Kritik</Unicode>
                </TextEquiv>
            </TextLine>
            <TextLine id="r1l36" custom="readingOrder {index:35;}">
                <Coords points="2984,1571 3035,1570 3062,1582 3082,1565 3126,1577 3160,1559 3187,1572 3265,1556 3275,1566 3306,1561 3304,1514 3274,1529 3240,1516 3216,1527 3135,1516 3122,1530 2983,1524"/>
                <Baseline points="2999,1560 3025,1560 3051,1560 3078,1559 3104,1558 3130,1558 3157,1556 3183,1556 3209,1554 3236,1554 3262,1553 3289,1553"/>
                <TextEquiv>
                    <Unicode>Ankunft auch</Unicode>
                </TextEquiv>
            </TextLine>
            <TextLine id="r1l37" custom="readingOrder {index:36;}">
                <Coords points="566,1593 1585,1592 1710,1576 1708,1481 1305,1490 1084,1447 852,1516 752,1464 563,1475"/>
                <Baseline points="581,1582 636,1580 692,1579 747,1578 803,1577 859,1576 914,1575 970,1574 1025,1573 1081,1571 1137,1570 1192,1569 1248,1569 1303,1568 1359,1566 1415,1565 1470,1564 1526,1562 1581,1560 1637,1558 1693,1556"/>
                <TextEquiv>
                    <Unicode>Die Deutsche Bühne in Paris.</Unicode>
                </TextEquiv>
            </TextLine>
            <TextLine id="r1l38" custom="readingOrder {index:37;}">
                <Coords points="1765,1598 2828,1582 2963,1568 2962,1531 1763,1533"/>
                <Baseline points="1782,1593 1840,1590 1898,1588 1956,1586 2015,1584 2073,1581 2131,1580 2189,1578 2248,1577 2306,1575 2364,1574 2422,1573 2481,1571 2539,1570 2597,1568 2655,1567 2714,1565 2772,1564 2830,1562 2888,1560 2947,1558"/>
                <TextEquiv>
                    <Unicode>diese drei Einakter beurteilen wird, aus deren jedem der fran¬</Unicode>
                </TextEquiv>
            </TextLine>
            <TextLine id="r1l39" custom="readingOrder {index:38;}">
                <Coords points="2983,1608 3121,1614 3138,1597 3172,1614 3308,1613 3307,1562 3186,1570 3165,1556 3128,1573 3067,1574 3050,1564 2982,1564"/>
                <Baseline points="2999,1602 3025,1602 3052,1601 3078,1601 3105,1602 3132,1602 3158,1602 3185,1602 3212,1602 3238,1601 3265,1600 3292,1598"/>
                <TextEquiv>
                    <Unicode>er die Geschich</Unicode>
                </TextEquiv>
            </TextLine>
            <TextLine id="r1l40" custom="readingOrder {index:39;}">
                <Coords points="1761,1647 2957,1622 2969,1570 1760,1599"/>
                <Baseline points="1779,1634 1837,1632 1896,1631 1955,1629 2013,1627 2072,1626 2131,1625 2189,1624 2248,1622 2307,1621 2366,1620 2424,1619 2483,1617 2542,1615 2600,1614 2659,1612 2718,1610 2776,1608 2835,1605 2894,1602 2953,1600"/>
                <TextEquiv>
                    <Unicode>zösische „Meister“. Henry Bernslein ein Drama in fünf Akten</Unicode>
                </TextEquiv>
            </TextLine>
            <TextLine id="r1l41" custom="readingOrder {index:40;}">
                <Coords points="2977,1648 3028,1660 3309,1652 3307,1601 3237,1613 3152,1602 3132,1613 3057,1602 3037,1616 2976,1611"/>
                <Baseline points="2994,1648 3021,1647 3048,1646 3075,1644 3102,1644 3129,1643 3157,1642 3184,1641 3211,1640 3238,1640 3265,1640 3293,1639"/>
                <TextEquiv>
                    <Unicode>liebten Gattinne</Unicode>
                </TextEquiv>
            </TextLine>
            <TextLine id="r1l42" custom="readingOrder {index:41;}">
                <Coords points="674,1675 1114,1686 1578,1645 1576,1581 1448,1611 1407,1584 1360,1613 673,1618"/>
                <Baseline points="691,1663 734,1663 778,1662 821,1662 865,1661 908,1660 952,1659 995,1658 1039,1657 1082,1656 1126,1655 1169,1653 1213,1652 1256,1651 1300,1650 1343,1649 1387,1648 1430,1648 1474,1647 1517,1647 1561,1647"/>
                <TextEquiv>
                    <Unicode>Schnitzlers „Komüdie der Worle“.</Unicode>
                </TextEquiv>
            </TextLine>
            <TextLine id="r1l43" custom="readingOrder {index:42;}">
                <Coords points="1764,1686 2973,1655 2972,1615 2727,1608 1763,1645"/>
                <Baseline points="1780,1676 1838,1675 1897,1673 1956,1672 2015,1671 2074,1670 2133,1669 2191,1668 2250,1666 2309,1665 2368,1664 2427,1662 2486,1661 2545,1659 2603,1657 2662,1655 2721,1653 2780,1650 2839,1647 2898,1644 2957,1640"/>
                <TextEquiv>
                    <Unicode>oder, nach neuem Schema, in zehn Bildern gemacht haben würde.</Unicode>
                </TextEquiv>
            </TextLine>
            <TextLine id="r1l44" custom="readingOrder {index:43;}">
                <Coords points="2990,1706 3024,1695 3044,1705 3153,1702 3179,1688 3278,1696 3308,1681 3307,1644 3185,1657 2989,1655"/>
                <Baseline points="3008,1693 3033,1691 3059,1690 3085,1688 3111,1688 3137,1687 3162,1687 3188,1686 3214,1686 3240,1686 3266,1685 3292,1684"/>
                <TextEquiv>
                    <Unicode>legenheit wird</Unicode>
                </TextEquiv>
            </TextLine>
            <TextLine id="r1l45" custom="readingOrder {index:44;}">
                <Coords points="1770,1728 2951,1708 2973,1646 1768,1684"/>
                <Baseline points="1788,1719 1846,1718 1905,1716 1963,1715 2022,1714 2080,1713 2139,1711 2197,1710 2256,1709 2314,1707 2373,1706 2432,1705 2490,1703 2549,1702 2607,1700 2666,1698 2724,1696 2783,1694 2841,1692 2900,1689 2959,1686"/>
                <TextEquiv>
                    <Unicode>Wer dem für Franzosen schwer verständlichen Dialog in allen</Unicode>
                </TextEquiv>
            </TextLine>
            <TextLine id="r1l46" custom="readingOrder {index:45;}">
                <Coords points="1327,1743 1364,1732 1490,1742 1547,1716 1585,1736 1635,1717 1676,1737 1717,1736 1714,1648 1667,1652 1647,1673 1600,1674 1565,1648 1549,1666 1356,1664 1326,1678"/>
                <Baseline points="1343,1718 1368,1717 1393,1717 1419,1716 1444,1715 1470,1715 1495,1714 1521,1713 1546,1712 1571,1712 1597,1711 1622,1711 1648,1710 1673,1709 1699,1708"/>
                <TextEquiv>
                    <Unicode>(Nachdruck verboten.)</Unicode>
                </TextEquiv>
            </TextLine>
            <TextLine id="r1l47" custom="readingOrder {index:46;}">
                <Coords points="1073,1730 1097,1727 1114,1737 1134,1730 1148,1737 1168,1730 1185,1713 1209,1717 1209,1663 1175,1663 1165,1669 1158,1663 1148,1669 1141,1666 1124,1683 1114,1683 1090,1666 1073,1666"/>
                <Baseline points="1091,1724 1116,1720 1141,1719 1166,1720 1191,1724"/>
                <TextEquiv>
                    <Unicode>Von</Unicode>
                </TextEquiv>
            </TextLine>
            <TextLine id="r1l48" custom="readingOrder {index:47;}">
                <Coords points="2987,1741 3106,1746 3187,1731 3210,1741 3275,1740 3298,1736 3298,1706 3193,1684 3152,1701 3071,1695 3054,1679 3034,1693 2986,1690"/>
                <Baseline points="3005,1733 3030,1732 3055,1732 3080,1731 3105,1731 3130,1730 3156,1730 3181,1730 3206,1729 3231,1729 3256,1729 3282,1730"/>
                <TextEquiv>
                    <Unicode>Gewissen hat.</Unicode>
                </TextEquiv>
            </TextLine>
            <TextLine id="r1l49" custom="readingOrder {index:48;}">
                <Coords points="1769,1775 2984,1743 2982,1672 1767,1727"/>
                <Baseline points="1786,1764 1845,1763 1904,1762 1963,1761 2022,1759 2081,1758 2140,1757 2199,1756 2258,1754 2317,1753 2377,1751 2436,1750 2495,1748 2554,1746 2613,1744 2672,1742 2731,1740 2790,1737 2849,1735 2908,1731 2968,1728"/>
                <TextEquiv>
                    <Unicode>Feinheiten folgen konnte, der musste zu der Entdeckung ge¬</Unicode>
                </TextEquiv>
            </TextLine>
            <TextLine id="r1l50" custom="readingOrder {index:49;}">
                <Coords points="2993,1782 3172,1786 3223,1774 3260,1784 3311,1773 3310,1742 3239,1733 2992,1742"/>
                <Baseline points="3010,1778 3035,1776 3061,1774 3087,1772 3113,1772 3139,1771 3164,1771 3190,1771 3216,1771 3242,1771 3268,1771 3294,1770"/>
                <TextEquiv>
                    <Unicode>auch reisst aus</Unicode>
                </TextEquiv>
            </TextLine>
            <TextLine id="r1l51" custom="readingOrder {index:50;}">
                <Coords points="841,1814 1427,1801 1426,1747 1399,1757 1314,1725 1287,1749 1229,1723 1182,1741 1100,1728 1077,1746 840,1750"/>
                <Baseline points="857,1795 884,1795 912,1795 940,1795 967,1795 995,1795 1023,1794 1050,1794 1078,1793 1106,1792 1134,1791 1161,1791 1189,1790 1217,1789 1244,1789 1272,1788 1300,1788 1327,1788 1355,1788 1383,1788 1411,1788"/>
                <TextEquiv>
                    <Unicode>PAUL BLOCK (Paris).</Unicode>
                </TextEquiv>
            </TextLine>
            <TextLine id="r1l52" custom="readingOrder {index:51;}">
                <Coords points="1767,1818 2973,1784 2971,1737 2906,1722 1766,1774"/>
                <Baseline points="1785,1807 1843,1807 1902,1806 1960,1805 2019,1804 2077,1803 2136,1802 2194,1800 2253,1798 2311,1796 2370,1794 2428,1792 2487,1790 2545,1788 2604,1786 2662,1783 2721,1782 2779,1779 2838,1777 2896,1775 2955,1774"/>
                <TextEquiv>
                    <Unicode>langen, dass Schnitzler mit dem französischen Theater geistig</Unicode>
                </TextEquiv>
            </TextLine>
            <TextLine id="r1l53" custom="readingOrder {index:52;}">
                <Coords points="2981,1823 3080,1831 3113,1813 3219,1835 3286,1820 3317,1830 3316,1782 3289,1773 3258,1784 3245,1774 3174,1785 3102,1773 3028,1785 2981,1779"/>
                <Baseline points="2998,1821 3023,1819 3048,1818 3073,1817 3098,1816 3123,1816 3149,1816 3174,1816 3199,1816 3224,1815 3249,1815 3274,1814 3300,1812"/>
                <TextEquiv>
                    <Unicode>lich? Unabänd</Unicode>
                </TextEquiv>
            </TextLine>
            <TextLine id="r1l54" custom="readingOrder {index:53;}">
                <Coords points="1770,1865 2958,1838 2983,1776 1768,1817"/>
                <Baseline points="1785,1851 1844,1850 1903,1849 1962,1848 2021,1846 2080,1845 2139,1844 2198,1842 2257,1841 2316,1840 2376,1838 2435,1837 2494,1835 2553,1833 2612,1831 2671,1829 2730,1827 2789,1825 2848,1822 2907,1820 2967,1817"/>
                <TextEquiv>
                    <Unicode>nahe verbunden ist. Auch Schnitzler redet viel über die Liebe</Unicode>
                </TextEquiv>
            </TextLine>
            <TextLine id="r1l55" custom="readingOrder {index:54;}">
                <Coords points="2995,1870 3066,1876 3097,1863 3171,1873 3236,1856 3246,1866 3314,1873 3314,1829 3202,1822 3171,1832 3107,1812 3080,1832 2995,1826"/>
                <Baseline points="3011,1861 3037,1860 3063,1860 3089,1860 3115,1860 3141,1860 3167,1860 3193,1860 3219,1860 3245,1860 3271,1860 3298,1860"/>
                <TextEquiv>
                    <Unicode>Die Bühne und</Unicode>
                </TextEquiv>
            </TextLine>
            <TextLine id="r1l56" custom="readingOrder {index:55;}">
                <Coords points="564,1891 1749,1865 1747,1800 1669,1785 873,1806 823,1845 562,1813"/>
                <Baseline points="579,1876 636,1875 694,1874 751,1873 809,1872 866,1871 924,1870 981,1868 1039,1867 1096,1866 1154,1864 1212,1863 1269,1862 1327,1861 1384,1859 1442,1858 1499,1856 1557,1855 1614,1854 1672,1852 1730,1851"/>
                <TextEquiv>
                    <Unicode>Die zweile deutsche Aufführung der lapferen Schweizerin</Unicode>
                </TextEquiv>
            </TextLine>
            <TextLine id="r1l57" custom="readingOrder {index:56;}">
                <Coords points="1760,1902 2837,1886 2972,1869 2971,1822 1759,1872"/>
                <Baseline points="1778,1894 1836,1893 1895,1892 1954,1891 2013,1890 2071,1889 2130,1887 2189,1886 2248,1885 2306,1883 2365,1882 2424,1880 2483,1878 2541,1876 2600,1874 2659,1873 2718,1870 2776,1868 2835,1866 2894,1864 2953,1862"/>
                <TextEquiv>
                    <Unicode>und alles Drum und Dran der Liebe, alle seine Gestalten setzen</Unicode>
                </TextEquiv>
            </TextLine>
            <TextLine id="r1l58" custom="readingOrder {index:57;}">
                <Coords points="2997,1918 3014,1918 3035,1938 3072,1910 3224,1908 3241,1918 3312,1907 3312,1866 3247,1867 3227,1854 3163,1872 3095,1862 3068,1876 2997,1871"/>
                <Baseline points="3013,1903 3038,1904 3064,1904 3089,1903 3115,1902 3140,1902 3166,1901 3191,1900 3217,1900 3242,1900 3268,1901 3294,1902"/>
                <TextEquiv>
                    <Unicode>Dunkelheit tönt</Unicode>
                </TextEquiv>
            </TextLine>
            <TextLine id="r1l59" custom="readingOrder {index:58;}">
                <Coords points="517,1932 1719,1906 1755,1844 1143,1880 515,1857"/>
                <Baseline points="535,1920 595,1919 655,1919 715,1918 775,1917 836,1916 896,1914 956,1913 1016,1911 1076,1910 1137,1908 1197,1907 1257,1905 1317,1904 1377,1902 1438,1900 1498,1899 1558,1897 1618,1896 1678,1894 1739,1893"/>
                <TextEquiv>
                    <Unicode>Dr. Georgette Boner und ihrer künstlerischen Mitarbeiter im</Unicode>
                </TextEquiv>
            </TextLine>
            <TextLine id="r1l60" custom="readingOrder {index:59;}">
                <Coords points="1758,1954 2976,1917 2975,1863 1756,1906"/>
                <Baseline points="1773,1938 1832,1937 1891,1936 1950,1935 2010,1934 2069,1932 2128,1931 2188,1930 2247,1928 2306,1927 2366,1925 2425,1924 2484,1922 2543,1921 2603,1918 2662,1917 2721,1915 2781,1912 2840,1910 2899,1907 2959,1904"/>
                <TextEquiv>
                    <Unicode>ihre Gefühle analytisch auseinander, und was den alten Glanz</Unicode>
                </TextEquiv>
            </TextLine>
            <TextLine id="r1l61" custom="readingOrder {index:60;}">
                <Coords points="3040,1945 3081,1958 3118,1947 3128,1957 3183,1959 3193,1952 3233,1958 3254,1951 3264,1961 3304,1953 3303,1906 3199,1915 3134,1909 3121,1917 3093,1907 3039,1912"/>
                <Baseline points="3058,1949 3083,1946 3109,1945 3134,1944 3160,1943 3185,1942 3211,1942 3236,1942 3262,1943 3288,1943"/>
                <TextEquiv>
                    <Unicode>In dieser epi</Unicode>
                </TextEquiv>
            </TextLine>
            <TextLine id="r1l62" custom="readingOrder {index:61;}">
                <Coords points="521,1978 1754,1947 1753,1907 1654,1889 520,1930"/>
                <Baseline points="537,1967 597,1966 657,1965 717,1964 777,1962 837,1961 897,1960 957,1958 1017,1956 1077,1955 1137,1953 1197,1951 1257,1950 1317,1948 1377,1946 1437,1944 1497,1942 1557,1941 1617,1939 1677,1937 1737,1935"/>
                <TextEquiv>
                    <Unicode>Studio des Champs Elysées. Ein Dichter aus Oesterreich, Schau¬</Unicode>
                </TextEquiv>
            </TextLine>
            <TextLine id="r1l63" custom="readingOrder {index:62;}">
                <Coords points="1770,1996 2988,1945 2960,1909 1769,1946"/>
                <Baseline points="1786,1984 1845,1982 1904,1980 1963,1978 2023,1976 2082,1975 2141,1973 2200,1972 2260,1971 2319,1970 2378,1968 2437,1967 2497,1966 2556,1964 2615,1962 2674,1960 2734,1958 2793,1956 2852,1953 2911,1950 2971,1946"/>
                <TextEquiv>
                    <Unicode>des französischen Schauspiels aus der grossen Periode ausmacht,</Unicode>
                </TextEquiv>
            </TextLine>
            <TextLine id="r1l64" custom="readingOrder {index:63;}">
                <Coords points="2995,2002 3219,2003 3232,1990 3246,2000 3314,1999 3313,1952 3076,1957 3028,1931 3015,1945 2995,1945"/>
                <Baseline points="3013,1993 3038,1992 3064,1991 3090,1991 3116,1990 3142,1991 3167,1991 3193,1991 3219,1991 3245,1990 3271,1989 3297,1987"/>
                <TextEquiv>
                    <Unicode>Aufführung von</Unicode>
                </TextEquiv>
            </TextLine>
            <TextLine id="r1l65" custom="readingOrder {index:64;}">
                <Coords points="520,2026 1749,1987 1728,1943 519,1961"/>
                <Baseline points="536,2014 595,2012 655,2010 715,2008 775,2007 834,2005 894,2003 954,2002 1014,2001 1073,1999 1133,1999 1193,1997 1253,1996 1312,1994 1372,1993 1432,1991 1492,1989 1551,1987 1611,1985 1671,1982 1731,1979"/>
                <TextEquiv>
                    <Unicode>spieler aus Wien, Berlin und Düsseldorf, die Spielordnerin aus</Unicode>
                </TextEquiv>
            </TextLine>
            <TextLine id="r1l66" custom="readingOrder {index:65;}">
                <Coords points="1764,2031 2983,1997 2981,1936 1763,1987"/>
                <Baseline points="1782,2029 1841,2026 1900,2023 1959,2021 2019,2019 2078,2018 2137,2016 2196,2015 2256,2013 2315,2012 2374,2011 2433,2010 2493,2009 2552,2007 2611,2005 2670,2004 2730,2002 2789,1999 2848,1997 2907,1993 2967,1989"/>
                <TextEquiv>
                    <Unicode>das pointierte Wort, der auf geistige Wirkung ausgearbeitete</Unicode>
                </TextEquiv>
            </TextLine>
            <TextLine id="r1l67" custom="readingOrder {index:66;}">
                <Coords points="2992,2055 3019,2044 3148,2049 3158,2038 3226,2040 3243,2050 3260,2036 3290,2043 3310,2039 3310,1992 3221,1980 3167,1997 2991,2004"/>
                <Baseline points="3010,2036 3035,2035 3061,2034 3087,2034 3112,2034 3138,2033 3164,2033 3190,2032 3215,2032 3241,2031 3267,2031 3293,2031"/>
                <TextEquiv>
                    <Unicode>Schauspieler, E</Unicode>
                </TextEquiv>
            </TextLine>
            <TextLine id="r1l68" custom="readingOrder {index:67;}">
                <Coords points="526,2063 1745,2046 1743,1989 525,2023"/>
                <Baseline points="541,2055 600,2054 659,2052 719,2051 778,2049 838,2048 897,2047 956,2045 1016,2044 1075,2043 1135,2042 1194,2040 1253,2039 1313,2037 1372,2036 1432,2034 1491,2032 1550,2031 1610,2028 1669,2026 1729,2023"/>
                <TextEquiv>
                    <Unicode>dem Bündner Lund, nicht gerade reichsdeutsch alles zusammen.</Unicode>
                </TextEquiv>
            </TextLine>
            <TextLine id="r1l69" custom="readingOrder {index:68;}">
                <Coords points="1772,2079 2953,2048 2985,1992 1770,2032"/>
                <Baseline points="1788,2071 1847,2069 1906,2067 1965,2066 2024,2064 2083,2063 2142,2061 2201,2060 2260,2058 2319,2056 2378,2055 2437,2053 2496,2052 2555,2050 2614,2048 2673,2046 2732,2044 2791,2042 2850,2040 2909,2037 2968,2034"/>
                <TextEquiv>
                    <Unicode>Satz, die innere Problemalik einer ganz äusserlichen Gesell¬</Unicode>
                </TextEquiv>
            </TextLine>
            <TextLine id="r1l70" custom="readingOrder {index:69;}">
                <Coords points="3000,2086 3139,2094 3159,2083 3217,2082 3234,2092 3247,2081 3288,2087 3322,2077 3321,2049 3277,2037 3240,2048 3138,2029 3128,2040 3000,2045"/>
                <Baseline points="3016,2078 3042,2077 3068,2077 3094,2076 3120,2076 3146,2075 3173,2075 3199,2074 3225,2074 3251,2073 3277,2073 3304,2072"/>
                <TextEquiv>
                    <Unicode>Gelegenheit, sich</Unicode>
                </TextEquiv>
            </TextLine>
            <TextLine id="r1l71" custom="readingOrder {index:70;}">
                <Coords points="522,2099 1751,2073 1749,2026 521,2068"/>
                <Baseline points="538,2100 597,2098 657,2097 717,2095 777,2094 836,2092 896,2091 956,2090 1016,2088 1075,2087 1135,2085 1195,2083 1255,2082 1314,2080 1374,2078 1434,2076 1494,2074 1553,2071 1613,2069 1673,2066 1733,2063"/>
                <TextEquiv>
                    <Unicode>aber doch in Ton, Stimmung und Ziel deutsches Kollekliv. Poli¬</Unicode>
                </TextEquiv>
            </TextLine>
            <TextLine id="r1l72" custom="readingOrder {index:71;}">
                <Coords points="1764,2125 2990,2097 2958,2037 1763,2074"/>
                <Baseline points="1781,2113 1840,2112 1900,2111 1959,2109 2019,2108 2078,2107 2138,2105 2197,2104 2257,2103 2316,2101 2376,2099 2435,2098 2495,2096 2554,2094 2614,2092 2673,2090 2733,2088 2792,2086 2852,2084 2911,2081 2971,2079"/>
                <TextEquiv>
                    <Unicode>schaft, das glitzert und blendet auch bei dem Arthur Schnitzler</Unicode>
                </TextEquiv>
            </TextLine>
            <TextLine id="r1l73" custom="readingOrder {index:72;}">
                <Coords points="3000,2129 3095,2136 3153,2125 3187,2134 3312,2127 3311,2083 3257,2088 3226,2075 3148,2091 2999,2085"/>
                <Baseline points="3017,2121 3042,2122 3067,2122 3093,2121 3118,2120 3143,2120 3169,2118 3194,2118 3219,2117 3245,2116 3270,2116 3296,2116"/>
                <TextEquiv>
                    <Unicode>Jensen trat vor</Unicode>
                </TextEquiv>
            </TextLine>
            <TextLine id="r1l74" custom="readingOrder {index:73;}">
                <Coords points="529,2145 1761,2108 1716,2072 529,2115"/>
                <Baseline points="545,2145 604,2143 664,2141 724,2140 784,2138 844,2136 904,2134 964,2133 1024,2131 1084,2129 1144,2128 1203,2126 1263,2124 1323,2122 1383,2120 1443,2118 1503,2116 1563,2115 1623,2112 1683,2110 1743,2107"/>
                <TextEquiv>
                    <Unicode>tisch ist Paris zur Zeit nicht für Manifestationen deutscher Art</Unicode>
                </TextEquiv>
            </TextLine>
            <TextLine id="r1l75" custom="readingOrder {index:74;}">
                <Coords points="1773,2170 2860,2156 2995,2139 2993,2085 1771,2119"/>
                <Baseline points="1789,2155 1848,2153 1908,2152 1967,2151 2027,2149 2086,2147 2146,2146 2205,2145 2265,2143 2324,2142 2384,2141 2443,2139 2503,2138 2562,2136 2622,2135 2681,2133 2741,2131 2800,2129 2860,2127 2919,2126 2979,2124"/>
                <TextEquiv>
                    <Unicode>der vorletzten Periode. Es ist aber-doch ein echteres Leuchten</Unicode>
                </TextEquiv>
            </TextLine>
            <TextLine id="r1l76" custom="readingOrder {index:75;}">
                <Coords points="3006,2176 3138,2175 3166,2188 3196,2170 3233,2179 3321,2170 3320,2126 3292,2117 3232,2129 3154,2124 3127,2135 3005,2132"/>
                <Baseline points="3021,2165 3046,2166 3072,2166 3097,2166 3123,2165 3149,2164 3174,2163 3200,2162 3226,2161 3251,2160 3277,2159 3303,2159"/>
                <TextEquiv>
                    <Unicode>Bahnhofsportien</Unicode>
                </TextEquiv>
            </TextLine>
            <TextLine id="r1l77" custom="readingOrder {index:76;}">
                <Coords points="529,2193 1748,2171 1746,2113 527,2149"/>
                <Baseline points="544,2188 603,2187 662,2185 721,2183 781,2182 840,2180 899,2178 958,2177 1018,2176 1077,2174 1136,2173 1195,2171 1255,2169 1314,2167 1373,2165 1432,2164 1492,2161 1551,2159 1610,2157 1669,2155 1729,2151"/>
                <TextEquiv>
                    <Unicode>eingenommen, aber dies ist doch ein anderes, weniger lärmen¬</Unicode>
                </TextEquiv>
            </TextLine>
            <TextLine id="r1l78" custom="readingOrder {index:77;}">
                <Coords points="1772,2214 1813,2227 1839,2205 2154,2193 2212,2209 2326,2189 2325,2151 1770,2170"/>
                <Baseline points="1788,2198 1814,2198 1840,2198 1866,2197 1892,2197 1918,2197 1944,2196 1970,2196 1996,2195 2022,2194 2048,2193 2074,2193 2100,2192 2126,2191 2152,2190 2178,2189 2204,2188 2230,2187 2256,2186 2282,2186 2309,2185"/>
                <TextEquiv>
                    <Unicode>und ein schöneres Funkein.</Unicode>
                </TextEquiv>
            </TextLine>
            <TextLine id="r1l79" custom="readingOrder {index:78;}">
                <Coords points="2996,2226 3121,2213 3149,2223 3162,2209 3172,2219 3240,2207 3257,2220 3325,2212 3324,2172 3300,2169 3229,2177 3202,2167 3172,2182 3134,2169 2995,2172"/>
                <Baseline points="3014,2210 3040,2209 3067,2209 3093,2209 3120,2209 3146,2208 3173,2208 3199,2207 3226,2206 3252,2205 3279,2204 3306,2203"/>
                <TextEquiv>
                    <Unicode>Humor, ein re#</Unicode>
                </TextEquiv>
            </TextLine>
            <TextLine id="r1l80" custom="readingOrder {index:79;}">
                <Coords points="529,2238 1748,2219 1746,2158 528,2204"/>
                <Baseline points="546,2231 605,2229 664,2227 723,2226 783,2224 842,2223 901,2221 960,2220 1020,2218 1079,2216 1138,2215 1197,2213 1257,2211 1316,2209 1375,2208 1434,2206 1494,2204 1553,2202 1612,2200 1671,2198 1731,2196"/>
                <TextEquiv>
                    <Unicode>des Theater als das Breslauer Spektakelslück. Es war also wieder</Unicode>
                </TextEquiv>
            </TextLine>
            <TextLine id="r1l81" custom="readingOrder {index:80;}">
                <Coords points="1814,2254 2961,2221 2986,2149 1812,2203"/>
                <Baseline points="1831,2239 1888,2239 1945,2239 2002,2239 2059,2238 2116,2236 2173,2235 2230,2233 2287,2232 2344,2230 2401,2228 2458,2226 2515,2224 2572,2222 2629,2220 2686,2218 2743,2216 2800,2214 2857,2213 2914,2211 2972,2210"/>
                <TextEquiv>
                    <Unicode>Der erste Einakter „Stunde der Erkenntnis“ zeigt (soll man</Unicode>
                </TextEquiv>
            </TextLine>
            <TextLine id="r1l82" custom="readingOrder {index:81;}">
                <Coords points="2997,2268 3020,2260 3136,2268 3145,2258 3179,2264 3189,2253 3227,2266 3237,2256 3288,2261 3315,2254 3314,2210 3260,2225 3243,2208 3185,2223 3165,2210 3141,2221 3107,2214 2996,2224"/>
                <Baseline points="3015,2255 3040,2254 3066,2253 3092,2252 3117,2252 3143,2251 3169,2251 3195,2250 3220,2250 3246,2249 3272,2249 3298,2248"/>
                <TextEquiv>
                    <Unicode>Aufgabe, ein</Unicode>
                </TextEquiv>
            </TextLine>
            <TextLine id="r1l83" custom="readingOrder {index:82;}">
                <Coords points="525,2285 1666,2258 1763,2238 1762,2184 524,2237"/>
                <Baseline points="540,2274 600,2273 660,2271 720,2270 781,2268 841,2266 901,2264 962,2263 1022,2261 1082,2260 1143,2258 1203,2256 1263,2254 1323,2253 1384,2251 1444,2249 1504,2247 1565,2245 1625,2242 1685,2240 1746,2238"/>
                <TextEquiv>
                    <Unicode>ein Erfolg. Es war ein Erfolg für die Schauspieler und die Spiel¬</Unicode>
                </TextEquiv>
            </TextLine>
            <TextLine id="r1l84" custom="readingOrder {index:83;}">
                <Coords points="1761,2303 2986,2268 2985,2217 1759,2239"/>
                <Baseline points="1778,2289 1837,2287 1897,2286 1956,2284 2016,2282 2076,2280 2135,2278 2195,2276 2254,2275 2314,2273 2374,2271 2433,2269 2493,2267 2552,2265 2612,2264 2672,2262 2731,2261 2791,2259 2850,2258 2910,2257 2970,2256"/>
                <TextEquiv>
                    <Unicode>für das junge Deutschland „bekanntlich“ sagen?) das Ehepaar,</Unicode>
                </TextEquiv>
            </TextLine>
            <TextLine id="r1l85" custom="readingOrder {index:84;}">
                <Coords points="3008,2304 3136,2296 3316,2307 3315,2253 3221,2264 3187,2254 3177,2265 3143,2258 3133,2269 3007,2263"/>
                <Baseline points="3025,2295 3050,2296 3075,2296 3100,2295 3125,2295 3150,2295 3175,2294 3200,2294 3225,2293 3250,2293 3275,2293 3300,2294"/>
                <TextEquiv>
                    <Unicode>durfte sich dan</Unicode>
                </TextEquiv>
            </TextLine>
            <TextLine id="r1l86" custom="readingOrder {index:85;}">
                <Coords points="531,2326 1753,2301 1751,2236 530,2282"/>
                <Baseline points="548,2319 607,2317 666,2315 726,2313 785,2312 845,2311 904,2309 964,2307 1023,2306 1083,2304 1142,2303 1201,2301 1261,2300 1320,2298 1380,2296 1439,2294 1499,2292 1558,2290 1618,2288 1677,2285 1737,2283"/>
                <TextEquiv>
                    <Unicode>leiterin, es war auch ein Erfolg für Artbur Schnitzler, obwohl</Unicode>
                </TextEquiv>
            </TextLine>
            <TextLine id="r1l87" custom="readingOrder {index:86;}">
                <Coords points="1772,2343 2957,2317 2996,2248 1771,2299"/>
                <Baseline points="1789,2330 1848,2329 1908,2328 1967,2327 2027,2326 2087,2325 2146,2324 2206,2322 2265,2321 2325,2320 2385,2318 2444,2317 2504,2315 2563,2313 2623,2311 2683,2309 2742,2306 2802,2304 2861,2302 2921,2299 2981,2296"/>
                <TextEquiv>
                    <Unicode>das auseinander geht, nachdem es sich auseinander gelebt hat.</Unicode>
                </TextEquiv>
            </TextLine>
            <TextLine id="r1l88" custom="readingOrder {index:87;}">
                <Coords points="3003,2354 3311,2340 3310,2293 3002,2300"/>
                <Baseline points="3020,2339 3047,2339 3074,2339 3101,2338 3129,2338 3156,2338 3183,2337 3211,2336 3238,2335 3265,2334 3293,2333"/>
                <TextEquiv>
                    <Unicode>entschädigen uf</Unicode>
                </TextEquiv>
            </TextLine>
            <TextLine id="r1l89" custom="readingOrder {index:88;}">
                <Coords points="522,2376 1727,2340 1766,2274 1350,2314 520,2308"/>
                <Baseline points="539,2362 599,2361 660,2359 720,2358 781,2356 841,2355 902,2353 962,2351 1023,2350 1083,2348 1144,2346 1204,2344 1265,2342 1325,2340 1386,2338 1446,2336 1507,2334 1567,2332 1628,2331 1688,2328 1749,2327"/>
                <TextEquiv>
                    <Unicode>diese Trilogie der ehelichen Untreue heute schon anders heissen</Unicode>
                </TextEquiv>
            </TextLine>
            <TextLine id="r1l90" custom="readingOrder {index:89;}">
                <Coords points="1775,2380 2990,2339 2972,2295 1774,2340"/>
                <Baseline points="1791,2372 1850,2370 1909,2369 1968,2368 2027,2366 2086,2365 2145,2365 2205,2364 2264,2363 2323,2362 2382,2361 2441,2360 2500,2359 2559,2358 2619,2355 2678,2353 2737,2351 2796,2348 2855,2344 2914,2340 2974,2336"/>
                <TextEquiv>
                    <Unicode>Zehn Jahre lang glaubte der Mann sich betrogen, von dem glück¬</Unicode>
                </TextEquiv>
            </TextLine>
            <TextLine id="r1l91" custom="readingOrder {index:90;}">
                <Coords points="3001,2390 3130,2393 3150,2383 3218,2401 3252,2384 3313,2386 3312,2342 3224,2351 3000,2346"/>
                <Baseline points="3017,2385 3042,2384 3067,2383 3093,2382 3118,2381 3144,2381 3169,2381 3195,2380 3220,2380 3246,2379 3271,2378 3297,2377"/>
                <TextEquiv>
                    <Unicode>nahme einer K</Unicode>
                </TextEquiv>
            </TextLine>
            <TextLine id="r1l92" custom="readingOrder {index:91;}">
                <Coords points="523,2405 1535,2397 1708,2386 1764,2340 521,2360"/>
                <Baseline points="541,2405 601,2403 661,2401 721,2400 782,2398 842,2396 902,2395 963,2394 1023,2392 1083,2390 1144,2389 1204,2387 1264,2386 1324,2384 1385,2382 1445,2381 1505,2379 1566,2377 1626,2375 1686,2373 1747,2371"/>
                <TextEquiv>
                    <Unicode>müsste: nicht „Komödie der Worte“, sondern „Tragödie allzu¬</Unicode>
                </TextEquiv>
            </TextLine>
            <TextLine id="r1l93" custom="readingOrder {index:92;}">
                <Coords points="1777,2423 2783,2413 2966,2399 2998,2337 1776,2379"/>
                <Baseline points="1793,2416 1852,2414 1912,2412 1971,2411 2031,2409 2090,2408 2150,2407 2209,2406 2269,2404 2328,2403 2388,2402 2447,2401 2507,2399 2566,2398 2626,2396 2685,2394 2745,2392 2804,2390 2864,2387 2923,2384 2983,2381"/>
                <TextEquiv>
                    <Unicode>lichen Freund, der ihn auf allen Feldern des Lebens geschlagen</Unicode>
                </TextEquiv>
            </TextLine>
            <TextLine id="r1l94" custom="readingOrder {index:93;}">
                <Coords points="3004,2439 3210,2429 3275,2436 3312,2428 3311,2374 3254,2382 3210,2402 3196,2389 3149,2383 3088,2397 3003,2391"/>
                <Baseline points="3022,2428 3049,2426 3076,2425 3103,2425 3130,2425 3158,2425 3185,2425 3212,2425 3239,2424 3266,2424 3294,2422"/>
                <TextEquiv>
                    <Unicode>Verdienst. Alff</Unicode>
                </TextEquiv>
            </TextLine>
            <TextLine id="r1l95" custom="readingOrder {index:94;}">
                <Coords points="537,2455 1763,2432 1761,2371 536,2408"/>
                <Baseline points="554,2447 613,2445 673,2443 732,2442 792,2440 851,2438 911,2437 970,2436 1030,2434 1089,2433 1149,2432 1209,2431 1268,2429 1328,2427 1387,2426 1447,2424 1506,2422 1566,2420 1625,2417 1685,2415 1745,2411"/>
                <TextEquiv>
                    <Unicode>vieler Worte“, Ich weiss nicht mehr, wann und wo diese drei</Unicode>
                </TextEquiv>
            </TextLine>
            <TextLine id="r1l96" custom="readingOrder {index:95;}">
                <Coords points="1769,2469 2961,2446 3000,2374 1768,2418"/>
                <Baseline points="1785,2461 1845,2459 1905,2456 1965,2455 2025,2453 2085,2451 2145,2450 2205,2449 2265,2448 2325,2447 2385,2445 2445,2444 2505,2443 2565,2442 2625,2440 2685,2438 2745,2437 2805,2435 2865,2432 2925,2429 2985,2426"/>
                <TextEquiv>
                    <Unicode>hat. Zehn Jahre lang liebte die Frau diesen Freund, ohne ihm</Unicode>
                </TextEquiv>
            </TextLine>
            <TextLine id="r1l97" custom="readingOrder {index:96;}">
                <Coords points="3009,2480 3104,2479 3114,2489 3134,2471 3341,2475 3340,2428 3008,2436"/>
                <Baseline points="3027,2470 3053,2470 3080,2470 3107,2470 3134,2470 3161,2469 3188,2468 3215,2468 3242,2467 3269,2467 3296,2467 3323,2467"/>
                <TextEquiv>
                    <Unicode>Glück und Mal</Unicode>
                </TextEquiv>
            </TextLine>
            <TextLine id="r1l98" custom="readingOrder {index:97;}">
                <Coords points="524,2508 1769,2448 1741,2408 523,2454"/>
                <Baseline points="540,2494 600,2492 661,2490 721,2488 782,2486 842,2484 903,2482 963,2480 1024,2478 1084,2476 1145,2475 1206,2473 1266,2471 1327,2469 1387,2468 1448,2466 1508,2465 1569,2463 1629,2462 1690,2460 1751,2458"/>
                <TextEquiv>
                    <Unicode>Einakter in Berlin zuerst gespielt worden sind. Es muss im</Unicode>
                </TextEquiv>
            </TextLine>
            <TextLine id="r1l99" custom="readingOrder {index:98;}">
                <Coords points="1768,2504 2909,2492 3000,2456 2972,2426 1767,2467"/>
                <Baseline points="1786,2505 1845,2503 1905,2501 1965,2500 2025,2498 2085,2497 2145,2496 2204,2494 2264,2493 2324,2492 2384,2490 2444,2488 2504,2487 2564,2485 2623,2483 2683,2481 2743,2479 2803,2476 2863,2474 2923,2472 2983,2468"/>
                <TextEquiv>
                    <Unicode>anzugehören. Sie schenkte sich einem anderen, aus Barmherzig¬</Unicode>
                </TextEquiv>
            </TextLine>
            <TextLine id="r1l100" custom="readingOrder {index:99;}">
                <Coords points="3010,2520 3088,2522 3132,2535 3162,2517 3237,2526 3257,2516 3294,2519 3318,2512 3317,2468 3009,2483"/>
                <Baseline points="3026,2514 3051,2513 3076,2513 3101,2512 3126,2512 3151,2511 3176,2511 3201,2511 3226,2510 3251,2510 3276,2510 3302,2509"/>
                <TextEquiv>
                    <Unicode>ohne Pathos,</Unicode>
                </TextEquiv>
            </TextLine>
            <TextLine id="r1l101" custom="readingOrder {index:100;}">
                <Coords points="525,2535 1659,2517 1730,2512 1766,2456 524,2508"/>
                <Baseline points="542,2537 602,2536 662,2534 723,2532 783,2530 844,2529 904,2527 965,2525 1025,2523 1086,2522 1146,2520 1206,2518 1267,2516 1327,2514 1388,2513 1448,2510 1509,2508 1569,2507 1630,2504 1690,2502 1751,2500"/>
                <TextEquiv>
                    <Unicode>Kriege gewesen sein, 1915 oder 1916, und wir hutten damals</Unicode>
                </TextEquiv>
            </TextLine>
            <TextLine id="r1l102" custom="readingOrder {index:101;}">
                <Coords points="1772,2559 2977,2526 2985,2468 1770,2508"/>
                <Baseline points="1787,2547 1846,2545 1905,2543 1964,2542 2023,2541 2082,2539 2141,2538 2200,2537 2259,2536 2318,2534 2378,2533 2437,2531 2496,2530 2555,2528 2614,2526 2673,2525 2732,2522 2791,2519 2850,2517 2909,2514 2969,2511"/>
                <TextEquiv>
                    <Unicode>keit, umr einem Unglücklichen etwas Glück zu geben, aber sie</Unicode>
                </TextEquiv>
            </TextLine>
            <TextLine id="r1l103" custom="readingOrder {index:102;}">
                <Coords points="3018,2566 3106,2564 3120,2574 3143,2557 3191,2570 3207,2559 3252,2579 3316,2581 3315,2520 3156,2519 3139,2530 3017,2522"/>
                <Baseline points="3033,2555 3059,2557 3086,2557 3112,2557 3139,2556 3165,2555 3192,2554 3218,2554 3245,2553 3271,2553 3298,2554"/>
                <TextEquiv>
                    <Unicode>Wien, Jaro Fü</Unicode>
                </TextEquiv>
            </TextLine>
            <TextLine id="r1l104" custom="readingOrder {index:103;}">
                <Coords points="537,2590 1766,2549 1764,2494 536,2543"/>
                <Baseline points="554,2580 613,2577 673,2576 733,2574 793,2572 852,2570 912,2568 972,2566 1032,2564 1091,2562 1151,2561 1211,2559 1271,2558 1330,2556 1390,2555 1450,2553 1510,2552 1569,2550 1629,2549 1689,2547 1749,2546"/>
                <TextEquiv>
                    <Unicode>au so viel anderes zu denken. Auch wie ra jener Zeit der Erfolg</Unicode>
                </TextEquiv>
            </TextLine>
            <TextLine id="r1l105" custom="readingOrder {index:104;}">
                <Coords points="1780,2604 2920,2572 2988,2563 2987,2513 1778,2553"/>
                <Baseline points="1797,2589 1855,2587 1914,2586 1973,2584 2031,2583 2090,2582 2149,2581 2207,2580 2266,2579 2325,2578 2384,2576 2442,2575 2501,2574 2560,2573 2618,2571 2677,2569 2736,2567 2794,2565 2853,2562 2912,2558 2971,2555"/>
                <TextEquiv>
                    <Unicode>blieb sonst dem Gatten treu, weil sie meinte, ihm unentbehrlich</Unicode>
                </TextEquiv>
            </TextLine>
            <TextLine id="r1l106" custom="readingOrder {index:105;}">
                <Coords points="3002,2620 3063,2619 3103,2592 3127,2612 3178,2608 3192,2619 3202,2608 3280,2611 3279,2571 3242,2561 3218,2568 3212,2561 3002,2556"/>
                <Baseline points="3018,2599 3045,2600 3072,2600 3099,2599 3126,2599 3153,2598 3180,2598 3207,2598 3234,2598 3261,2600"/>
                <TextEquiv>
                    <Unicode>fest“ Erfolg.</Unicode>
                </TextEquiv>
            </TextLine>
            <TextLine id="r1l107" custom="readingOrder {index:106;}">
                <Coords points="536,2642 1738,2604 1760,2549 535,2588"/>
                <Baseline points="554,2624 613,2622 672,2619 732,2617 791,2615 851,2613 910,2612 970,2610 1029,2609 1089,2607 1148,2606 1207,2604 1267,2603 1326,2602 1386,2600 1445,2599 1505,2597 1564,2596 1624,2594 1683,2593 1743,2591"/>
                <TextEquiv>
                    <Unicode>getvesen iet, weiss ich nicht. Das ist ja auch ganz gleichgiltig;</Unicode>
                </TextEquiv>
            </TextLine>
            <TextLine id="r1l108" custom="readingOrder {index:107;}">
                <Coords points="1776,2650 2971,2623 2999,2561 1774,2609"/>
                <Baseline points="1791,2634 1850,2632 1910,2631 1969,2630 2029,2629 2089,2628 2148,2626 2208,2625 2267,2623 2327,2622 2387,2620 2446,2619 2506,2617 2565,2615 2625,2613 2685,2611 2744,2609 2804,2606 2863,2604 2923,2602 2983,2599"/>
                <TextEquiv>
                    <Unicode>zu sein. Nach der Aussprache mit dem scheidenden Frcund bricht</Unicode>
                </TextEquiv>
            </TextLine>
            <TextLine id="r1l109" custom="readingOrder {index:108;}">
                <Coords points="3061,2652 3180,2652 3193,2638 3207,2651 3237,2655 3271,2644 3298,2647 3298,2603 3274,2610 3261,2600 3179,2608 3101,2595 3061,2602"/>
                <Baseline points="3078,2642 3103,2641 3128,2641 3153,2641 3179,2641 3204,2641 3229,2641 3254,2640 3280,2640"/>
                <TextEquiv>
                    <Unicode>Unter den</Unicode>
                </TextEquiv>
            </TextLine>
            <TextLine id="r1l110" custom="readingOrder {index:109;}">
                <Coords points="527,2671 1763,2654 1761,2587 1540,2583 526,2637"/>
                <Baseline points="545,2667 608,2666 671,2664 734,2662 797,2660 860,2658 923,2657 986,2654 1049,2652 1112,2650 1176,2648 1239,2646 1302,2644 1365,2642 1428,2640 1491,2639 1554,2637 1617,2636 1680,2635 1744,2634"/>
                <TextEquiv>
                    <Unicode>eskommt ja nicht auf das Berlin vor fünfzehn Jahren zu, sondern</Unicode>
                </TextEquiv>
            </TextLine>
            <TextLine id="r1l111" custom="readingOrder {index:110;}">
                <Coords points="1782,2690 2987,2655 2985,2604 1780,2639"/>
                <Baseline points="1797,2675 1855,2674 1914,2673 1973,2672 2031,2671 2090,2670 2149,2669 2207,2668 2266,2667 2325,2666 2384,2664 2442,2663 2501,2662 2560,2660 2618,2658 2677,2656 2736,2653 2794,2651 2853,2648 2912,2645 2971,2641"/>
                <TextEquiv>
                    <Unicode>dieses schwankende Gerüst einer Ehe zusammen. Der Mann</Unicode>
                </TextEquiv>
            </TextLine>
            <TextLine id="r1l112" custom="readingOrder {index:111;}">
                <Coords points="3000,2699 3311,2694 3310,2643 3195,2642 3179,2656 3128,2656 3060,2637 2999,2641"/>
                <Baseline points="3017,2688 3042,2688 3067,2688 3092,2688 3117,2687 3142,2687 3168,2686 3193,2686 3218,2685 3243,2685 3268,2685 3294,2685"/>
                <TextEquiv>
                    <Unicode>kluge, jeder W</Unicode>
                </TextEquiv>
            </TextLine>
            <TextLine id="r1l113" custom="readingOrder {index:112;}">
                <Coords points="530,2711 581,2733 628,2707 696,2719 824,2701 906,2719 1064,2694 1063,2653 528,2670"/>
                <Baseline points="548,2711 574,2709 600,2708 626,2706 652,2705 679,2704 705,2703 731,2702 757,2702 783,2701 810,2701 836,2700 862,2699 888,2699 914,2698 941,2697 967,2696 993,2695 1019,2694 1046,2692"/>
                <TextEquiv>
                    <Unicode>au das Paris von heute.</Unicode>
                </TextEquiv>
            </TextLine>
            <TextLine id="r1l114" custom="readingOrder {index:113;}">
                <Coords points="1778,2721 2994,2703 2992,2646 1777,2684"/>
                <Baseline points="1794,2716 1853,2716 1912,2715 1971,2715 2030,2714 2089,2713 2148,2712 2208,2712 2267,2711 2326,2710 2385,2708 2444,2707 2503,2705 2562,2703 2622,2701 2681,2699 2740,2696 2799,2694 2858,2691 2917,2687 2977,2683"/>
                <TextEquiv>
                    <Unicode>weist die Frau brutal von sich, weil er ihrer nicht mehr bedarf.</Unicode>
                </TextEquiv>
            </TextLine>
            <TextLine id="r1l115" custom="readingOrder {index:114;}">
                <Coords points="2996,2744 3311,2733 3314,2692 3246,2683 3104,2702 3023,2693 2996,2700"/>
                <Baseline points="3014,2732 3039,2731 3065,2731 3091,2730 3117,2730 3143,2730 3168,2729 3194,2729 3220,2728 3246,2728 3272,2728 3298,2728"/>
                <TextEquiv>
                    <Unicode>tail als Vilma</Unicode>
                </TextEquiv>
            </TextLine>
            <TextLine id="r1l116" custom="readingOrder {index:115;}">
                <Coords points="603,2756 1771,2741 1769,2660 602,2709"/>
                <Baseline points="621,2746 677,2746 734,2745 790,2745 847,2744 904,2743 960,2743 1017,2742 1073,2741 1130,2740 1187,2739 1243,2737 1300,2736 1356,2734 1413,2732 1470,2731 1526,2728 1583,2725 1639,2723 1696,2720 1753,2717"/>
                <TextEquiv>
                    <Unicode>Die Deutschen in der Generalprobe waren respektvoll für</Unicode>
                </TextEquiv>
            </TextLine>
            <TextLine id="r1l117" custom="readingOrder {index:116;}">
                <Coords points="1785,2769 2963,2746 2988,2674 1783,2722"/>
                <Baseline points="1800,2760 1858,2759 1917,2759 1975,2758 2034,2757 2093,2756 2151,2755 2210,2754 2269,2753 2327,2752 2386,2750 2445,2749 2503,2747 2562,2745 2621,2744 2679,2742 2738,2739 2797,2737 2855,2735 2914,2732 2973,2729"/>
                <TextEquiv>
                    <Unicode>Die Frau geht, von Enttäuschungen zerschlagen, im Herzen den</Unicode>
                </TextEquiv>
            </TextLine>
            <TextLine id="r1l118" custom="readingOrder {index:117;}">
                <Coords points="3006,2786 3071,2792 3091,2778 3138,2788 3162,2767 3223,2787 3284,2780 3314,2766 3314,2735 3280,2729 3219,2747 3168,2733 3131,2744 3050,2738 3006,2752"/>
                <Baseline points="3024,2774 3051,2773 3078,2772 3105,2771 3132,2771 3160,2770 3187,2770 3214,2770 3241,2770 3268,2771 3296,2772"/>
                <TextEquiv>
                    <Unicode>als die junge 1###</Unicode>
                </TextEquiv>
            </TextLine>
            <TextLine id="r1l119" custom="readingOrder {index:118;}">
                <Coords points="536,2803 1674,2782 1761,2765 1761,2732 534,2732"/>
                <Baseline points="552,2797 611,2795 671,2793 730,2792 790,2790 850,2788 909,2786 969,2784 1029,2783 1088,2781 1148,2780 1208,2778 1267,2776 1327,2775 1387,2773 1446,2771 1506,2770 1566,2768 1625,2766 1685,2765 1745,2763"/>
                <TextEquiv>
                    <Unicode>Se#nilzler geslimmt, sie dachten aber dabei mehr an den jün¬</Unicode>
                </TextEquiv>
            </TextLine>
            <TextLine id="r1l120" custom="readingOrder {index:119;}">
                <Coords points="1777,2811 2958,2789 2984,2734 1776,2774"/>
                <Baseline points="1793,2805 1851,2803 1910,2802 1969,2801 2028,2800 2087,2799 2145,2798 2204,2797 2263,2796 2322,2795 2381,2794 2439,2793 2498,2791 2557,2790 2616,2788 2675,2786 2733,2784 2792,2782 2851,2778 2910,2775 2969,2772"/>
                <TextEquiv>
                    <Unicode>Kummer, nicht schon früher gegangen zu sein. Ein Wort könnte</Unicode>
                </TextEquiv>
            </TextLine>
            <TextLine id="r1l121" custom="readingOrder {index:120;}">
                <Coords points="3055,2824 3123,2826 3154,2846 3177,2825 3208,2824 3238,2837 3262,2823 3312,2822 3312,2772 3180,2777 3162,2767 3146,2778 3081,2779 3054,2790"/>
                <Baseline points="3073,2815 3100,2816 3128,2816 3156,2816 3184,2816 3211,2815 3239,2814 3267,2813 3295,2811"/>
                <TextEquiv>
                    <Unicode>Die Entschl</Unicode>
                </TextEquiv>
            </TextLine>
            <TextLine id="r1l122" custom="readingOrder {index:121;}">
                <Coords points="536,2853 1772,2811 1770,2760 535,2805"/>
                <Baseline points="553,2843 613,2841 673,2839 733,2837 793,2835 853,2834 913,2832 973,2830 1033,2829 1093,2827 1154,2826 1214,2824 1274,2822 1334,2821 1394,2819 1454,2816 1514,2815 1574,2811 1634,2808 1694,2806 1755,2802"/>
                <TextEquiv>
                    <Unicode>geie: Schnitzler der „Liebelei“ als an den weisen Schnitzler Jer</Unicode>
                </TextEquiv>
            </TextLine>
            <TextLine id="r1l123" custom="readingOrder {index:122;}">
                <Coords points="1774,2865 2973,2840 2995,2768 1773,2807"/>
                <Baseline points="1791,2849 1850,2847 1909,2845 1969,2844 2028,2843 2088,2841 2147,2840 2206,2839 2266,2838 2325,2837 2385,2836 2444,2835 2503,2834 2563,2832 2622,2831 2682,2829 2741,2827 2800,2825 2860,2823 2919,2820 2979,2817"/>
                <TextEquiv>
                    <Unicode>alles klären, aber das Wort käme zu spät, weil es nichts mehr</Unicode>
                </TextEquiv>
            </TextLine>
            <TextLine id="r1l124" custom="readingOrder {index:123;}">
                <Coords points="3007,2881 3037,2870 3102,2877 3129,2869 3149,2876 3162,2866 3315,2868 3314,2813 3138,2829 3006,2817"/>
                <Baseline points="3025,2862 3052,2862 3079,2862 3106,2863 3133,2863 3161,2863 3188,2862 3215,2862 3242,2861 3269,2860 3297,2858"/>
                <TextEquiv>
                    <Unicode>stelle:, die oh</Unicode>
                </TextEquiv>
            </TextLine>
            <TextLine id="r1l125" custom="readingOrder {index:124;}">
                <Coords points="542,2894 1771,2870 1769,2812 1671,2808 540,2839"/>
                <Baseline points="558,2885 617,2883 677,2881 737,2880 797,2879 856,2877 916,2876 976,2874 1036,2873 1095,2872 1155,2871 1215,2869 1275,2867 1334,2865 1394,2863 1454,2860 1514,2858 1573,2855 1633,2852 1693,2849 1753,2845"/>
                <TextEquiv>
                    <Unicode>letzter. Jahrzehnte, der schon erkannt hat, dass alles im Leben</Unicode>
                </TextEquiv>
            </TextLine>
            <TextLine id="r1l126" custom="readingOrder {index:125;}">
                <Coords points="1784,2903 1811,2913 1869,2898 2200,2891 2200,2847 1895,2846 1783,2862"/>
                <Baseline points="1802,2891 1827,2889 1852,2889 1878,2888 1903,2887 1929,2887 1954,2887 1979,2886 2005,2886 2030,2885 2056,2885 2081,2885 2106,2884 2132,2883 2157,2882 2183,2881"/>
                <TextEquiv>
                    <Unicode>zu klären gibt. Aus.</Unicode>
                </TextEquiv>
            </TextLine>
            <TextLine id="r1l127" custom="readingOrder {index:126;}">
                <Coords points="3013,2919 3111,2920 3149,2916 3158,2906 3199,2918 3274,2903 3308,2909 3307,2865 3252,2866 3235,2856 3185,2871 3161,2865 3148,2875 3130,2866 3012,2872"/>
                <Baseline points="3029,2904 3055,2906 3081,2906 3107,2906 3133,2905 3159,2904 3185,2903 3211,2902 3237,2901 3263,2901 3290,2902"/>
                <TextEquiv>
                    <Unicode>dienen hohes</Unicode>
                </TextEquiv>
            </TextLine>
            <TextLine id="r1l128" custom="readingOrder {index:127;}">
                <Coords points="536,2944 1717,2906 1768,2897 1766,2850 534,2900"/>
                <Baseline points="552,2931 611,2929 671,2927 731,2925 791,2923 851,2921 911,2919 970,2917 1030,2916 1090,2915 1150,2913 1210,2911 1270,2909 1330,2908 1389,2905 1449,2904 1509,2901 1569,2899 1629,2895 1689,2892 1749,2889"/>
                <TextEquiv>
                    <Unicode>Irrlum und Heuchelei ist, die Liebe, der Hass, die Treue, die</Unicode>
                </TextEquiv>
            </TextLine>
            <TextLine id="r1l129" custom="readingOrder {index:128;}">
                <Coords points="1841,2945 2877,2926 2985,2914 2984,2863 2235,2862 1840,2908"/>
                <Baseline points="1859,2930 1914,2930 1970,2930 2025,2930 2081,2929 2136,2929 2192,2928 2247,2927 2303,2927 2358,2926 2414,2925 2469,2924 2525,2923 2580,2921 2636,2919 2691,2917 2747,2916 2802,2914 2858,2911 2913,2908 2969,2905"/>
                <TextEquiv>
                    <Unicode>Im zweiten Stück spielt der geniale Schauspieler die „Grosse</Unicode>
                </TextEquiv>
            </TextLine>
            <TextLine id="r1l130" custom="readingOrder {index:129;}">
                <Coords points="3016,2964 3314,2951 3313,2903 3154,2907 3110,2921 3015,2913"/>
                <Baseline points="3033,2949 3059,2950 3086,2950 3112,2949 3139,2949 3165,2948 3192,2947 3218,2946 3245,2946 3271,2945 3298,2946"/>
                <TextEquiv>
                    <Unicode>sein, jede Kriti</Unicode>
                </TextEquiv>
            </TextLine>
            <TextLine id="r1l131" custom="readingOrder {index:130;}">
                <Coords points="541,2975 1766,2943 1764,2892 539,2927"/>
                <Baseline points="556,2975 615,2973 675,2970 734,2968 794,2967 854,2965 913,2963 973,2962 1033,2960 1092,2958 1152,2957 1212,2955 1271,2954 1331,2951 1391,2950 1450,2948 1510,2946 1570,2943 1629,2940 1689,2937 1749,2934"/>
                <TextEquiv>
                    <Unicode>Untreue. Konmnt bloss darauf an, wie mans trügt, mit Schmerz.</Unicode>
                </TextEquiv>
            </TextLine>
            <TextLine id="r1l132" custom="readingOrder {index:131;}">
                <Coords points="1783,2986 2830,2972 2992,2962 2995,2921 1782,2938"/>
                <Baseline points="1801,2977 1859,2976 1918,2975 1977,2974 2036,2973 2095,2973 2154,2972 2213,2972 2272,2971 2331,2970 2390,2969 2448,2968 2507,2967 2566,2966 2625,2964 2684,2963 2743,2961 2802,2959 2861,2956 2920,2953 2979,2949"/>
                <TextEquiv>
                    <Unicode>Szene“. Er kann nicht anders, als Komödie spielen, mit allen</Unicode>
                </TextEquiv>
            </TextLine>
            <TextLine id="r1l133" custom="readingOrder {index:132;}">
                <Coords points="3009,3004 3307,3000 3305,2949 3133,2963 3007,2953"/>
                <Baseline points="3024,2994 3050,2993 3077,2993 3104,2992 3130,2991 3157,2991 3184,2990 3210,2989 3237,2989 3264,2988 3291,2987"/>
                <TextEquiv>
                    <Unicode>solche Anzahl</Unicode>
                </TextEquiv>
            </TextLine>
            <TextLine id="r1l134" custom="readingOrder {index:133;}">
                <Coords points="532,3032 1771,2995 1769,2944 1702,2943 530,2981"/>
                <Baseline points="550,3020 610,3017 670,3014 730,3013 790,3011 850,3009 910,3007 971,3006 1031,3004 1091,3002 1151,3001 1211,2999 1271,2998 1331,2996 1392,2993 1452,2992 1512,2989 1572,2986 1632,2983 1692,2980 1753,2976"/>
                <TextEquiv>
                    <Unicode>mit Resignation, mit Trotz oder mit Lachen. Na ja, das ist alles</Unicode>
                </TextEquiv>
            </TextLine>
            <TextLine id="r1l135" custom="readingOrder {index:134;}">
                <Coords points="1773,3025 2969,3007 2991,2946 1772,2984"/>
                <Baseline points="1791,3022 1850,3021 1909,3020 1968,3020 2027,3019 2087,3018 2146,3018 2205,3017 2264,3017 2323,3016 2383,3015 2442,3014 2501,3013 2560,3011 2619,3009 2679,3007 2738,3005 2797,3002 2856,2998 2915,2994 2975,2989"/>
                <TextEquiv>
                    <Unicode> Frauen, also auch mit der eigenen. Sie geht weg, sie kommt</Unicode>
                </TextEquiv>
            </TextLine>
            <TextLine id="r1l136" custom="readingOrder {index:135;}">
                <Coords points="3004,3043 3274,3037 3322,3046 3321,2985 3216,2994 3203,3005 3002,2993"/>
                <Baseline points="3019,3039 3045,3038 3071,3037 3097,3037 3123,3036 3149,3036 3175,3036 3201,3036 3227,3035 3253,3034 3279,3032 3306,3030"/>
                <TextEquiv>
                    <Unicode>land keine Be</Unicode>
                </TextEquiv>
            </TextLine>
            <TextLine id="r1l137" custom="readingOrder {index:136;}">
                <Coords points="535,3059 1778,3050 1777,2996 534,3015"/>
                <Baseline points="552,3062 612,3060 672,3058 733,3056 793,3054 854,3053 914,3051 975,3049 1035,3047 1096,3046 1156,3044 1216,3042 1277,3040 1337,3038 1398,3036 1458,3034 1519,3032 1579,3029 1640,3027 1700,3024 1761,3022"/>
                <TextEquiv>
                    <Unicode>richtig, aber wenn ich weanerisch sprechen könnte, würd' ich</Unicode>
                </TextEquiv>
            </TextLine>
            <TextLine id="r1l138" custom="readingOrder {index:137;}">
                <Coords points="1781,3063 2990,3048 2989,2993 1781,3032"/>
                <Baseline points="1799,3065 1857,3065 1916,3064 1975,3063 2033,3063 2092,3062 2151,3061 2209,3060 2268,3059 2327,3058 2386,3057 2444,3056 2503,3054 2562,3053 2620,3051 2679,3048 2738,3045 2796,3042 2855,3039 2914,3035 2973,3031"/>
                <TextEquiv>
                    <Unicode>wieder, sie will aufs neue fort, weil der letzte Betrug schon eine</Unicode>
                </TextEquiv>
            </TextLine>
            <TextLine id="r1l139" custom="readingOrder {index:138;}">
                <Coords points="2996,3093 3135,3089 3149,3075 3173,3095 3206,3081 3230,3091 3322,3090 3321,3043 3301,3039 2996,3043"/>
                <Baseline points="3014,3080 3040,3078 3066,3077 3093,3076 3119,3076 3146,3077 3172,3077 3199,3077 3225,3077 3252,3076 3278,3075 3305,3073"/>
                <TextEquiv>
                    <Unicode>Bühne“ in Pari#</Unicode>
                </TextEquiv>
            </TextLine>
            <TextLine id="r1l140" custom="readingOrder {index:139;}">
                <Coords points="536,3110 1728,3081 1768,3076 1766,3022 534,3059"/>
                <Baseline points="554,3105 613,3103 673,3102 733,3100 793,3098 853,3096 913,3094 972,3093 1032,3091 1092,3089 1152,3088 1212,3086 1272,3084 1332,3081 1391,3079 1451,3077 1511,3075 1571,3073 1631,3070 1691,3067 1751,3064"/>
                <TextEquiv>
                    <Unicode>A-tLur Schnitzler antworten: man lebt halt, und das Leben ist</Unicode>
                </TextEquiv>
            </TextLine>
            <TextLine id="r1l141" custom="readingOrder {index:140;}">
                <Coords points="1781,3114 2990,3086 2989,3046 2887,3038 1780,3070"/>
                <Baseline points="1799,3108 1857,3108 1916,3107 1975,3106 2033,3105 2092,3104 2151,3103 2209,3102 2268,3101 2327,3100 2386,3098 2444,3097 2503,3095 2562,3093 2620,3092 2679,3090 2738,3087 2796,3085 2855,3082 2914,3080 2973,3077"/>
                <TextEquiv>
                    <Unicode>starke Nuance gewissenloser Gemeinheit zeigt — und sie bleibt</Unicode>
                </TextEquiv>
            </TextLine>
            <TextLine id="r1l142" custom="readingOrder {index:141;}">
                <Coords points="3015,3149 3055,3149 3065,3138 3089,3148 3140,3138 3160,3148 3184,3128 3218,3142 3279,3135 3316,3124 3316,3070 3207,3081 3177,3094 3153,3077 3014,3088"/>
                <Baseline points="3033,3121 3059,3120 3086,3120 3112,3119 3139,3119 3166,3119 3192,3119 3219,3120 3245,3120 3272,3120 3299,3119"/>
                <TextEquiv>
                    <Unicode>sozialen Aufga</Unicode>
                </TextEquiv>
            </TextLine>
            <TextLine id="r1l143" custom="readingOrder {index:142;}">
                <Coords points="541,3156 1743,3127 1778,3065 539,3112"/>
                <Baseline points="557,3152 617,3149 677,3147 737,3144 798,3142 858,3140 918,3138 979,3136 1039,3134 1099,3132 1160,3130 1220,3128 1280,3126 1340,3124 1401,3122 1461,3120 1521,3118 1582,3115 1642,3113 1702,3110 1763,3107"/>
                <TextEquiv>
                    <Unicode>auch etwas wert. Aber Arthur Schnitzler.hat zwei Generationen</Unicode>
                </TextEquiv>
            </TextLine>
            <TextLine id="r1l144" custom="readingOrder {index:143;}">
                <Coords points="1792,3158 2981,3135 3000,3090 1791,3121"/>
                <Baseline points="1809,3151 1867,3151 1926,3151 1985,3151 2043,3150 2102,3149 2161,3148 2219,3147 2278,3145 2337,3143 2396,3142 2454,3140 2513,3138 2572,3136 2630,3133 2689,3132 2748,3129 2806,3127 2865,3125 2924,3123 2983,3121"/>
                <TextEquiv>
                    <Unicode>doch wieder, als der Mann im Kostüm des Hamlet vor ihr auf die</Unicode>
                </TextEquiv>
            </TextLine>
            <TextLine id="r1l145" custom="readingOrder {index:144;}">
                <Coords points="533,3200 1769,3155 1683,3120 532,3149"/>
                <Baseline points="551,3197 611,3194 671,3191 731,3189 791,3187 851,3185 911,3182 971,3180 1031,3178 1091,3177 1152,3174 1212,3172 1272,3170 1332,3168 1392,3166 1452,3163 1512,3161 1572,3159 1632,3156 1692,3154 1753,3151"/>
                <TextEquiv>
                    <Unicode>so vieles geschenkt, so unvergänglich Kostbares und Erfrischen¬</Unicode>
                </TextEquiv>
            </TextLine>
            <TextLine id="r1l146" custom="readingOrder {index:145;}">
                <Coords points="1786,3204 2995,3179 2994,3135 1785,3164"/>
                <Baseline points="1803,3195 1861,3195 1920,3194 1979,3193 2038,3192 2097,3191 2155,3190 2214,3189 2273,3188 2332,3186 2391,3184 2449,3183 2508,3181 2567,3179 2626,3177 2685,3175 2743,3173 2802,3171 2861,3169 2920,3167 2979,3164"/>
                <TextEquiv>
                    <Unicode>Knie fällt. Auch diese Frau ist dem Manne unentbehrlich, auch</Unicode>
                </TextEquiv>
            </TextLine>
            <TextLine id="r1l147" custom="readingOrder {index:146;}">
                <Coords points="3066,3219 3120,3216 3143,3202 3167,3212 3269,3209 3316,3219 3316,3142 3228,3135 3164,3155 3133,3145 3103,3148 3083,3165 3066,3165"/>
                <Baseline points="3082,3204 3109,3203 3136,3203 3163,3204 3190,3204 3217,3205 3244,3205 3271,3204 3299,3201"/>
                <TextEquiv>
                    <Unicode>&amp; Gedenk</Unicode>
                </TextEquiv>
            </TextLine>
            <TextLine id="r1l148" custom="readingOrder {index:147;}">
                <Coords points="545,3244 1767,3202 1765,3158 543,3200"/>
                <Baseline points="561,3238 620,3236 680,3235 739,3233 799,3231 858,3229 918,3226 977,3225 1037,3223 1096,3221 1156,3219 1215,3217 1275,3215 1334,3213 1394,3211 1453,3209 1513,3207 1572,3204 1632,3202 1691,3199 1751,3197"/>
                <TextEquiv>
                    <Unicode>des geschenkt, dass bei uns Schreibern, die ##r keine vereidig¬</Unicode>
                </TextEquiv>
            </TextLine>
            <TextLine id="r1l149" custom="readingOrder {index:148;}">
                <Coords points="1787,3247 2721,3220 2830,3251 2999,3216 2998,3172 1786,3203"/>
                <Baseline points="1803,3236 1862,3236 1921,3236 1980,3236 2039,3235 2098,3235 2157,3234 2216,3233 2275,3231 2334,3230 2393,3229 2452,3227 2511,3225 2570,3223 2629,3221 2688,3219 2747,3217 2806,3214 2865,3212 2924,3210 2983,3207"/>
                <TextEquiv>
                    <Unicode>sie opfert sich als Heldin, aber ihr Opfer wird angenommen.</Unicode>
                </TextEquiv>
            </TextLine>
            <TextLine id="r1l150" custom="readingOrder {index:149;}">
                <Coords points="3013,3255 3118,3252 3162,3261 3185,3253 3223,3262 3243,3251 3317,3249 3316,3202 3235,3201 3171,3213 3147,3203 3062,3209 3041,3196 3032,3207 3011,3207"/>
                <Baseline points="3031,3249 3057,3250 3084,3250 3111,3250 3138,3250 3165,3249 3192,3248 3219,3247 3246,3245 3273,3244 3300,3242"/>
                <TextEquiv>
                    <Unicode>dem allzufrühe</Unicode>
                </TextEquiv>
            </TextLine>
            <TextLine id="r1l151" custom="readingOrder {index:150;}">
                <Coords points="554,3278 1750,3260 1772,3205 553,3237"/>
                <Baseline points="570,3280 629,3278 688,3277 747,3276 807,3274 866,3273 925,3271 984,3269 1044,3267 1103,3265 1162,3263 1221,3261 1281,3259 1340,3256 1399,3254 1458,3251 1518,3249 1577,3247 1636,3244 1695,3242 1755,3240"/>
                <TextEquiv>
                    <Unicode>ten Kritiker sind, immer die Liebe über allem Zweifel steht.</Unicode>
                </TextEquiv>
            </TextLine>
            <TextLine id="r1l152" custom="readingOrder {index:151;}">
                <Coords points="1796,3305 2510,3263 2680,3284 2757,3262 2757,3228 1795,3248"/>
                <Baseline points="1812,3280 1858,3279 1904,3279 1951,3279 1997,3278 2044,3278 2090,3278 2137,3277 2183,3277 2230,3276 2276,3275 2322,3274 2369,3273 2415,3272 2462,3271 2508,3269 2555,3268 2601,3266 2648,3263 2694,3261 2741,3258"/>
                <TextEquiv>
                    <Unicode>Diesmal ist es nicht aus, es geht weiter. Wie lange?</Unicode>
                </TextEquiv>
            </TextLine>
            <TextLine id="r1l153" custom="readingOrder {index:152;}">
                <Coords points="3020,3297 3216,3301 3226,3291 3254,3304 3318,3289 3317,3249 3297,3245 3277,3253 3155,3251 3141,3261 3117,3252 3019,3253"/>
                <Baseline points="3038,3290 3064,3289 3090,3289 3116,3289 3143,3289 3169,3288 3195,3288 3222,3288 3248,3287 3274,3286 3301,3285"/>
                <TextEquiv>
                    <Unicode>Witwe des Kul</Unicode>
                </TextEquiv>
            </TextLine>
            <TextLine id="r1l154" custom="readingOrder {index:153;}">
                <Coords points="540,3325 1772,3294 1770,3247 538,3267"/>
                <Baseline points="556,3327 619,3325 682,3323 745,3321 808,3318 871,3316 934,3314 997,3313 1060,3310 1123,3308 1187,3306 1250,3304 1313,3301 1376,3299 1439,3296 1502,3294 1565,3291 1628,3289 1691,3286 1755,3283"/>
                <TextEquiv>
                    <Unicode>Möglich, dass die Seelenprobleme dieser drei Einakter zu ver¬</Unicode>
                </TextEquiv>
            </TextLine>
            <TextLine id="r1l155" custom="readingOrder {index:154;}">
                <Coords points="1850,3335 2967,3308 2986,3260 1849,3291"/>
                <Baseline points="1865,3323 1920,3323 1975,3323 2030,3322 2085,3322 2141,3321 2196,3320 2251,3320 2306,3318 2361,3317 2417,3316 2472,3315 2527,3313 2582,3311 2637,3309 2693,3307 2748,3305 2803,3304 2858,3301 2913,3299 2969,3297"/>
                <TextEquiv>
                    <Unicode>Nummer Drei heisst „das Bacchusfest“, nicht weil es auf der</Unicode>
                </TextEquiv>
            </TextLine>
            <TextLine id="r1l156" custom="readingOrder {index:155;}">
                <Coords points="3004,3342 3133,3347 3153,3337 3234,3346 3248,3333 3282,3343 3322,3332 3322,3308 3278,3295 3204,3299 3153,3283 3129,3303 3034,3294 3004,3304"/>
                <Baseline points="3021,3335 3046,3334 3072,3334 3098,3333 3124,3333 3150,3333 3175,3333 3201,3333 3227,3333 3253,3332 3279,3332 3305,3331"/>
                <TextEquiv>
                    <Unicode>Lützowufer, auf</Unicode>
                </TextEquiv>
            </TextLine>
            <TextLine id="r1l157" custom="readingOrder {index:156;}">
                <Coords points="553,3366 1772,3336 1770,3292 1679,3291 552,3329"/>
                <Baseline points="570,3368 629,3366 688,3364 747,3362 807,3360 866,3358 925,3357 984,3355 1044,3353 1103,3352 1162,3350 1221,3348 1281,3346 1340,3344 1399,3342 1458,3340 1518,3337 1577,3335 1636,3332 1695,3329 1755,3326"/>
                <TextEquiv>
                    <Unicode>zwickt ineinander gehas, #It sind, dass der weniger komplizierte</Unicode>
                </TextEquiv>
            </TextLine>
            <TextLine id="r1l158" custom="readingOrder {index:157;}">
                <Coords points="1789,3393 2997,3355 2996,3308 2177,3337 1787,3308"/>
                <Baseline points="1807,3367 1865,3367 1924,3366 1983,3366 2041,3365 2100,3365 2159,3364 2217,3363 2276,3362 2335,3361 2394,3359 2452,3358 2511,3356 2570,3355 2628,3353 2687,3351 2746,3349 2804,3347 2863,3345 2922,3342 2981,3340"/>
                <TextEquiv>
                    <Unicode>Bühne bacchantisch zugeht, sondern weil der Dichter im Stück</Unicode>
                </TextEquiv>
            </TextLine>
            <TextLine id="r1l159" custom="readingOrder {index:158;}">
                <Coords points="3023,3385 3070,3391 3141,3380 3226,3393 3243,3379 3293,3385 3320,3375 3320,3331 3246,3342 3022,3344"/>
                <Baseline points="3038,3376 3064,3375 3091,3375 3118,3374 3144,3375 3171,3375 3198,3375 3224,3375 3251,3374 3278,3373 3305,3371"/>
                <TextEquiv>
                    <Unicode>undzwanzig Oe</Unicode>
                </TextEquiv>
            </TextLine>
            <TextLine id="r1l160" custom="readingOrder {index:159;}">
                <Coords points="556,3423 1771,3377 1770,3333 555,3369"/>
                <Baseline points="574,3413 633,3410 692,3407 751,3405 810,3403 869,3401 928,3399 987,3397 1046,3395 1105,3394 1164,3391 1223,3390 1282,3388 1341,3386 1400,3384 1459,3381 1518,3379 1577,3377 1636,3375 1695,3371 1755,3369"/>
                <TextEquiv>
                    <Unicode>Verstand im Parkett vor der ausgeklügelten Psychologfe der</Unicode>
                </TextEquiv>
            </TextLine>
            <TextLine id="r1l161" custom="readingOrder {index:160;}">
                <Coords points="1796,3424 2995,3400 2969,3337 1795,3380"/>
                <Baseline points="1812,3412 1870,3411 1928,3410 1986,3409 2045,3408 2103,3408 2161,3407 2219,3406 2278,3404 2336,3403 2394,3402 2452,3400 2511,3398 2569,3397 2627,3395 2685,3393 2744,3391 2802,3389 2860,3387 2918,3385 2977,3382"/>
                <TextEquiv>
                    <Unicode>ein Werk gesch ieben Hat, welches „Das Bacchusfest“ betitelt</Unicode>
                </TextEquiv>
            </TextLine>
            <TextLine id="r1l162" custom="readingOrder {index:161;}">
                <Coords points="3008,3427 3110,3436 3123,3426 3164,3432 3174,3422 3279,3431 3309,3424 3309,3383 3248,3380 3228,3394 3146,3381 3008,3386"/>
                <Baseline points="3025,3418 3051,3419 3078,3419 3105,3419 3132,3419 3159,3419 3185,3419 3212,3418 3239,3418 3266,3417 3293,3415"/>
                <TextEquiv>
                    <Unicode>Pastelle und 2</Unicode>
                </TextEquiv>
            </TextLine>
            <TextLine id="r1l163" custom="readingOrder {index:162;}">
                <Coords points="547,3457 1782,3413 1781,3376 1503,3375 546,3416"/>
                <Baseline points="563,3456 623,3455 683,3453 743,3451 803,3449 863,3446 923,3445 983,3442 1043,3440 1103,3438 1163,3436 1223,3434 1283,3431 1343,3430 1403,3428 1463,3425 1523,3423 1583,3421 1643,3418 1703,3416 1764,3414"/>
                <TextEquiv>
                    <Unicode>Szene die Empfindung nicht los wird, es würde alles nur halb</Unicode>
                </TextEquiv>
            </TextLine>
            <TextLine id="r1l164" custom="readingOrder {index:163;}">
                <Coords points="1786,3465 2998,3431 2996,3390 2912,3389 1784,3418"/>
                <Baseline points="1803,3459 1861,3458 1920,3456 1979,3455 2038,3453 2097,3452 2156,3450 2215,3448 2274,3447 2333,3445 2392,3443 2450,3442 2509,3440 2568,3438 2627,3436 2686,3434 2745,3433 2804,3431 2863,3430 2922,3428 2981,3426"/>
                <TextEquiv>
                    <Unicode>ist. Diese- bequeme Manier, einen wirksamen Titel zu finden,</Unicode>
                </TextEquiv>
            </TextLine>
            <TextLine id="r1l165" custom="readingOrder {index:164;}">
                <Coords points="3007,3468 3193,3481 3224,3468 3312,3471 3312,3424 3193,3434 3173,3424 3108,3434 3007,3424"/>
                <Baseline points="3024,3463 3051,3466 3078,3468 3105,3469 3132,3469 3159,3469 3186,3469 3213,3467 3240,3467 3267,3466 3294,3465"/>
                <TextEquiv>
                    <Unicode>von dem Schaff</Unicode>
                </TextEquiv>
            </TextLine>
            <TextLine id="r1l166" custom="readingOrder {index:165;}">
                <Coords points="555,3504 1784,3479 1782,3411 554,3463"/>
                <Baseline points="573,3498 632,3497 692,3495 752,3493 811,3491 871,3490 931,3487 990,3485 1050,3483 1110,3480 1170,3478 1229,3475 1289,3473 1349,3471 1408,3469 1468,3466 1528,3464 1587,3462 1647,3460 1707,3459 1767,3457"/>
                <TextEquiv>
                    <Unicode>so schlnum sein, wenn die Frau oder der Mann einmal über den</Unicode>
                </TextEquiv>
            </TextLine>
            <TextLine id="r1l167" custom="readingOrder {index:166;}">
                <Coords points="1794,3515 2931,3485 3002,3469 3001,3432 1792,3467"/>
                <Baseline points="1809,3504 1867,3503 1926,3502 1985,3501 2044,3499 2103,3498 2161,3497 2220,3495 2279,3494 2338,3492 2397,3491 2455,3489 2514,3487 2573,3486 2632,3483 2691,3481 2749,3479 2808,3477 2867,3475 2926,3471 2985,3468"/>
                <TextEquiv>
                    <Unicode>wäre Schnitzlers nicht würdig, wenn sie nicht durch das Erlebnis</Unicode>
                </TextEquiv>
            </TextLine>
            <TextLine id="r1l168" custom="readingOrder {index:167;}">
                <Coords points="554,3550 1694,3524 1775,3508 1774,3470 552,3503"/>
                <Baseline points="569,3545 628,3543 688,3540 747,3539 807,3536 866,3534 926,3532 985,3530 1045,3529 1104,3527 1164,3525 1223,3523 1283,3522 1342,3520 1402,3518 1461,3516 1521,3514 1580,3512 1640,3510 1699,3508 1759,3505"/>
                <TextEquiv>
                    <Unicode>won dem Dichter gezimmerten Rahmen hinweg sprängen: die</Unicode>
                </TextEquiv>
            </TextLine>
            <TextLine id="r1l169" custom="readingOrder {index:168;}">
                <Coords points="557,3608 3299,3535 3297,3467 2992,3459 556,3554"/>
                <Baseline points="575,3599 710,3592 845,3586 981,3580 1116,3575 1252,3571 1387,3566 1522,3563 1658,3559 1793,3555 1929,3552 2064,3548 2199,3545 2335,3541 2470,3537 2606,3533 2741,3529 2876,3524 3012,3519 3147,3514 3283,3508"/>
                <TextEquiv>
                    <Unicode>Liebe zu Schnitzler erkennt doch die Menschengüte und die I eine liefere Bedeutung gewänne, Die Frau des Scbriftstellers 1 Direktor der:</Unicode>
                </TextEquiv>
            </TextLine>
            <TextLine id="r1l170" custom="readingOrder {index:169;}">
                <Coords points="2546,3800 2597,3796 2635,3809 2661,3788 2689,3801 2746,3797 2766,3780 2804,3783 2803,3685 2775,3682 2714,3635 2646,3622 2612,3596 2544,3590"/>
                <Baseline points="2562,3794 2590,3791 2618,3789 2646,3788 2674,3787 2702,3787 2730,3788 2758,3789 2786,3792"/>
                <TextEquiv>
                    <Unicode>al</Unicode>
                </TextEquiv>
            </TextLine>
            <TextEquiv>
                <Unicode>box 32/7
26. 1. Konoedie der Norte— Zyklus
WerUA
und Bananen gegründefe überseeische Reich der Schlu¬
bitterung über
bachs. Dazu kam das eigentliche Export- und Import¬
Nationalsozialist
geschäft mit den genannten Gebielen, und, über be¬
Franzen-Koalition geht zu Bruch!
Komtur für Brau
freundete Häuser, nach anderen Ländern; dazu kamen!
einigung bei Fo
(Telegramm unseres Korrespondenten.)
ein umfangreicher Besitz an Aktien von Plantagen- und
Abgeordneten in
Kolonialgesellschaften.
L. BRAUNSCHWEIG, 13. Juni.
seinem eigenen
Die Leitung der Firma hal, wie es scheint, in den
Das bedeutet
In einer Braunschweiger Versamimlung der Jungdeutschen,
letzten Jahren nach und nach die Uebersicht über den
nicht Schraders
deren Abgeordneter Schrader das Zünglein an der Waage der
Angriffen der P
ganzen riesenhaften Komplex verloren. Die Vielgestal¬
Franzen-Regierung bildel, kam grosse Unzufriedenheit und Er¬
tigkeit des Geschäfts, die „Mischung der Risiken“, gab in
hat in seiner 
a
Geistigkeit dieses Arztes für menschliche Leidenschaft, und der
deren Mann geh
Zweifler gibt sich gefangen.
stehen, aber es
Neugierig darf man aber darauf sein, wie die Pariser Kritik
Ankunft auch
Die Deutsche Bühne in Paris.
diese drei Einakter beurteilen wird, aus deren jedem der fran¬
er die Geschich
zösische „Meister“. Henry Bernslein ein Drama in fünf Akten
liebten Gattinne
Schnitzlers „Komüdie der Worle“.
oder, nach neuem Schema, in zehn Bildern gemacht haben würde.
legenheit wird
Wer dem für Franzosen schwer verständlichen Dialog in allen
(Nachdruck verboten.)
Von
Gewissen hat.
Feinheiten folgen konnte, der musste zu der Entdeckung ge¬
auch reisst aus
PAUL BLOCK (Paris).
langen, dass Schnitzler mit dem französischen Theater geistig
lich? Unabänd
nahe verbunden ist. Auch Schnitzler redet viel über die Liebe
Die Bühne und
Die zweile deutsche Aufführung der lapferen Schweizerin
und alles Drum und Dran der Liebe, alle seine Gestalten setzen
Dunkelheit tönt
Dr. Georgette Boner und ihrer künstlerischen Mitarbeiter im
ihre Gefühle analytisch auseinander, und was den alten Glanz
In dieser epi
Studio des Champs Elysées. Ein Dichter aus Oesterreich, Schau¬
des französischen Schauspiels aus der grossen Periode ausmacht,
Aufführung von
spieler aus Wien, Berlin und Düsseldorf, die Spielordnerin aus
das pointierte Wort, der auf geistige Wirkung ausgearbeitete
Schauspieler, E
dem Bündner Lund, nicht gerade reichsdeutsch alles zusammen.
Satz, die innere Problemalik einer ganz äusserlichen Gesell¬
Gelegenheit, sich
aber doch in Ton, Stimmung und Ziel deutsches Kollekliv. Poli¬
schaft, das glitzert und blendet auch bei dem Arthur Schnitzler
Jensen trat vor
tisch ist Paris zur Zeit nicht für Manifestationen deutscher Art
der vorletzten Periode. Es ist aber-doch ein echteres Leuchten
Bahnhofsportien
eingenommen, aber dies ist doch ein anderes, weniger lärmen¬
und ein schöneres Funkein.
Humor, ein re#
des Theater als das Breslauer Spektakelslück. Es war also wieder
Der erste Einakter „Stunde der Erkenntnis“ zeigt (soll man
Aufgabe, ein
ein Erfolg. Es war ein Erfolg für die Schauspieler und die Spiel¬
für das junge Deutschland „bekanntlich“ sagen?) das Ehepaar,
durfte sich dan
leiterin, es war auch ein Erfolg für Artbur Schnitzler, obwohl
das auseinander geht, nachdem es sich auseinander gelebt hat.
entschädigen uf
diese Trilogie der ehelichen Untreue heute schon anders heissen
Zehn Jahre lang glaubte der Mann sich betrogen, von dem glück¬
nahme einer K
müsste: nicht „Komödie der Worte“, sondern „Tragödie allzu¬
lichen Freund, der ihn auf allen Feldern des Lebens geschlagen
Verdienst. Alff
vieler Worte“, Ich weiss nicht mehr, wann und wo diese drei
hat. Zehn Jahre lang liebte die Frau diesen Freund, ohne ihm
Glück und Mal
Einakter in Berlin zuerst gespielt worden sind. Es muss im
anzugehören. Sie schenkte sich einem anderen, aus Barmherzig¬
ohne Pathos,
Kriege gewesen sein, 1915 oder 1916, und wir hutten damals
keit, umr einem Unglücklichen etwas Glück zu geben, aber sie
Wien, Jaro Fü
au so viel anderes zu denken. Auch wie ra jener Zeit der Erfolg
blieb sonst dem Gatten treu, weil sie meinte, ihm unentbehrlich
fest“ Erfolg.
getvesen iet, weiss ich nicht. Das ist ja auch ganz gleichgiltig;
zu sein. Nach der Aussprache mit dem scheidenden Frcund bricht
Unter den
eskommt ja nicht auf das Berlin vor fünfzehn Jahren zu, sondern
dieses schwankende Gerüst einer Ehe zusammen. Der Mann
kluge, jeder W
au das Paris von heute.
weist die Frau brutal von sich, weil er ihrer nicht mehr bedarf.
tail als Vilma
Die Deutschen in der Generalprobe waren respektvoll für
Die Frau geht, von Enttäuschungen zerschlagen, im Herzen den
als die junge 1###
Se#nilzler geslimmt, sie dachten aber dabei mehr an den jün¬
Kummer, nicht schon früher gegangen zu sein. Ein Wort könnte
Die Entschl
geie: Schnitzler der „Liebelei“ als an den weisen Schnitzler Jer
alles klären, aber das Wort käme zu spät, weil es nichts mehr
stelle:, die oh
letzter. Jahrzehnte, der schon erkannt hat, dass alles im Leben
zu klären gibt. Aus.
dienen hohes
Irrlum und Heuchelei ist, die Liebe, der Hass, die Treue, die
Im zweiten Stück spielt der geniale Schauspieler die „Grosse
sein, jede Kriti
Untreue. Konmnt bloss darauf an, wie mans trügt, mit Schmerz.
Szene“. Er kann nicht anders, als Komödie spielen, mit allen
solche Anzahl
mit Resignation, mit Trotz oder mit Lachen. Na ja, das ist alles
 Frauen, also auch mit der eigenen. Sie geht weg, sie kommt
land keine Be
richtig, aber wenn ich weanerisch sprechen könnte, würd' ich
wieder, sie will aufs neue fort, weil der letzte Betrug schon eine
Bühne“ in Pari#
A-tLur Schnitzler antworten: man lebt halt, und das Leben ist
starke Nuance gewissenloser Gemeinheit zeigt — und sie bleibt
sozialen Aufga
auch etwas wert. Aber Arthur Schnitzler.hat zwei Generationen
doch wieder, als der Mann im Kostüm des Hamlet vor ihr auf die
so vieles geschenkt, so unvergänglich Kostbares und Erfrischen¬
Knie fällt. Auch diese Frau ist dem Manne unentbehrlich, auch
&amp; Gedenk
des geschenkt, dass bei uns Schreibern, die ##r keine vereidig¬
sie opfert sich als Heldin, aber ihr Opfer wird angenommen.
dem allzufrühe
ten Kritiker sind, immer die Liebe über allem Zweifel steht.
Diesmal ist es nicht aus, es geht weiter. Wie lange?
Witwe des Kul
Möglich, dass die Seelenprobleme dieser drei Einakter zu ver¬
Nummer Drei heisst „das Bacchusfest“, nicht weil es auf der
Lützowufer, auf
zwickt ineinander gehas, #It sind, dass der weniger komplizierte
Bühne bacchantisch zugeht, sondern weil der Dichter im Stück
undzwanzig Oe
Verstand im Parkett vor der ausgeklügelten Psychologfe der
ein Werk gesch ieben Hat, welches „Das Bacchusfest“ betitelt
Pastelle und 2
Szene die Empfindung nicht los wird, es würde alles nur halb
ist. Diese- bequeme Manier, einen wirksamen Titel zu finden,
von dem Schaff
so schlnum sein, wenn die Frau oder der Mann einmal über den
wäre Schnitzlers nicht würdig, wenn sie nicht durch das Erlebnis
won dem Dichter gezimmerten Rahmen hinweg sprängen: die
Liebe zu Schnitzler erkennt doch die Menschengüte und die I eine liefere Bedeutung gewänne, Die Frau des Scbriftstellers 1 Direktor der:
al</Unicode>
            </TextEquiv>
        </TextRegion>
    </Page>
</PcGts>
