3392 4352
2596 359 2819 439 Seite 5.
1955 491 2851 555 „Die Stunde des Erkennens kommt für den
1879 554 2862 617 praktischen Arzt Dr. Karl Eckold und dessen Frau
1879 605 2855 666 Klara, da der langjährige Freund des Hauses und
1893 656 2861 708 Studiengenosse Eckolds, Professor Dr. Rudolf Or¬
1886 708 2868 767 min Abschied nimmt, um mit einer Sanitätskolonne
1884 751 2872 802 auf den Kriegsschauplatz abzugehen. Klara war
1876 806 2861 850 einst Ormin viel, noch mehr aber dem dritten Ju¬
1889 847 2867 907 gendfreunde Földing, der gleichzeitig mit Ormin
1890 903 2866 964 als Kriegskorrespondent abreist. Eckolds Tochter
1889 943 2870 1001 Bettine, hat eben geheiratet, befindet sich auf der
1876 993 2865 1062 Hochzeitsreise, die in ihrem künftigen Wohnort Ber¬
1883 1050 2870 1107 lin endet. Bei diesem Abschiede kommt es, während
1885 1110 2863 1158 Dr. Eckold im Nebenzimmer die ärztliche Ordina¬
1889 1154 2873 1212 tion abhält, zwischen seiner Faru Klara und Ormin
1890 1201 2872 1266 zur Aussprache. „Es, war schön und gut, daß Sie,
1885 1259 2860 1307 daß wir Beide in dieser Stunde — endlich die
1890 1297 2873 1349 Wahrheit gesprochen haben“, sagt Ormin. Nachdem
1887 1352 2866 1411 dieser fort ist, macht Eckold seiner überraschten Frau
1879 1397 2864 1463 den Vorschlag, zur Tochter Bettine nach Berlin zu
1883 1446 2862 1504 übersiedeln. Das scheinbar sehr harmonische Zu¬
1886 1499 2870 1566 sammenleben der Eheleute war in den letzten zehn
1889 1549 2873 1608 Jahren eine Lüge. Eckold wußte genau vom Verrat
1891 1603 2878 1656 seiner Frau. „Den äußerlich ruhigen Lauf unserer
1899 1650 2866 1710 Existenz zu unterbrechen, eine so tiefgehende Er¬
1893 1702 2857 1764 schütterung unserer Lebensverhältnisse hervorzuru¬
1891 1753 2866 1804 fen, das wäre höchst unpraktisch, ja sogar unmora¬
1881 1798 2866 1845 lisch gewesen. Und geradeso unmoralisch wäre es,
1889 1842 2865 1899 wenn wir nun weiter zusammen lebten, nachdem
1895 1896 2861 1968 Bettine nicht mehr im Hause ist.“ Das ist die Erklä¬
1886 1947 2858 2007 rung des Eehegatten. Er hat, in der Tiefe seiner
1885 2000 2870 2057 Seele seine Existenz von der seiner Frau getrennt
1888 2044 2862 2089 und der Stunde entgegengelebt, die nun endlich ge¬
1890 2095 2871 2161 kommen ist. Gebrochen verläßt Klara das Haus.
1967 2138 2865 2214 „Die große Szene“ ist ein Schauspielerstück
1891 2204 2870 2254 und nach Berlin verlegt. Man glaubt, die Figuren
1893 2254 2859 2311 und die Schicksale zu kennen, denen Schnitzler dich¬
1884 2309 2878 2365 terisches Leben gibt. Der gefeierte „Star“ Konrad
1889 2348 2871 2412 Herbot lebt im Hotel. Zum wiederholten Male hat
1899 2405 2865 2456 er seine brave Frau betrogen, die seine verständigste
1898 2440 2878 2504 Kameradin, sein klügster Berater und sein bester
1892 2487 2881 2563 Regisseur ist, an seinem Erfolge also großen Anteil
1908 2547 2872 2596 hat. Frau Sophie liebt ihn, Herbot sie auch, was
1901 2591 2861 2654 ihn aber nicht hindert, sie fortlaufend zu betrügen.
1898 2650 2874 2706 Im Sommer hat es Herbot mit der Braut eines
1894 2683 2866 2761 braven jungen Mannes Edgar Gley arg getrieben,
1894 2741 2874 2810 ist allnächtlich zu ihr ins Fenster eingestiegen. Das
1897 2792 2876 2856 wurde Frau Sophie zu bunt und sie ist auf und da¬
1901 2841 2865 2911 von. Darüber ist Herbot sehr unglücklich, er kehrt
1901 2895 2873 2952 nach Berlin zurück, zieht ins Hotel und schwört, seine
1895 2943 2875 3000 schöne Wohnung nicht früher zu betreten, als Arm
1896 2986 2863 3053 in Arm mit seiner Frau. Der brave Theaterdirektor
1895 3039 2873 3089 Dr. Falk, der die Menschen und die Komödianten
1888 3090 2872 3145 richtig zu werten weiß, hat Frau Sophie durch be¬
1904 3139 2875 3194 wegliche Briefe veranlaßt, wieder zu ihrem Manne
1895 3187 2872 3256 zurückzukehren. Dazu haben ihn auch praktische Er¬
1900 3245 2875 3300 wägungen getrieben, denn Dr. Falk hat unter den
1893 3299 2879 3352 Star=Launen seines ersten Schauspielers viel zu lei¬
1890 3332 2870 3399 den und kennt den heilsamen Einfluß der Frau So¬
1896 3386 2874 3449 sohie. Die Ehe scheint sich wieder zu leime: Da
1899 3444 2879 3493 kommt Dr. Gley, um Herbot inständig zu bitten,
1902 3488 2865 3541 ihm die Wahrheit zu sagen, was zwischen ihm und
1900 3538 2869 3582 seiner Braut vorgegangen sei. Nun setzt die
1904 3583 2870 3640 „Komödie der Worte“ ein, Herbot spielt die „große
1895 3626 2871 3695 Szene“. Er erzählt dem armen Jungen einen Ro¬
1904 3685 2871 3750 man, als wenn er um dessen Braut beinahe toll
1898 3742 2863 3798 geworden wäre, und sie hätte ihn nicht erhört. Frau
1897 3787 2870 3854 Sophie hat aber aus dem Nebenzimmer alles mit
1897 3824 2866 3893 ungehört, vor so viel Lüge erfaßt sie ein Ekel, ein
1905 3880 2869 3932 Grauen, sie will wieder fort, doch dem Sophisten
1897 3936 2863 3993 Dr. Falk gelingt es, ihren Sinn zu wenden, zumal
1902 3993 2874 4054 Herbot allen Ernstes nicht auftreten will, wenn er
1908 4028 2565 4101 seine Frau nicht in der Loge sieht.
1965 4075 2862 4144 Der dritte Einakter, „Das Baechusfest“, führt
1904 4128 2873 4190 ans in die Salzburger Bahnhofshalle. Dort erwar¬
1900 4176 2860 4210 #. Jran Aans Staufner ihron mit dem Luge aus
