3344 4352
2080 155 2541 250 box 32/3
223 167 1942 276 26.1. Konondie der Norte Zyklus
2110 295 2620 395 Wurltrr.
2213 348 2759 446 Freimtenblatt, Wien
1809 391 2238 476 Ausschnitt aus:
358 384 1464 483 Ausschnitt aus: Neue Freie Presse, Wien
2310 425 2665 514 Abendblatt
689 493 818 573 250
368 515 538 573 vom:
1809 501 2338 610 vom: J0bursg:
279 587 1491 685 Schnitzler=Premiere im Berliner Lessing=Theater.
1686 620 2926 704 (Schnitzlers „Komödie der Worte“ in Berlin.
571 665 1213 745 (Telegramm der „Neuen Freien Presse“.)
1822 687 2947 771 Berlin, 21. Oliober. (Tel d. „Fremden=Blatt“.) Samstag
1009 688 1472 776 Berlin, 24. Oktober.
1717 738 2934 787 fand hier die Erstaufführung von Schnitzlers Einalter¬
388 749 1480 824 Artur Schnitzlers drei Einakter „Komödie der Woxte“
1712 780 2935 846 Zyklus „Komödie der Worte“ am Lessingtheater statt. Die
302 779 1489 879 hatten im Lessing=Theater einen großen Erfolg, der
1708 835 2948 889 amüsante Geistigkeit und Sprachkunst Schnitzlers waren gestern
309 845 1482 923 sich besonders nach dem zweiten Stück, „Die große Siene“ in
1709 869 2940 927 stärker als das Gefühl des großen Abstandes zwischen den Lieb¬
315 894 1489 966 lautem Beifall und vielfachen Hervorrufen des Autort der zur
1719 918 2948 969 lingsthemen dieses Autors und der Gegenwart. Ueber die In¬
311 930 1484 1008 Berliner Premiere aus Wien gekommen war, und : Dar¬
1715 954 2940 1005 haltsknappheit half in erster Linie Bassermanns Meister¬
314 970 1494 1058 steller kundgab. Das erste Stück wurde mit Interesse, oder auch
1723 1001 2950 1051 schaft hinweg, der sich besonders in der „Großen Szene“ selbst
320 1011 1486 1101 mnit einiger Verwunderung angehört, das dritte entsprach nicht
1717 1043 2941 1094 übertraf, ferner der witzigkühle Theaterdirektor Forests und
314 1051 1492 1149 ganz den Erwartungen, welche das zweite hervorgerufen hatte,
1726 1080 2936 1142 im „Bacchusfest der simplizissimushaft immer korrekte Dr. Wör¬
313 1117 1489 1181 aber dieses zweite, wie gesagt, entschied den Erfolg des Abends,
1715 1131 2937 1184 nig des vielgewandten Kurt Götz. Besonders nach der „Großen
324 1139 1498 1225 und auch nach dem Schluß der Vorstellung setzten Beifall und
1721 1177 2948 1230 Szene“ gab es vielen Beifall. Solchen erregte auch der heitere
321 1188 1502 1263 Hervorrufe wieder kräftig ein. Große Bewunderung fand die
1726 1213 2951 1271 Salzburger Bahnhofsulk. Schnitzler konnte mehrmals erscheinen.
325 1249 1501 1314 schauspielerische Leistung Albert Bassermanns, der in allen
1831 1257 2946 1301 Am Beginne der „Großen Szene“ ereignete sich ein un¬
323 1266 1506 1354 drei Stücken die Rollen spielte, die Harry Walden in Wien
1699 1304 2956 1370 [liebsamer Zwischenfall, der beinahe zu einer Panik
319 1302 1494 1401 kreiert hat und der namentlich im zweiten Stück den
1721 1347 2954 1398 geführt hätte. Es wurden starke störende Geräusche bemerlbar,
320 1354 1508 1441 Komödianten, der die große Szene aufführt, mit seinem Humor
1730 1388 2944 1438 für die jede Aufklärung fehlte. Der Vorhang fiel. Endlich er¬
321 1395 1501 1479 und großer Lebenswahrheit verkörperte. Die etwas unwahrschein¬
1727 1424 2951 1486 schien ein Feuerwehrmann und gab die beruhigende Aufklärung,
319 1430 1507 1513 liche Voraussetzung des ersten Stückes, daß ein Gatte den Ehe¬
1720 1480 2957 1526 daß ein Gebrechen der Heizanlage die Störung verur¬
328 1489 1502 1564 bruch seiner Frau entdeckt und zehn Jahre lang darüber
1706 1532 2772 1596 sacht habe. Sodann wurde die Aufführung fortgeseßt.
320 1522 1514 1625 schweigt, suchte Bassermann dadurch glaubhaft zu machen, daß
336 1573 1508 1653 er der Physiognomie des Gatten einen Zug von Wahnsinn gab.
327 1619 1511 1700 Bassermann hatte an dem Erfolge des Abends einen sehr wesent¬
329 1649 1506 1743 lichen Anteil und ihm galten neben dem Antor die Herpor¬
1893 1665 2962 1782 Ausschnitt aus: Osisee Zeitung, Stettm
327 1693 1512 1776 rufe. Die übrige Darstellung stand namentlich in den Frauen¬
330 1732 1519 1823 rollen nicht auf der gleichen Höhe und blieb vor allen Dingen
1893 1776 2074 1838 vom:
1223 1787 1519 1854 L L1L
2131 1769 2441 1852 250071975
330 1788 1231 1871 weit zurück hinter derjenigen des Burgtheaters.
504 1858 1308 1965 Theater= und Kunstnachrichten.
2076 1885 2688 1972 „Komödie der Worte“.
1753 1948 2989 2046 Wer Einalter von Arthur Schnitzl##erstälfführung
2190 2009 2566 2075 im Lessingthenter.
1885 2039 2995 2121 Aus Berlin wird uns geschrieben: Eigentlich ist es eher
1764 2088 2989 2173 Kine Tragödie der Worte, die sich in den drei Einaktern Schnitz¬
1785 2145 2991 2194 lers vor uns enthüllt. Wenn zwei von ihnen auch humoristisch
1789 2190 2999 2249 aufgemacht sind: die dahinterliegenden menschlichen Schicksale
1789 2221 2988 2271 sind, von einer höheren Warte aus gesehen, tragisch. Die han¬
709 2237 1081 2322 bewahr.)
1779 2263 2985 2323 delnden Menschen machen sich allerdings das vor, was man im
1784 2298 2994 2355 gewöhnlichen Leben „Komödie“ nennt. Aber es ist dies nur eine
1775 2339 2992 2383 oberflächliche Benennung, die den tieferen Sinn nicht streift. Der
681 2281 1323 2435 Pasturss Wimer Palisian
329 2326 690 2406 schnitt aus:
1789 2383 3004 2441 Dichter will jedoch, daß es eine Komtdie sei, eine Komödie der
965 2386 1123 2452 Wien
1783 2420 2990 2465 Worte. In stilistisch=künstlerischer Hinsicht hat er Recht. Die
332 2433 430 2505 1:
1783 2450 2993 2503 Worte rauschen vor uns auf, sie flattern hoch, aber sie ver¬
569 2456 838 2570 Mnsenhenstursesendesn
1782 2503 2992 2555 prasseln wie Raketen. Sie zwingen nicht, sie bannen nicht. Man
1776 2534 2986 2585 glaubt ihnen nicht — wenigstens nicht immer und gerade nicht
506 2557 571 2614 *
1784 2580 2994 2618 bei den psychologischen Verkettungen. Es sind ihrer zuviele.
574 2560 1397 2632 Aus Berlin wird uns über die
1780 2619 2996 2680 Worte — Worte! Schall und Rauch. Und zwischen drin ein
386 2584 1407 2689 Première von Artur Schuimlens.„Komödie
1786 2655 2991 2712 prickelndes Svielen. Am besten ist das mittlere Stück der Drei¬
383 2651 1410 2744 der Worte“ telegraphiert: Die amüsante Geistig¬
1788 2696 2990 2747 einigkeit: „Große. Szene". Der Schauspieler Konrad Herbot
375 2702 1406 2767 keit und Sprachkunst Schniplers waren gestern
1784 2737 2989 2784 hat die Braut eines Freundes verführt. Die eigene Frau ist ihm
389 2743 1409 2822 stärker als das Gefühl des furchtbaren Abstandes
1779 2774 2988 2817 deshalb davongelaufen. Sie kehrt in dem Augenblick zurück, als
379 2790 1398 2868 zwischen den Lieblingsthemen dieses Autors und
1786 2812 3004 2867 der gebörnte Bräutigam von ihrem Gatten Rechenschaft fordert
388 2832 1395 2905 der Gegenwart. Ueber die Inhaltsknappheit half
1778 2855 2997 2906 und Wahrheit. Aber sie nuß erkennen, daß Herbot dazu unfähig
382 2870 1400 2964 in erster Linie Bassermanns Meisterschaft
1788 2894 2998 2939 ist, daß das Innerste seines Wesens auf Lüge und Betrug auf¬
380 2905 1387 2985 hinweg, der sich besonders in der „Großen Szene“
1787 2936 2994 2979 gebaut ist, daß er von der Lüge und der Verstellung lebt, daß er
373 2949 1405 3027 selbst übertraf, ferner der witzig=kühle Theater¬
1787 2970 2999 3023 sich damit selbst betört. Er glaubt schließlich selbst an die eigene
369 2997 596 3051 direktor
1786 3013 2994 3059 Lüge und betrachtet die ganze ernste Abrechnung nur vom
718 3010 1398 3086 et  und im „Bacchusfest“ der
1780 3047 3002 3093 schauspielerischen Standpunkt aus, als „große Szene". Ihr Ent¬
369 3030 1404 3115 simplizissimushaft immer korrekte Dr. Wörnig des
1790 3091 2994 3153 schluß ist gefaßt; sie will ihren Gatten endgültig verlassen. Aber
378 3088 1395 3162 vielgewandten Kurt Götz. Besonders nach der
1787 3132 2999 3188 es bleibt auch bei ihr ein Spiel mit Worten, eine Komödie. Eine
378 3134 1395 3206 „Großen Szene“ gab es vielen Beifall, solchen
1782 3166 2996 3215 Hamletaufführung hängt von ihrem Bleiben ab. Sie läßt sich
369 3160 1395 3261 erregte auch der heitere Salzburger Bahnhofsulk.
1779 3209 2997 3245 überreden und von ihrem Gatten in die Loge tragen. Ernst¬
382 3205 1388 3280 Schnitzler konnte mehrmals erscheinen. Am
1783 3244 2997 3305 hafter hat Schnitzler das Problem im ersten Stück gefaßt, in der
375 3255 1387 3340 Beginne der „Großen Szene“ ereignete, sich ein
1779 3286 2989 3329 „Stunde des Erkennens". Ernsthafter, aber nicht wahrer. Es
370 3307 1393 3378 unliebsamer Zwischenfall, der beinahe zu einer.
1779 3334 2987 3381 ist im Grunde genommen nur eine geistreiche Konstruktion. Am
371 3353 1388 3434 PPanik geführt hätte. Es wurden starke störende
1788 3362 3000 3408 Tage nach der Verheiratung seiner Tochter löst Dr. Eckold die ehe¬
379 3389 1381 3467 Geräusche bemerkbar, für die jede Aufklärung
1785 3406 2993 3448 liche Gemeinschaft mit seiner Gattin auf, weil er sie vor zehn
1779 3443 2995 3490 Jahren auf einem Abwege ertappt zu haben glaubt. Zehn Jahre
373 3433 1380 3508 fehlte. Der Vorhang fiel. Endlich erschien ein
1779 3479 2991 3524 lang hat er geschwiegen aus Rücksicht auf die Tochter. Aber er
374 3471 1386 3551 Feuerwehrmann und gab die beruhigende Auf¬
1780 3519 3002 3573 lebte nur auf die Stunde der Abrechnung hin. Sein ganzes
366 3523 1375 3605 klärung, daß ein Gebrechen der Heizanlage die
1778 3559 3001 3607 Zwischenleben war Verstellung — Komödie. Und zwar eine un¬
1785 3602 2991 3643 nötige, denn der Ehebruch hat gar nicht stattgefunden. Im
334 3577 1353 3704 Störung verursacht habe. Sodann wurde die Auf¬
1787 3636 2992 3692 „Baechusfest“, dem dritten Stück, weiß ein Schriftsteller seine
331 3646 733 3717 führung fortgesetzt.
1781 3667 2989 3729 Frau durch überlegenes Symbolisieren in dem Augenblick wieder
491 3698 1338 3786 Die dreiaftige Cherette   on
1772 3718 2994 3769 an sich zu reißen, als sie ihn mit einem Geliebten verlassen will.
1775 3755 2989 3800 Dis Spiel ist geistreich, aber auf der Bühne wenigstens lang¬
1779 3792 2991 3847 weilig. Trotz einer hervorragenden Leistung Albert Bassermanns,
1779 3836 2998 3870 der als Schriftsteller vielleicht das Beste des Abends gab. Sein
1788 3874 3004 3925 Schauspieler war etwas zu dick aufgetragen, während er als
1786 3904 3011 3950 Dr. Eckold einige überaus seine psychologische Schttierungen“
1776 3939 3016 4001 hatte. Leider waren die Frauengestalten nicht befriedigend. Am#
1777 3976 2981 4042 besten war noch Lina Lossen als Frau des Arztes. In Neben¬
1784 4026 2988 4079 rollen leist#ten Wer Landa, Theodor Loos, Karl Forest und Kyert
1778 4063 2035 4131 Götz Gutes.
