3344 4352
1813 208 2768 271 als Kriegskorrespondent abreist. Eckolds Tochter
1800 258 2777 332 Bettine, hat eben geheiratet, befindet sich auf der
1798 295 2781 378 Hochzeitsreise, die in ihrem künftigen Wohnort Ber¬
1790 355 2787 432 lin endet. Bei diesem Abschiede kommt es, während
1793 400 2774 474 Dr. Eckold im Nebenzimmer die ärztliche Ordina¬
1783 460 2776 521 tion abhält, zwischen seiner Faru Klara und Ormin
1783 508 2781 573 zur Aussprache. „Es, war schön und gut, daß Sie,
1784 543 2780 616 daß wir Beide in dieser Stunde — endlich die
1790 598 2779 685 Wahrheit gesprochen haben“, sagt Ormin. Nachdem
1775 634 2778 720 dieser fort ist, macht Eckold seiner überraschten Frau
1777 696 2774 785 den Vorschlag, zur Tochter Bettine nach Berlin zu
1777 746 2768 828 übersiedeln. Das scheinbar sehr harmonische Zu¬
1778 784 2776 879 sammenleben der Ehelente war in den letzten zehn
1773 845 2774 931 Jahren eine Lüge. Eckold wußte genau vom Verrat
1784 903 2782 981 seiner Frau. „Den äußerlich ruhigen Lauf unserer
1775 948 2778 1010 Existenz zu unterbrechen, eine so tiefgehende Er¬
1777 1008 2765 1083 schütterung unserer Lebensverhältnisse hervorzuru¬
1778 1043 2767 1126 fen, das wäre höchst unpraktisch, ja sogar unmora¬
1776 1101 2782 1178 lisch gewesen. Und geradeso unmoralisch wäre es,
1766 1139 2774 1222 wenn wir nun weiter zusammen lebten, nachdem
1768 1200 2767 1262 Bettine nicht mehr im Hause ist.“ Das ist die Erklä¬
1772 1247 2761 1326 rung des Eehegatten. Er hat in der Tiefe seiner
1776 1294 2772 1378 Seele seine Existenz von der seiner Frau getrennt
1767 1334 2766 1426 und der Stunde entgegengelebt, die nun endlich ge¬
1765 1393 2765 1471 kommen ist. Gebrochen verläßt Klara das Haus.
1851 1438 2767 1523 „Die große Szene“ ist ein Schauspielerstück
1769 1470 2762 1564 und nach Berlin verlegt. Man glaubt, die Figuren
1770 1542 2761 1622 und die Schicksale zu kennen, denen Schnitzler dich¬
1771 1596 2769 1665 terisches Leben gibt. Der gefeierte „Star“ Konrad
1779 1640 2766 1726 Herbot lebt im Hotel. Zum wiederholten Male hat
1771 1696 2770 1786 er seine brave Frau betrogen, die seine verständigste
1769 1731 2765 1819 Kameradin, sein klügster Berater und sein bester
1760 1793 2753 1875 Regisseur ist, an seinem Erfolge also großen Anteil
1761 1845 2757 1922 hat. Frau Sophie liebt ihn, Herbot sie auch, was
1769 1897 2756 1970 ihn aber nicht hindert, sie fortlaufend zu betrügen.
1768 1937 2746 2006 Im Sommer hat es Herbot mit der Braut eines
1762 1988 2758 2072 braven jungen Mannes Edgar Gley arg getrieben,
1762 2035 2755 2125 ist allnächtlich zu ihr ins Fenster eingestiegen. Das
1756 2091 2748 2171 wurde Frau Sophie zu bunt und sie ist auf und da¬
1760 2139 2732 2216 von. Darüber ist Herbot sehr unglücklich, er kehrt
1767 2193 2753 2270 nach Berlin zurück, zieht ins Hotel und schwört, seine
1769 2240 2740 2317 schöne Wohnung nicht früher zu betreten, als Arm
1758 2279 2740 2368 in Arm mit seiner Frau. Der brave Theaterdirektor
1764 2325 2746 2429 Dr. Falk, der die Menschen und die Komödianten
1760 2396 2739 2475 richtig zu werten weiß, hat Frau Sophie durch be¬
1750 2427 2741 2511 wegliche Briefe veranlaßt, wieder zu ihrem Manne
1760 2483 2737 2566 zurückzukehren. Dazu haben ihn auch praktische Er¬
1751 2528 2742 2611 wägungen getrieben, denn Dr. Falk hat unter den
1744 2574 2742 2662 Star=Launen seines ersten Schauspielers viel zu lei¬
1738 2628 2730 2724 den und kennt den heilsamen Einfluß der Frau So¬
1746 2676 2749 2763 shie. Die Ehe scheint sich wieder zu leimen. Da
1737 2733 2734 2815 kommt Dr. Gley, um Herbot inständig zu bitten,
1739 2771 2728 2849 ihm die Wahrheit zu sagen, was zwischen ihm und
1745 2832 2736 2898 seiner Braut vorgegangen sei. Nun setzt die
1739 2881 2730 2965 „Komödie der Worte“ ein, Herbot spielt die „große
1747 2933 2734 3011 Szene“. Er erzählt dem armen Jungen einen Ro¬
1736 2977 2733 3068 man, als wenn er um dessen Braut beinahe toll
1745 3030 2729 3112 geworden wäre, und sie hätte ihn nicht erhört. Frau
1730 3086 2721 3162 Sophie hat aber aus dem Nebenzimmer alles mit
1731 3140 2732 3208 angehört, vor so viel Lüge erfaßt sie ein Ekel, ein
1739 3185 2727 3263 Grauen, sie will wieder fort, doch dem Sophisten
1741 3227 2724 3301 Dr. Falk gelingt es, ihren Sinn zu wenden, zumal
1735 3279 2726 3352 Herbot allen Ernstes nicht auftreten will, wenn er
1744 3337 2426 3402 leine Frau nicht in der Loge sieht.
1807 3380 2715 3464 Der dritte Einakter, „Das Bacchusfest“, führt
1735 3401 2714 3503 ans in die Salzburger Bahnhofshalle. Dort erwar¬
1728 3464 2719 3558 lei Frau Agnes Staufner ihren mit dem Zuge aus
989 3502 1721 3623 „Komödie der Worte.“ 7o##)
1737 3527 2713 3606 Innsbruck eintreffenden Gatten, den Schriftsteller
779 3557 1650 3662 Einakter=Zyklus von Arthur Schnitzler.
1732 3583 2703 3657 Felix Staufner. Sie ist von Herrn Dr. Guido
1736 3627 2705 3706 Wernig begleitet. Vor sechs Wochen hat sie an der¬
894 3633 1730 3736 (Zur heutigen Erstaufführung.) X//72
1725 3681 2709 3765 selben Stelle von ihrem Manne Abschied genommen.
788 3722 2702 3795 Der Inhalt der drei unter vorstehendem GeK Fünf Jahre war sie mit ihm. verheiratet, nun will
741 3758 1713 3830 samttitel zusammengefaßten Stücke: „Stunde des
1723 3780 2712 3845 sie die Gattin des Doktors der Chemie Wernig wer¬
733 3819 1709 3889 Erkennens“, „Große Szene", „Das Bacchusfest“.
1718 3827 2702 3898 den, den sie inzwischen näher kennen gelernt hat.
725 3868 1709 3933 wird in einem Berichte des „Pr. Tgbl.“ über die
1715 3868 2706 3946 Sie wolln se Dr. Staufner gleich sagen. Der hat
726 3916 1712 3980 kürzlich am Burgtheater stattgefundene Urauffüh¬
1720 3929 2699 3995 sich in das Gebirge zurückgezogn, um sein Stück
717 3976 2698 4062 rung des Werkes in nachstehender Weise skizziert: „Das Bacchusfest“, zu vollenden. Das Bacchusfest
