3392 4352
2118 176 2564 269 box 32/4
248 193 1958 308 26.1. Konoedie der Norte zykius
409 380 820 458 Ausschhitt aus:
770 415 1541 514 Hannoverscher Courier
410 465 585 543 vom:
998 496 1047 537 —
1063 491 1230 569 19•5
934 537 1244 623 nene eenenen
1673 607 2793 682 flächlichkeiten herauszuholen suchte, was herauszuholen war.
783 627 1377 727 Deutsches Theater.
1671 662 2801 724 Seine Partnerin war im ersten Bilde Helene Normann,
1663 707 2800 764 die aus einem gänzlich verzeichneten Frauencharakter doch so
453 671 1634 787 I Zum ersten Male: „Komödic der Worte“, drei Einakter
1666 752 2788 794 etwas wie ein fühlendes, leidendes Weib zu gestalten wußte,
792 752 1346 828 von Arthur Schnitzler.
1669 791 2799 840 im zweiten Bilde Marta Schneider die wiederum wie bei
576 794 1631 870 Es ist gut, daß wir hier in Hannover die üble Ein¬
1668 823 2788 882 ihrem ersten Auftreten viele schätzenswerte Vorzüge ihres
434 822 1630 898 ichtung der sogenannten Nachikritik nicht kennen. Denn
1663 869 2798 924 Talents erkennen ließ, und im dritten Bilde Toni Rup¬
505 885 1627 950 sorst hätte der Schreiber dieses Berichts am Ende doch im
1663 893 2785 958 precht, die im Verein mit Willy Clodius — der auch den
497 922 1628 984 ersten Aerger über diesen unangenehmen Abend mit Kanonen
1662 943 2786 987 Theaterdirektor recht gut verkörpert hatte — dem fast allein
503 964 1635 1004 nach Spatzen geschossen und sich ein ernstes Wort vom Herzen
1658 978 2794 1032 redenden Schriftsteller Staufer verständnisvoll die Stichworte
494 994 1636 1065 heruntergeredet über die Gefahr, die solche Stücke für die
1663 1022 2793 1073 brachte. Das Publikum begegnete dem ersten Stücke mit
508 1036 1633 1104 geistige Volksgesundheit bedeuten. Solche Stücke an sich, ihre
1659 1054 2795 1115 Achtung, dem zweiten mit Beifall, dem dritten mit Schweigen.
499 1082 1623 1136 Aufführung und der Gefallen, den sie immerhin bei gewissen
2305 1094 2760 1171 Martin Frehsee.
489 1107 1633 1181 Kreisen im Volke finden. Auch wäre vielleicht ein ernstes
491 1159 1619 1210 Wort gesprochen worden über die innere Unaufrichtigkeit des
498 1188 1633 1261 Begriffes „Literarischer Abend“, der eigentlich nichts ist als
496 1231 1622 1285 eine Ausrede, daß die Direktion dem Publikum doch bietet,
485 1285 1630 1325 was das Publikum eigentlich gar nicht haben will; wenigstens
488 1304 1623 1373 das Publikum nicht, das dem Theaterdirektor letzten Endes
484 1348 1623 1415 das Brot ins Haus trägt. Denn allein von den seltenen
483 1401 1614 1454 Logengästen solcher Abende kann der Direktor nicht loben;
2230 1375 2858 1507 Der Humerist, Wien
1787 1398 2238 1499 Ausschnitt aus:
489 1427 1620 1491 Sperrsitz und Parkett und zweiter Rang bringen mehr ein.
559 1477 1611 1530 Aber, wie gesagt, das hieße mit Kanonen nach Spatzen
2013 1455 2323 1554 10.100 19 15
488 1514 1619 1587 schießen. Dieser Schnitzler, der ein so ganz anderer ist als
1804 1515 1986 1586 vom:
478 1562 1621 1619 der Schnitzler der „Liebelei“ oder der Schnitzler des
1848 1484 3106 1674 uer serit un un eiten See
1750 1540 2244 1647 L een e ee
490 1598 1620 1640 „Anatolcyklus“, ist ein Spatz, für den ein ganz leises Klatschen
1741 1555 3078 1733 Einakterzyklus „Komödie der Worte“ vermochte das Publikum nur
486 1631 1627 1683 in die Hände genügt. Dann fliegt er weg, und die Direktion wird
482 1670 1609 1723 hoffentlich durch das Ausbleiben des Puhlikums an den
1746 1620 3081 1800 keilweise zu interessieren. Die Darstellung war ausgezeichnel, vor¬
483 1709 1625 1769 nächsten Wiederholungen belehrt, daß das Reinlichkeitsgefühl
1755 1658 3088 1832 nehmlich Herr Gradnitzer, welcher als Arzt, Schauspieler und
486 1744 1613 1820 der Hannoveraner doch allen Ueberredungskünsten der Wiener
1751 1705 3093 1894 zuletzt als Schriftsteller Vorzügliches leistete. Seine Gegenspielerin;
480 1780 1314 1842 und der Berliner Kritik zu trotzen vermag.
1764 1755 3091 1935 Frl. Trebitsch verdient ebenfalls besonders belobt zu werden.
556 1827 1619 1899 Denn eine unreinliche Sache ist dieser Einaiterzyklus.
1764 1803 3098 1971 Auch die Damen Wilson und Michel seien mit Anerkennung
478 1867 1614 1937 Unreinlich in der Wahl des Stoffes, der in allen drei Stücken
1762 1843 3111 2025 bedacht, ebenso die Herren Kraus, Olden=Brandl und
478 1907 1609 1971 die beiderseitige eheliche Untreue in brutalster Form ist; un¬
481 1960 1609 1999 reinlich auch in der logischen und psychologischen Gestaltung,
1784 1911 3111 2072 Serhupt. — Das neuengagierte Opernpersonale stellte sich in:
476 1987 1611 2050 die sich in den seltsamsten Windungen und Verdrehungen ge¬
1770 1947 3107 2112 Rchard Wagners Oper „Lohengrin' dem Publikum vor.
477 2019 1610 2080 fällt; unreinlich schließlich auch in der Führung des Dialogs,
1783 1977 3143 2173 rl. Wertheim, eine Anfängerin (aus der renommierten Gesangs¬
477 2054 1606 2129 der alle sonst bei Schmitzler gewohnte Sauberkeit und Feinheit
474 2103 1624 2168 vermissen läßt. Ausgenommen vielleicht im mittleren Stücke,
1796 2032 3143 2218 ver Rene Minen de Mrehe dt wadch bo
2821 2095 3166 2200 Sernol
473 2140 1610 2200 in dem Schnitzler nech am meisten er sellst ist, während er
1549 2177 1591 2221 4
476 2178 1606 2224 im ersten sich etwas als Strindberg, im dritten so ungefähr
473 2217 1608 2301 als Shaw verkleidet. Beide Kostüme aber stehen ihm nicht
1800 2221 3125 2290 alles, was einer jugendlich=dramatischen Sängerin eigen sein soll:
472 2243 897 2312 und sitzen ihm nicht.
1794 2270 3131 2332 eine schöne, kräftige, gutgeschulte Stimme, Intelligenz, Talent und
557 2279 1599 2341 Also Schwamm drüber! Bleibt festzustellen, daß der
1795 2323 3122 2393 eine hübsche Bühnenerscheinung. Es war der Sängerin nicht
465 2324 1602 2395 undankbaren Aufgabe der Darstellung sich unter der sichtlich
468 2368 1607 2434 das Beste erstrebenden Regie des Direktors Stein die
1790 2368 3120 2437 schwer, gleich bei ihrem ersten Auftreten das Publikum für sich zu
472 2410 1603 2480 tüchtigsten Mitglieder des Deutschen Theaters mit Einsetzung
1793 2413 3123 2489 gewinnen und ist dieser Kunstjüngerin eine ehrenvolle künstlerische
465 2453 1600 2511 ihrer besten Kräste unterzegen. Allen voran Robert Taube,
1794 2465 3125 2541 Laufbahn sicher. Herr Füllenbaum verfügt über einen hellen,
466 2486 1597 2553 der dreimal in Maske, Sprache und Haltung ein völlig anderer
1788 2503 3119 2582 schmiegsamen Tenor, den er mit Verständnis verwertet; im Spiel
466 2534 1603 2608 war, und mit liebevoller Vertiefung aus den seichten Ober¬
1791 2566 3129 2630 erkannte man den gewandten Darsteller. Der Telramund des
1795 2602 3122 2674 Herrn Schwarz war, obgleich mitunter kräftigere Akzente an¬
1775 2660 3115 2730 zuschlagen gewesen wären, von guter Wirkung. Frl. v. Lohnbach
1782 2709 3132 2783 ffand für die Ortrud den richtigen Ausdruck in Gesang und Spiel.
1782 2756 3126 2807 Der Bassist Herr Schorr bedeutet einen großen Gewinn für
1776 2805 3107 2879 unsere Bühne. Ein Sänger von Noblesse und feiner Empfindung,
1777 2848 3111 2929 mit einer Stimme von Wohlklang und bedeutendem Umfang, zählt
1776 2916 3116 2982 zu den Seltenheiten. Wir freuen uns, im „Waffenschmied', „Frei¬
1779 2950 3113 3030 schütz' und „Martha“ diesen ausgezeichneten Sänger bald wieder
1784 3001 3109 3077 zu hören. Herr Schnepf vermochte als Heerrufer nicht zu ge¬
1775 3064 3113 3126 nügen, weil seine Stimme nicht kräftig genug ist. Der Chor hielt
1776 3103 3120 3171 sich tapfer und sang korrekt. Das Orchester stand unter der Leitung
1782 3155 3111 3213 des Herrn Hager=Haydu, welcher sich als ein tüchtiger und
1780 3203 3107 3271 umsichtiger Kapellmeister zeigte. Die Spielleitung besorgte Direktor
1771 3251 3103 3320 Richter und ist es nur selbstverständlich, daß alles klappte. Das
1777 3310 3119 3361 volle Haus spendete den Mitwirkenden vielen und wohlverdienten
1780 3335 3105 3407 Beifall. — Die Operette „Auf Befehl der Herzogin“, von Bruno
1781 3389 3100 3467 Granichstädten, wird sich hier nicht zu einem Schlager heraus¬
1777 3459 3108 3518 wachsen. Die schwache Handlung vermag die Zuschauer nicht zu
1776 3481 3103 3550 interessieren. Der Komponist hat eine feine, gefällige Musik ge¬
1775 3542 3114 3596 schrieben, einige flotte Walzer, ein schneidiges Terzett, ein prächtiges
1771 3596 3102 3655 Antrittslied und einige Märsche, die vielen Anklang gefunden haben.
1774 3644 3107 3687 Die Darstellung konnte nur teilweise gerechten Anforderungen ent¬
1783 3692 3115 3773 sprechen. Frl. Birk gab mit Würde und Eleganz die Herzogin.
1771 3732 3115 3809 Frl. Sild (Lintschi) war das echte, süße wiener Mädel; voll
1769 3788 3104 3844 Schneid und wohltuender Herzensgüte. Herr Steilauxentledigte
1763 3832 3097 3902 sich mit Gelingen seiner Aufgabe. Auch die Damen Jolan und
1761 3878 3098 3946 Jelly sind zu erwähnen. Die Herren Schnepj (Weißhappel)
1771 3943 3111 4003 und Teumann (Toni) taten des Guten zu viel und beeinträchtigten
1772 3982 3112 4030 dadurch die Wirkung. Der Spielleitung des Herrn' Golda und dem
1760 4038 3064 4097 Mulikleiter Herrn Fürstbauer gebührt Anexkennung.“ S. K.
