3344 4352
2117 203 2570 307 box 32/5
252 221 1950 311 26.1. Kongedieder Norte—Zukius
878 977 964 1058 25
566 1015 638 1084 *
671 1055 732 1115 7
636 1080 1236 1196 Eheater
1886 1096 2906 1169 Renaissancebühne. Diesmal hatte Direktor Walden
1861 1150 2897 1214 ein paar seiner Kunst würdigere Stücke gewählt, als er
417 1183 495 1238 9
1869 1195 2895 1251 Schnitzlers—brei Einakter „Komödie der Worte“ zur
1855 1229 2907 1282 Aufführung brachte. Diese ganz auf Konversation gestellten
588 1214 1300 1322 Zweiter Schnißler-Abend.
1859 1272 2896 1323 Szenen sind so recht das für ihn passende Gebiet und er
720 1287 1121 1357 (Renaissancebühne.)
1851 1310 2897 1365 hatte sich auch die richtigen Partner und Partnerinnen
498 1322 1381 1416 Harry Walden spielt nun hier die
1854 1352 2894 1406 gesellt, vor allen seine Frau, die als Frieda Wagen
398 1350 457 1445 E
1863 1392 2899 1440 schon ihre Erfolge auf der Bühne in Wien hatte und nun
453 1392 1386 1458 Hauptrollen in den drei Teilen der „Ko¬
1870 1430 2890 1488 ihre fein abgestimmte Gesprächskunst in der „Stunde des
458 1450 1379 1511 mödie der Worte“ deren auffälligste
1861 1448 2904 1522 Erkennens“ zu voller, vom Publikum reich mit Beifall
435 1474 1383 1567 à Dimension die Breile geworden ist. Seltsam,
1858 1509 2898 1553 gelohnter Wirkung zu bringen verstand. Direktor Walden
395 1516 1378 1612 Swie unbewegt diese Stücke erscheinen, die
1866 1547 2896 1593 selbst hatte seinen Haupterfolg in der „großen Szeue",
1795 1524 1875 1607 #
1792 1578 2906 1638 22 brav sekundiert von Frl. Kneidinger und Herrn
1684 1506 1784 1658 8
408 1587 1373 1665 § man besser Spiloge zu ungeschriebenen Ko¬
1802 1620 2901 1679 (D Franz, neben denen Herr Wengraf als genasführter
379 1633 1368 1711 ∆ mödienneunen sollte, die allesamt beginnen,
1692 1640 1798 1708 855
1860 1661 2892 1708 Bräutigam sich übrigens ehrlich zu behaupten suchte. Im
1694 1682 1777 1744 2202
455 1691 1370 1771 nachdem ein letzter Akt eigentlich zu Ende
1821 1700 2902 1763 S#dritten der Planderstücke, „Das Bacchusfest“ stauden dem
1699 1725 1802 1778 65
1823 1746 2903 1804 O vielseitigen Bühnenleiter, der auch eine wahr! it geschmack¬
455 1744 1370 1812 gegangen ist und in denen die Begeben¬
1811 1765 1862 1811 25
1814 1789 2907 1836 #volle Inszenierung geschaffen hatts, Herr Karl und
387 1777 1375 1863 Seheiten, vielmehr die Gespräche über Begeben¬
1808 1820 2905 1869 & Frl. Herbert nach Kräften zur Seite und Herr Mauth
455 1846 1375 1912 heiten von gestern in einem allzu langsamen
1814 1852 1858 1926 *
1866 1863 2896 1903 Ssorgte als Bahnhofportier alten, gemütlichen Schlages fürs
450 1893 1375 1953 Tempo von der Stelle rücken. Vielleicht
1866 1899 2898 1945 drastisch Humoristische. Man verließ das Haus besser be¬
1864 1932 2909 2004 friedigt als nach allen den bisherigen Neuheiten, mit denen
386 1942 1379 2012 e#mppfindet man das vor allem deshalb, weil
1853 1972 2898 2033 Direktor Walden seine erste Spielzeit abwechslungsreich zu
445 1983 1367 2058 die Darstellung Harry Waldens — von der
1864 2018 2907 2068 gestalten suchte; es wehte, zumal im ersten der drei Stücke,
445 2028 1371 2109 Lassermanns gar nicht zu reden — einmal
1864 2067 2862 2122 etwas wie Burgtheaterluft in die Neubaugasse herüber.
445 2076 1370 2152 kräffgere Farben verwendet hat. Die Ge¬
2653 2098 2869 2152 —8—I.
995 2392 1380 2477 DERNE
421 2411 603 2497 enstag
446 2516 1368 2602 stalten der drei Männer erscheinen diesmal
1939 2526 2441 2599 Renaissancebühne.
435 2567 1348 2650 gleichsam in flachen Reliefs, während sie
1699 2576 2774 2647 Harry Walden spielt jetzt in seinem Theater die
446 2598 1374 2689 doch ehemals robuste Körperlichkeit besessen
1599 2628 2802 2692 drei Hauptrollen in SchnitzlensEinatter=Folge
2758 2638 2862 2731 35
2884 2659 2926 2719 4
461 2666 1358 2744 haben. Harry Walden, nach wie vor im
2889 2666 3008 2750 *
1614 2679 2761 2761 „Komödie der Worte“. Man hät seine Freude dran,
2766 2719 2826 2774 —
460 2715 1367 2798 Besitz schätzbarster Eigenschaften, erscheint
1611 2727 2761 2805 wenn auch eine gewisse Müdigkeit des geschätzten
2774 2747 2876 2808 —
459 2762 1362 2834 sichtlich ermüdet, manchmal sogar verdrieb¬
2766 2781 2876 2830 —
1606 2774 2759 2837 Künstlers nicht zu verkennen ist. Den Haupterfolg trug
2774 2820 2842 2865 C
457 2790 1366 2886 lich. Er scheint überbürdet, fahrig geworden
1614 2821 2757 2895 er natürlich in der „Großen Szene“ davon, die förmlich
2768 2840 2874 2888 7
453 2861 1370 2924 und sollte sich unbedingt schonen. Frieda!
2895 2861 2993 2932 *
1625 2871 2771 2949 für ihn geschrieben ist. Uns dünkt aber die beste Leistung.
458 2896 1371 2978 Wagen erledigte ihren Part auf taktvoll
2896 2921 2991 2980 2
1624 2932 2778 2995 sein Dichter im „Bacchusfest“ zu sein. Da weiß er mit
2889 2968 2984 3016 30
462 2969 1367 3036 kluge, ein wenig äußerliche Art, die einzig
1621 2969 2776 3040 löstlicher überlegener Ruhe eine überragende Persönlichkeit
2835 2991 2927 3041 8
461 3021 1370 3075 die gute Sprecherin ins günstige Licht rückte.
1628 3017 2778 3096 zu gestalten. Merkwürdig übrigens der Sirindbergsche
470 3056 1375 3133 Schade, daß das begabte Frl. Kneidin¬
1624 3063 2778 3139 Ausklang des launigen Stückes. Das Ensemble der Re¬
467 3116 1369 3179 ger so selten den Kontakt mit dem Mit¬
1619 3111 2778 3186 naissancebühne hielt sich diesmal sehr wacker. Vor¬
456 3157 1370 3227 spieler zu finden vermag, daß sie es förm¬
1625 3165 2786 3228 trefflich Herr Franz und Herr Mauth und Frau
468 3208 1373 3273 lich darauf anlegt, sich jeweils eine Solo¬
1619 3223 2793 3289 Walden verdienstlich. Die übrigen Mitwirkenden
468 3253 1375 3332 szene zu reservieren. Herrn Franz' er¬
1629 3239 2792 3340 störten nicht. Nur daß ein beschwingleres Tem#o zu“
469 3289 1392 3384 probte Drastik, sowie Herrn Wengafs
1620 3325 1977 3401 wünschen wäre.
469 3361 1200 3438 sympathische Jugend rühmenswert.
1181 3393 1397 3492 v. 1.
