3344 4352
2143 145 2241 192 —
2052 198 2506 290 box 32/3
571 230 686 285 O M C
197 214 1904 315 26.1 Kdie der Norte—zyklus
2068 833 2526 905 Bähne und Welt.
1458 837 2092 947 * R.u G
1769 916 1894 960 —
499 933 569 981 96
1183 925 1338 998 Rundse
2307 929 3109 998 mühenden Seelenanalyse fehlt, ist trotz aller
1486 933 2278 996 missen läßt? Herr Mann soll aus Galizien
2319 985 3115 1039 Nachahmung Ibsens der Lebensnerv, die
1475 983 2290 1042 stammen, das ist ein versöhnender Zug, aber
2308 1024 2640 1074 innere Wahrheit.
1477 1037 2290 1077 unversöhnlich mit dem Wesen Parsifals und
2686 1025 3109 1082 Mag der Seelenarzt
1473 1064 2291 1123 dem Geist deutscher Sprache ist und bleibt
2317 1066 3114 1126 Schnitzler sein Gesicht noch so mühsam in
452 1066 1298 1131 schuh dem Feministen Ibsen zu. Die Lehre
2320 1103 3113 1157 die Falten des ernsten Diagnostikers legen,
1473 1101 2292 1150 seine fremdartige Behandlung deutscher
458 1126 1287 1176 der „Nora“ von dem unbedingten Rechte der
2306 1147 3114 1194 ich sehe überall nur Künstlei und Spielerei,
1470 1144 2290 1204 Laute. (Der Vorstellung, in der ein an¬
452 1163 1283 1216 Persönlichkeit, auch der weiblichen, meinte
2317 1183 3104 1246 geheime oder keck sich vordrängende Frivo¬
1477 1175 2281 1228 derer, Herr Gloherger, den Parsifal gab,
451 1209 1301 1264 er zu widerlegen, indem er den Handlungs¬
2316 1229 3119 1276 lität, lüsterne Sinnlichkeit und bedenkliche
1480 1224 2289 1264 konnte ich nicht beiwohnen, da ein Platz
454 1259 1290 1310 grundriß des Ibsenschen Schauspiels unge¬
2314 1262 3111 1317 Erotik, eine Mischung, mit der alles bla¬
1469 1259 2285 1309 nicht mehr zur Verfügung stand.) Von den
449 1303 1296 1354 fähr nachzeichnete. Doch hätte Strindberg
1477 1300 2290 1360 anderen Darstellern verdienen vor allem die
2312 1298 3116 1359 sierte Philosophieren, gemildert durch Sen¬
1474 1339 2280 1392 Herren Stephanie (Gournemanz) und
454 1340 1292 1395 auch nicht kurioserweise das moderne Pro¬
2310 1340 3114 1388 timentaliät, mich nicht aussöhnen kann;
2319 1383 3115 1431 auch nicht das ausgezeichnete Spiel, mit der
1476 1381 2286 1434 Schützendorf (Klingsor), auch Frau Schel¬
444 1377 1283 1441 blem ins geschichtliche Zeitalter der Refor¬
2312 1401 3152 1491 die Künstler des Hoftheaters den Einaktern
1477 1418 2133 1475 per (Kundry) genannt zu werden.
444 1423 1284 1484 mation verlegt, wodurch die Oberflächlichen
2312 1462 2939 1523 zum Erfolge zu verhelfen suchten.
448 1472 1290 1517 zu einem: „Ja, damals .. .!“ einigermaßen
1530 1460 2290 1529 Auf dem Gebiete des Schauspiels wäre
2630 1504 3115 1591 Dr. Karl, Bergir,
438 1516 1284 1559 gereizt wurden — bewiesen hätte Strindberg
1470 1513 2297 1570 als glückliches Ereignis die Aufführung von
2494 1543 2881 1622 ere
1469 1559 2285 1608 Shakespeares „Coriolan“ zu ver¬
441 1559 1287 1605 so wenig gegen Ibsen, wie Ibsen etwa gegen
1471 1595 2292 1647 zeichnen, wohlgemerkt auch eine Erstauffüh¬
447 1607 1294 1661 Shakespeares Petrucchio. Jedes Drama hat
1476 1638 2292 1688 rung für unsere Hofbühne, rund dreihundert
445 1644 1283 1698 am Ende seine Weisheit nur für sich selbst,
1472 1688 2295 1727 Jahre nach der Entstehung des Werkes.
440 1695 1280 1746 seine Wahrheit und Lehre nur für die eigenen
1470 1717 2290 1760 Wenn Stimmen dahin laut werden, man
443 1730 1285 1796 Personen. Schicksale, einander noch so ähn¬
1476 1751 2285 1805 dürfe in den schweren Zeiten dieses Welt¬
445 1778 1285 1828 lich, unterscheiden sich im tiefen Grunde in
1477 1791 2290 1849 krieges Werke von „feindlichen Ausländern“
449 1820 1287 1878 den Charakteren derer, die sie erleben. Be¬
1480 1844 2295 1884 auf unseren Bühnen nicht dulden, so ge¬
445 1864 1292 1930 wiesen hat also Strindberg höchstens für
1476 1868 2282 1916 bührt der Hoftheaterleitung für die Dar¬
447 1901 1295 1970 Herrn und Frau Bengt, daß sie über den
1476 1914 2285 1964 bietung des stolzen Werkes ein besonderes
1480 1952 2291 2000 Lob. Die tragische Größe des hochsinnigen,
447 1958 1285 2018 Riß ihrer Ehe, hervorgerufen durch den
1475 2002 2294 2046 leidenschaftlichen Römers fand in Hans
435 1991 1292 2057 Mangel gegenseitigen Vertrauens hinweg¬
1475 2032 2297 2076 Baumeister einen verständnisinnigen Dar¬
444 2042 1290 2102 kommen mußten, weil ihr Ehesinn der Be¬
1487 2072 2291 2130 steller. — Eine andere Erstaufführung, die
441 2089 1285 2146 lehrung fähig war. Man mag ohne weiteres
1478 2104 2294 2166 des „Komödie“ benannten, nicht einmal
444 2131 1291 2174 bekennen, daß der psychologische Beweis
1485 2149 2289 2216 recht possenhaften Schmarren „Der gut¬
442 2170 1286 2228 im festumschriebenen Falle überraschend ge¬
1479 2187 2303 2239 sitzende Frack“ von Gabriel Dre¬
440 2218 1290 2278 lungen ist. Strindberg zwischen den Polen
1477 2224 2292 2273 gely führt in Tiefen unseres Bühnen¬
438 2269 1289 2305 menschlicher Erkenntnis mit immer aufrich¬
1484 2261 2280 2308 wesens, wo mit der Kunst auch die „Moral“
1473 2300 2288 2358 aufhört. Wieder aufwarts dagegen reißt
445 2310 1289 2353 tigen, immer gegensätzlichen Bekenntnissen
1479 2343 2296 2400 uns Max Halbes theatralisch wirk¬
439 2349 1290 2404 schwankend, hat in diesem Schauspiel der
1481 2381 2294 2432 sames, aufregendes Drama „Der
437 2390 1283 2458 von ihm so oft grimmig verdammten Ehe
1476 2424 2295 2479 Strom“ das man nach mehrjähriger
442 2435 742 2492 Lob gesungen!
1477 2465 2292 2513 Verbannung von unserem Spielplan in
521 2468 1297 2539 Die Zeitgenossenschaft war auf den
1478 2503 2293 2551 dankenswerter Weise wieder ausgenommen
438 2526 1286 2567 Bühnen Berlins durch Arthur Schnitzler,
1478 2544 2299 2588 hat. Vermag Halbe auch nicht zur großen
441 2568 1285 2612 Georg Hermann, Walter Harlan und Otto
1481 2583 2289 2633 Tragödie durchzudringen, so bietet er doch
436 2613 1282 2674 Falckenberg ernsthaft vertreten. Im Lessing¬
1487 2617 2289 2663 im einzelnen mancherlei Feines und Gutes,
439 2645 1287 2719 theater fand sich zu Schnitzlers Einakter¬
1551 2666 2298 2717 zeigt er doch wahrhaft künstlerischen
1519 2666 1572 2706 0
1484 2702 2293 2744 Ernst, auch da, wo ihm die Kraft, das Kön¬
434 2686 1299 2759 zyklus „Komödie der Worle h eine
1484 2743 2288 2796 nen versagen. Wenn Virtuosität, raffiuiert
436 2748 1288 2803 Gemeinde von Feinschmeckern, die sich gerne
1488 2771 2301 2830 geschickte Mache gleichbedeutend mit Kunst
444 2791 1290 2846 in das selbstironische Spiel der Worte verlor.
1493 2825 2299 2870 und künstlerischem Schaffen wäre, müßte
434 2839 1291 2888 Bassermann trug den bescheidenen Erfolg des
1679 2854 2297 2913 Schnitzler als ein Großer
449 2874 1322 2940 Abends, der nur nach des Dichters und des „
1482 2857 2295 2951 Arthn## drei Einakter,
1491 2898 1658 2954 gelten.
440 2916 1299 2981 Schauspielers Virtuosenleistung im Mittep“
1490 2944 2290 2984 „Stunde des Erkennens“, „Das
441 2967 1285 3023 stück („Die große Szene“) ein wenig lebhafter
1481 2975 2298 3030 Bacchusfest“ „Große Szene“, die
447 3008 612 3074 wurde.
1492 3017 2290 3068 hier und gleichzeitig auch in Frankfurt a. M.
521 3034 1277 3108 Georg Hermann hat seinem reizvollen
1491 3054 2301 3098 und in Wien ihre Uraufführung erlebten,
1476 3093 2295 3135 zeigen ihn als den längst bekannten müden,
438 3107 1274 3156 Doppelroman aus dem biedermeierischen
1476 3131 2297 3189 ironischen Skeptiker, dem jeder Schwung
440 3144 1274 3197 Judentum Berlins nun auch noch den letzten
1488 3180 2301 3222 und-alle-Begeisterungsfähigkeit fehit. Der
435 3192 1285 3244 Tropfen für die dramatisierte Fortsetzung von
1487 3210 2293 3261 Mittelpunkt dieser unter dem Titel „Ko¬
446 3232 1274 3280 „Jettchen Gebert“ ausgepreßt und mit dem
1483 3253 2296 3309 mödie der Worte“ zusammengefaßten
432 3278 1287 3319 unvergleichlich undramatischen Schauspiel
1485 3288 2295 3336 Einakterfolge ist wieder das Weib, die „bes¬
440 3321 1288 3383 „Henriette Jacoby“ neuerdings und erheblich
1486 3336 2300 3385 sere Dirne“ oder auch, wie im „Bacchus¬
1483 3368 2295 3430 fest“ eine reichlich dumme Gans, die Haupt¬
1489 3412 2291 3461 sache ist eine mehr oder wenig tief genom¬
991 3436 1302 3489 „Österreichische Rur
1487 3447 2299 3505 mene Liebelei; die Form die geistreiche oder
723 3467 1304 3526 Redaktionsschluß am 11. Januar 191.
1488 3482 2301 3542 geistreich tuende Plauderei. Was dieser
794 3522 1297 3575 Herausgeber: Leopold Freiherr
1491 3527 2300 3576 wichtig sich gebärenden psychologischen Tif¬
1011 3541 1428 3610 Dr. Felix Freiherr von Opf
1490 3581 2332 3633 telei, dieser unscheinbar tiefe Rätsel sich be¬1
772 3594 1418 3646 Chefredakteur: Dr. Glossy. Verantwortlicher
715 3639 1435 3690 Papier: Steyrermühl. — Buchdruckerei Carl Fi
