3344 4320
227 143 482 261 26.1
2082 150 2551 277 box 32/8
477 158 2032 263 Konoedie der Norte—zykius
1381 661 1492 749 —.—
862 833 3101 945 phüre der Schnitzlersichen Männerweät gegeben, Es sind die Menschen
862 940 3036 1046 denen das Wort Leicht wird, die viel und gerne von sich susssgen,
867 1015 2967 1113 und deren gescheite Anmerkungen zu den verworrenen Beziehungen
864 1094 2234 1196 des Lebens fast eßwas Berufliches haben.
1088 1171 2875 1286 Man freut sich auch der Wiederbegegnung mit dem genz
868 1277 2942 1382 eigentümlichen Schnitzler-Ton, der nicht verelten kenn, weil er
864 1354 3061 1474 an atwas Ueberzeitliches in unserem Leben rührt. Keiner hat so er¬
858 1465 2906 1562 Tebt und erleben lassen, wie Schein mit Sein vertauscht wird,
857 1554 2951 1636 sich ineinander mehgt und kralit und dieses Unentwirrbare aus
856 1628 2959 1717 Lüge und Wehrheit, aus Traum und Wachheit, aus Verrat und Treue
871 1735 3009 1822 unser Dasein mit seinen seligen und treurigen Stunden ausmacht.
862 1793 2874 1905 Es ist Schnitzlers ircnische Freude em Spiel. d’e sus einer
874 1875 3027 2010 7 Stunde des Erkennens!,ds die nächsten Menschen sich entschlei¬
864 1996 2940 2083 ern, eine des ewigen Nichterkennens macht. Im anderen Einekter¬
875 2071 3019 2171 er ist der lebendigste der Rethe- wird e1les zur ' grossen Sze¬
857 2178 2969 2259 ne“,ermeist, sich alles was zwei Monschen gelebt haben 1s un¬
860 2245 2992 2352 #ahr, verbogen und-wahrscheinlich und ist dennoch im tiefsten,
864 2324 2914 2435 ganz verschütteten Grunde wahrhafter Ausdruck eines Mesnhen,
866 2422 3016 2533 der vinfsch nächt anders kenn. Die Komödie der Worte
873 2509 2973 2618 ist auch eine Kimödie der Masken, hinter denen sich elles kbunz
856 2588 2060 2695 Leben verbirgt und begibt
1036 2747 2215 2893 0 N D E „Vien am 17. Oktober 1935:
653 2762 1055 2899 D J L 5 1
1119 2862 3002 3008 Zeit und Veltatimmung gübt sich in“ Kömödie der Norte“
669 2962 2876 3078 kund, übers11 vorte, schöne, strahlende und hinreissende Worte, ihres
667 3063 2979 3150 Uesens Tiefe öffnet sich auf gutgemeinete Stichworte Das alle:
670 3171 3055 3262 wirkt noch heute noch durch den Zauber und de Kreft der Shnitzlorschen
659 3228 1316 3360 Dislektik
1261 3398 2702 3551 F R J OURNAL:Wien am 12. Oktober 1935
966 3385 1286 3568 S V 1 P N.
665 3405 988 3545 NP u *
1140 3540 3020 3640 Die Sprsche ist dam Menschen gegeben, um seine Gedahken
667 3625 3050 3741 zu verbergen“, hot Talleyrand gensgt. Der Gedanke ist nicht neu. Voltäire
677 3728 2913 3861 sagt ümnl Iches ued schon Plutarch nonnt die Norte die Schleier der
668 3807 2915 3911 Gedankon. Je1 Schnitzler sind die Norte die Masken der Gedenken.Die
668 3902 3039 4007 Worte täuschen, die Vorte lügen, die Worte spielen Komödie,Das Problem
