3392 4352
2134 162 2582 269 box 32/1
277 166 1989 282 26.1. Konoedie der Worte zyklus
1068 1351 2092 1417 Hier, in dieser dreifaltigen Komödie der Worte,
2108 1333 3276 1435 Panorama des ersten Aktes erscheint ziemlich streng und
957 1383 2095 1463 wird des Lebens Szene dreimal zum Tribunal. Eine, die,
2106 1394 3265 1457 düster. In dem der beiden anderen mengen sich helle unds
158 1349 660 1484 Feuilleton.
645 1408 920 1524 Imnk
965 1447 2097 1509 als das Schicksal sie anrief, nicht das entscheidende Wort
2103 1450 3262 1513 dunkle Farben, herbe und weiche Linien zu reizvoller Un¬
956 1487 2101 1546 der Erwiderung fand, tritt ein in den Kerker der Be¬
2103 1504 3248 1561 bestimmtheit. Oft ganz übermütig sprudelnd fließt das
163 1520 619 1621 Burgtheater.
947 1543 2102 1614 trübnis. Vielleicht gar ins Grab. Ein schlechter Kerl
2104 1549 3247 1612 Glitzerbächlein des Dialogs zwischen melancholisch schattenden
954 1588 2094 1644 bahnt sich mit dem Dietrich seiner Suada den Weg ins
2105 1597 3253 1659 Trauerweiden, in denen wiederum die muntern Vöglein
206 1584 949 1680 „Komödie der Worte“,drei
953 1639 2099 1705 Freie. Und ein anderer behält im kurzen Prozeß um sein
2101 1648 3264 1711 singen. In einer molligen Dur=Tonart. Es wandelt sich
143 1660 739 1743 er von Artur Schnitzler.)
942 1688 2087 1773 Lebensglück die Oberhand, weil er den Widersacher einfach
2100 1696 3260 1767 sehr angenehm in dieser touristisch gesicherten, wie von
155 1697 941 1797 er Worte. Das kann heißen: Held dieser
947 1732 1571 1793 nicht zu Worte kommen läßt.
2109 1748 3254 1802 einem rührigen Verschönerungsverein betreuten Gegend.
195 1770 941 1836 Wort. Oder (bitter): Ach, Worte!
1055 1779 2095 1851 Allenthalben wird offenbar, daß Worte unverläßliche
2209 1796 3247 1840 Der erste Einakter heißt „Die Stunde des Erkennens“
155 1831 946 1884 r von Worten, Worte sind nur Komödie.
948 1817 2100 1904 Botschafter sind. Sie kompromittieren das Reich der Seele,
2097 1822 3260 1899 Spielt zehn Jahre vorher. Damals legte das Schicksal
140 1879 937 1936 esen kleinen Dramen geschieht nichts, es
950 1874 2093 1949 das sie vertreten. Sie „reißen es hinein“ reißen es aller¬
2097 1879 3262 1955 dem Glück des Ehepaares Eckold — alle Leute dieser
156 1925 941 1991 hen. Alle Erklärungen treffen zu; und
952 1926 2104 2002 dings auch, kann sein, wieder heraus. Niemals sagen sie
2100 1932 3257 2013 Komödie haben so affektiert schöne zweisilbige Namen:
152 1965 946 2039 . Ueberlassen wir die letzte Entscheidung
948 1978 2097 2044 die letzte, allerbestenfalls die vorletzte Wahrheit. Beim
2105 1987 3251 2050 Eckold, Osmin, Földing — eine Mine. Jetzt fliegt sie auf.
143 2019 948 2087 hnitzler=Philologie. Fest steht titelgemäß
954 2023 2103 2088 Versuch, ein Gesühl in Worte überzugießen, wird das
2105 2029 3248 2093 mit bescheidenem Krach, aber immerhin mit ekrasanter
148 2067 766 2118 himen sind die drei Akte nicht.
949 2068 2105 2142 Beste verschüttet. Ein Glück, daß in der Regel auch um
2096 2080 3261 2159 Wirkung. Drei Männer bestimmten das Schicksal der Frau
152 2099 943 2175 eit: auf das Dialektische kommt es an!
950 2117 2101 2177 dieses Beste noch nicht schad ist. Das Wesen, den mystischen
2106 2129 3246 2194 Eckold. Den einen liebte sie, dem andern gab sie sich hin,
138 2165 950 2230 te. Nicht wie einer tut, denkt, fühlt,
955 2171 2094 2219 Kern einer Sache treffen Worte nie. Man kann nur alles
2093 2170 3264 2238 den dritten nahm sie zum Mann. So ist es! Man hat
157 2219 952 2280 r seines Lebens Gestaltung, sondern wie
954 2218 2094 2286 in Worte „kleiden“; sie bleiben aber Umhüllung, ein
2099 2233 3259 2295 ein Herz, eine Epidermis und eine Lebensraison. Alle
155 2262 952 2340 inische Sprache hat, sehr sinnvoll, ein
949 2269 2092 2331 Fremdes, leicht Zerreiß= und Beschmutzbares. Und doch
2101 2272 3255 2344 drei wollen befriedigt werden und streben doch keineswegs
148 2309 940 2372 sdruck für überzeugen und überreden.
943 2314 2091 2371 kommt es auf das Dialektische an! Hier, in diesem Wider¬
2091 2316 3256 2391 immer zum gleichen Ziel. Warum gab sich die Dame
142 2360 954 2417 die rechte Sache, sondern das rechte Wort
949 2366 2086 2429 spruch, wurzelt des Kulturmenschen tiesste Tragödie und
2090 2374 3241 2448 nicht dem Manne, den ihr Herz verlangte? Da sie doch
156 2408 941 2478 n rechten Tonfall. Ob dich das Schicksal
939 2411 1903 2479 tiefster Spaß. Worte ... also und so weiter.
2097 2423 3240 2483 nichts Prinzipielles gegen die Eheknickung hatte? Weil sie
147 2445 947 2513 eispricht, hängt nicht von deiner Schuld
1061 2448 2090 2523 Ein passender Gesamttitel für die Einakter=Reihe
2098 2468 3255 2544 den Geliebten zu innig und wahrhaftig geliebt. Die.
168 2505 939 2578 sondern von der Tüchtigkeit des Ad¬
948 2498 2097 2570 Artur Schnitzlers wäre auch: Komödie der Ehe. Um eine
2092 2520 3240 2577 Empfindung für ihn war ihr zu gut, um sie an ein
146 2517 945 2617 deinen Lippen sitzt. Wehe den Unartiku¬
951 2559 2102 2613 Ehe handelt es sich erstens, zweitens und drittens. Um.
2091 2557 3245 2625 Techtlmechtl zu verschwenden. Das klingt unwahrscheinlich,
137 2591 938 2670 rten ist das Netz gewebt, mit dem man
936 2614 2093 2669 eine gebrochene, eine bröcklige und eine gebogene Ehe.
2101 2615 3246 2680 aber schön. Warum gab sie sich dann dem Andern? Weil
147 2648 953 2718 Aus Worten die Keule gedrechselt, mit
952 2660 2092 2721 Sittliche Anklagen werden nicht erhoben; wer kann dafür?
2084 2649 3241 2714 die erotische Spannung doch irgendwie gelöst sein wollte.
137 2688 937 2763 rsprechliche Argumente totschlägt. Aus
952 2688 2086 2765 heißt es schon in der „polnischen Wirtschaft“. Nur daß
2090 2706 3245 2779 Und der Gatte? Der glaubt heute noch, daß sie ihn mit
144 2748 942 2807 das Wolkenschiff gezimmert, in dem
938 2755 2092 2814 es dort ein Coupletrefrain, hier eine launig=bittere Frage
2097 2756 3243 2830 dem richtigen und nicht mit dem Ersatz=Geliebten gekränkt.
136 2784 936 2858 er felsenfeststehende Tatsachen hinweg¬
942 2807 2093 2858 an die unerforschlichen Götter ist. Der Dichter dieser Ehe¬
2086 2800 3243 2872 Er ist nicht für Subtilitäten. Er ist ein Rechnec, ein
140 2841 937 2922 n Allerweltsmaterial sind Worte! Man
944 2850 2092 2909 kombdien urteilt und verurteilt nicht. Mit der heiteren
2091 2855 3242 2927 Verwaltungsbeamter seines eigenen Schicksals, ein geeig¬
141 2888 935 2951 dien aus ihnen machen, die aussehen,
939 2889 2090 2958 Gelassenheit eines psychologischen Wurzelsepp stochert er
2090 2907 3244 2967 neten=Moment=Abwarter. Zehn Jahre hat er den
137 2934 940 3002 ter das Blut seines Herzens, den Saft
950 2941 1832 3008 ins Tiefe; nach Urgründen des Geschehens.
2087 2955 3230 3017 kochenden Zorn in seines Herzens Töpfchen warm gehalten.
143 2985 951 3072 inverkocht; und das feinste Lächeln aus
1046 2998 3237 3064 Die geistige Landschaft der drei Akte ist eine sanft Jetzt, da das einzige Kind glücklich auf der Hochzeitsreise,
141 3039 663 3120 kkerbüchse darübergestreut.
945 3044 3242 3132 hügelige, mit weiter, etwas dunstiger Perspektive. Das tischt er ihn auf. Er schmeckt, wie er schmecken muß: ab¬
375 3201 901 3318 TTAPA
