3344 4320
2038 142 2512 253 box 32/3
1154 169 1217 238 N
171 161 1901 267 26.1. Konoedie der -orte Zyklus
2051 2102 3167 2194 etnge=Gerenmins, vo die ererrrischen-Venbahners
2031 2181 3141 2232 den Personen= und Güterverkehr auch unter Berück¬
913 2175 2017 2255 ökonomische Nutzungsmöglichkeit der Wasserkräfte hebt
93 2180 899 2252 cher und privater Gebäude, den Aus¬
2036 2288 3138 2360 armen Pechvogel, dem ich etwas Glück schenkte, halb
917 2287 2014 2353 liches. Ihr tieferer Gram ist: der Schwund von
109 2296 890 2389 tler: „Komödie der Worte“.
2047 2331 2469 2397 aus Barmherzigkeit.
924 2337 1382 2419 Liebe, Glaube, Treue.
2091 2355 3141 2447 Sie könnte durch diese Mitteilung den Schinerz des
107 2380 853 2450 ührung im Lessing=Theater.
962 2359 2028 2449 (Dreimal gibt es einen betrogenen Teil. Einmal
2042 2416 3135 2486 Gatten verringern — doch weil er tück'sch gehandelt
922 2442 2016 2503 dreiviertelversöhnt; einmal halbversöhnt; einmal un¬
2054 2470 3133 2534 und geredet hat, entlastet sie den Gemahl nicht. Aus
931 2489 1170 2557 versöhnt.)
112 2482 899 2575 issen sich nach diesem Titel nicht mehr
2048 2503 3150 2584 Rache für seine Rache. Ja, sie begibt sich nun zum
970 2525 2017 2590 Der Grund des Vertrauensbruchs liegt aber jedesmal
106 2564 904 2613 Der Dichter hat sie schon gemacht. Alles
2040 2571 3136 2643 Dritten, mit dem sie niemals Ehebruch trieb — und
920 2578 2016 2641 im Geschlechtlichen. Oder: der Vertrauensbruch äußert
107 2611 907 2688 komödie der Worte, sagt er — wo der
2054 2620 2619 2692 treibt ihn; bevor er sterbe.
931 2631 1294 2703 sich geschlechtlich.
111 2661 508 2724 twa sagen möchte.
2084 2650 3134 2729 Der ausschlaggebende Ehebruch liegt um zehn Jahre
967 2678 1932 2736 Mit haardünnen ethischen Unterscheidungen
107 2697 910 2768 ckt von seinen Menschen ab. Er äußert:
2045 2718 3133 2789 zurück. In Fontanes „Effi Briest“ ist Verwandtes
933 2722 2015 2792 auf diesem Feld, und in Wien. Es arbeitet ein Lebe¬
109 2754 909 2814 für sie ein! Er belächelt sie. überblickt
2045 2771 3133 2824 viel echter begründet: Standeszwang — obschon längst
923 2775 1836 2845 manns=Ibsen; oder ein feiner Jausenhebbel.
103 2799 909 2869 reis ... durch den Titel. Da ist nichts
2056 2810 3144 2887 Gras darüber wuchs. (Bei Schnitzler wirkt hier alles
1409 2850 1534 2919 III.
2055 2862 2686 2942 ein bißchen theaterphantastisch.)
95 2868 900 2975 wird zum Kritiker? Immerhin vermag
965 2900 1522 2978 Schnitzlers alte Luftschicht.
2531 2925 2645 3001 IV.
115 2951 918 3020 prägen, was dem Dichter beim Fußtritt
984 2957 1751 3034 Ist er eigensinnig — oder folgestark?
2081 2955 3137 3046 Attrappen! Ein Mime lügt sich heraus wegen des
112 2999 466 3060 stalten schwante.
976 3010 1548 3084 Hilflos — oder unbeirrbar?
2047 3029 3149 3109 Umgangs mit einer Verlobten. Er nimmt (etwas grob)
112 3026 906 3103 wa dämmernde Zweifel, Tadel kann
975 3054 1353 3122 Was Ihr wollt.
2046 3089 2940 3150 einen Brief mit geändertem Datum hervor.
123 3098 918 3181 den Zusatz führen: „Wie schon der
971 3081 2018 3165 Jedenfalls bringt er wieder seine Überraschungen.
2091 3115 3149 3209 Solche Lügen vollziehn sich aber im Alltag viel
939 3149 2025 3207 Attrappen. Das Ausgezählte der Tragik. Seine höchst
2046 3191 3142 3265 feiner; viel unaufheblicher; v## schlichter; viel über¬
292 3174 411 3259 II.
940 3203 2023 3272 fesselnde Klügelei. Er ist ein (innerlicher und erfüllter)
2042 3227 3150 3292 zeugender — ohne vorgeholte Zeilen, worin das
99 3230 905 3320 ner Dichter findet, ist in den drei Stücken
937 3251 1888 3316 Taschenspieler. Halb rechnerisch, halb seherisch.
2050 3275 3141 3341 Mädchen, wörtlich, gesagt hat: „Ich liebe ihn (den
968 3293 2015 3358 Zweimal bringt er die Genugtuung des gekränkten,
124 3293 916 3351 das findet er kaum. Ist in den drei
2053 3317 3150 3410 Bräutigam) und werde niemals einen andern lieben
935 3345 2023 3395 verkürzten Mannes; zweimal mit einer Spur von
120 3345 909 3400 Naturlaut. Bahnhof. Zugverspätung.
2052 3386 2247 3458 als ihn.“
943 3392 1748 3450 Melo — (wie schon der Dichter findet).
120 3400 918 3463 für Bahnsteigkarten gibt nichts her;
2082 3404 2751 3497 Nichts für die Vorgeschrittneren.
973 3424 2028 3498 Einmal könnte die Frau den gehörnten Mann in
110 3438 905 3506 nAugenblick bearbeitet. Gottseidank.
2095 3464 3148 3530 Ein anderes Mal erzählt ein gehörnter Gatte von
941 3479 2032 3555 seinem Schmerz entlasten; Balsam auf das verletzte
113 3493 906 3564 Fünf Sekunden keine Selbstzersplissung
2048 3509 3142 3588 seinem (fast vollendeten) Drama „Das Bacchusfest“
936 3546 2016 3596 Selbstgefühl träufeln — wenn sie sagte: Du irrst ...
109 3544 668 3618 chlechtstierchen. Halleluja.
2059 3539 3150 3640 worin zufällig die Nutzanwendung für seiner Gattin
942 3582 2021 3641 ich habe dich nicht mit einem über dir stehenden
116 3576 913 3647 beschlechtstierchen ... Stimmt nicht ganz.
928 3605 3148 3699 Glückskind betrogen, damals; vielmehr mit einem Verhältnis zu einem anderen steckt. Er schmust.
129 3636 905 3723 ren ja gewissermaßen über Unkörper¬
