3344 4352
2112 171 2569 259 box 32/2
252 166 2050 292 26.1. Konoedie der Nofte—Zyklus
467 1032 909 1124 Ausschnitt aus:
974 1051 1555 1151 Frankfurter Zeitung
763 1119 1503 1220 1ä0h# Frankfurt u. M.
475 1140 648 1210 vom:
1658 1323 2813 1372 wirkt die „Große Szene", der zweite Einakter, so viel
1664 1353 2816 1409 echter und natürlicher, weil die Umgebung dem Problem die
1664 1397 2804 1447 richtige Grundlage gibt. Die liebe kleine bürgerliche Frau
733 1328 1433 1470 Der neue Schnißler.
1665 1432 2811 1484 des großen Schauspielers kommt, nachdem die Untreue des
538 1445 1615 1511 „Komödic der Worte“. Einakterfolge von A###ur
1669 1481 2818 1523 großen Gatten sie für einige Wochen aus ihrer Häuslichkeit!
529 1495 1620 1562 Schnitzler. — Uraufführung im Frankfur:
1668 1521 2808 1560 vertrieben hat, zurück. Halb versöhnt, glaubt sie sich mit ihrem
1677 1546 2809 1595 Schicksal abgefunden zu haben, unterstützt durch die Beschwich¬
714 1538 1432 1616 Neuen Theater am 12. Oktober.
1665 1586 2826 1644 tigungen des sich um die Seelenrube seines ersten Helden
548 1590 1645 1660 Es gibt Dinge, die man tut, aber über die man nicht spricht.
1671 1616 2800 1672 sorgenden Theaterdirektors. Da naht der zu der letzten
501 1651 1647 1698 Das gilt auch für die Bühne. Was aus der Tat geboren ist,
1667 1667 2810 1711 kleinen Eheirrung gehörige Bräutigam. Große Szene zwi¬
493 1683 1657 1744 derf gräusig, darf brutal sein, aber als Inhalt einer Ueber¬
1673 1695 2822 1751 schen den Beiden, in der der edle Verführer durch meisterhaftes
488 1714 1661 1778 leging, als tühl ausgerechnetes, nicht gelebtes Experiment
1676 1734 2820 1786 Spiel, durch halbe Wahrheiten, die doppelte Lügen sind, den
525 1768 1654 1807 ekt es unerträglich. Das wurde Schnitzler, der die
1666 1771 2810 1822 Bräutigam zu beschwichtigen versteht. Die liebe kleine bürger¬
496 1814 1648 1852 „Komödie der Wörte“ schreiben wollte, zur Tragödie.
1661 1812 2804 1872 liche Frau des großen Schauspielers hat „hinter der Szene“
502 1838 1653 1890 Wenigstens in dem ersten und künstlerisch ernsthaftesten der
1670 1858 2819 1909 zugehört und ist über diese Abgründe der Verlogenheit so ent¬
487 1875 1651 1924 drei Einakter dieses Namens. Er wollte die Unzulänglichkeit
1660 1897 2818 1950 setzt, daß sie von Neuem zu gehen beschließt. Aber Er erscheint,
486 1920 1653 1967 des Redens und falschen Schweigens beweisen, und fand für
1674 1929 2820 1987 schon im Kostüm, und verlangt, im Grunde sehr stolz über
482 1953 1655 2009 den Beweis nur — Worte. Ein Ehepaar im etwa 20. Jahre
1668 1971 2802 2026 seine schauspielerische Leistung gegenüber dem Gehörnten,
485 1993 1655 2038 feiner Ehe, ein scheidender Freund, dem die stille, tugendhafte
1670 2004 2823 2054 stürmisch nach der Galtin, die er nun einmal als ruhenden
503 2030 1658 2081 Frau beim Abschiednehmen eröffnet, daß die Ergebnislosigkeit
1664 2045 2808 2093 Punkt in der Erscheinungen Flucht in der Loge wissen will.
486 2069 1661 2128 des Werbens um sie seinen Grund darin hatte, daß sie ihn liebte
1665 2080 2820 2142 Und — sie bleibt. Das Ganze keine tiefer schürfende Weisheit,
487 2104 1657 2157 und darum nicht ihm, sondern (oh sonderbare Frauen!) einem
1674 2120 2820 2173 aber ein lustiges, kleines und vor allen Dingen wirksames
498 2147 1656 2194 dritten angehören mußte; daran anschließend Auseinander¬
1669 2155 2824 2229 Spiel mit Worten, Worten, die dem einen schwer, dem anderen
490 2190 1645 2239 setzung der Ehegatten, bei der der männliche Teil eröffnet, daß
1675 2205 2819 2251 leicht wiegen, und dazu heimlich aus der Tiefe ein leises
483 2227 1652 2276 er seit 10 Jahren um die Untreue der besseren Hälfte weiß
1676 2232 2648 2296 Schluchzen der Frau, der armen Dienerin aus Liebe.
487 2263 1657 2314 (natürlich mit dem Falschen! Oh sonderbare Männer!) und
1723 2285 2817 2344 Der Held des dritten Stückleins ist der Schriftsteller, sozu¬
494 2293 1655 2351 auf die für den jetzigen Termin (Verheiratung der Tochter) im
1668 2337 2819 2383 sagen der Uebergang vom Menschen zum Schauspieler. Dies¬
493 2335 1653 2395 geheimen längst festgesetzte Trennung dringt. Begreifliches Ent¬
1666 2377 2806 2426 mal ist die Gattin die Eheirrende. Der dazugehörige Dritte
478 2373 1648 2437 setzen der Frau über die planmäßige Lüge und tiefe Erniedri¬
1677 2405 2811 2467 ist sehr grün. Alles deutet auf Episode, aber man hat während
497 2411 1654 2473 gung dieser sogenannten Gemeinschaft (siehe Ibsens über¬
1665 2447 2820 2493 der Abwesenheit des dramen=schreibenden Gebieters vier
489 2440 1656 2508 tünchte Gräber und scelische Frauenmorde). Er triumphiert
1673 2476 2816 2538 Wochen ehegeirrt und fühlt sich nun moralisch verpflichtet, der
495 2494 1653 2541 über die Demütigung der Fräu, genießt die Rache des in
1667 2511 2819 2578 Irrung Dauer zu verleihen. Rechtzeitig kehrt der sehr über¬
491 2531 1646 2581 seiner Männchen=Ehre Gekrankten. Sie gesteht ihm nunmehr,
1670 2559 2813 2617 legene Gatte zurück und verhilft dem Paar durch bezügliche
484 2570 1650 2622 um sich zu revanchieren, nicht die richtige Untreue, sondern die,
1674 2607 2820 2659 mythologische Erzählungen (daher „Das Bacchus=Fest“) und.
481 2610 1662 2663 die er irrtünklicherweise von ihr annimmt (angenehm für den
1667 2626 2825 2699 sonstige Sticheleien zu der im Grunde von beiden gewünschten
489 2650 1647 2690 armen unschuldigen Freund! Noch angenehmer für den eigent¬
1661 2675 2822 2728 Rückkehr ins „Sittliche": eine Liebenswürdigkeit, aber daran
484 2685 1651 2738 lich Schuldigen!). Der Gatte bläst, nachdem er seinen Triumph
1665 2715 2817 2785 scheiternd, daß der geistreiche Schriftsteller so garnicht geist¬
489 2723 1659 2776 in der Tasche hat, leise zum Rückzug, sie aber, angewidert, ver¬
1669 2758 1867 2825 reich ist.
491 2750 1647 2811 läßt den Ort und begibt sich — weiter fort. Eine ungemein
496 2807 1663 2855 komplizierte Angelegenheit. Sicherlich kommen solche Fälle
1715 2788 2815 2860 Die drei Herren=Menschen, den Brutalen, den Komödian¬
494 2839 1649 2889 vor, denn das Leben ist meistens unwahrscheinlich, und Schnitz¬
1666 2826 2824 2893 ten den Geistreichen, gab Herr Schröder; eine glanzvolle
490 2878 1642 2931 lers, des ehemaligen Arztes, Neigung für solche interessante
1674 2887 2826 2942 Visitenkarte. Er gab damit den Beweis großer Sicherheit und
500 2919 1658 2969 Fälle ist begreiflich. Man könnte sich auch eine Novelle denken,
1661 2920 2828 2970 Vielseitigkeit. In dem zweiten Stück spürte man mehr als
498 2959 1653 3010 in der eine derartige Konstellation mit ihren merkwürdigen
1667 2961 2822 3010 Routine. Das naive Schwanken zwischen Wahrheit und Liebe,
497 2991 1649 3049 seelischen Irrungen und Wirrungen ausgebeutet würde, gleich.
1658 2999 2830 3057 die eitle und doch harmlose Selbstbespiegelung des sich eigent¬
495 3033 1650 3081 sam unter der Rubrik: Krankheitsberichte des anormalen Ge¬
1671 3039 2823 3091 lich nur für sich selbst interessierenden Mimen war packend,
492 3064 1644 3111 schöpfes Mensch. Auf der Bühne aber, nicht gehandelt, sondern
1662 3077 2816 3126 weil es sich leicht und natürsich ergab. Die drei Frauen
486 3106 1661 3174 verhandelt und zersprochen, wird das Unwahrscheinliche nicht
1660 3108 2827 3171 waren gut ausgewählt: Im ersten Stück, die stille Frau mit
483 3150 1435 3219 zum Ereignis, sondern nur zur peinlichen Affäre.
1674 3153 2831 3202 der heimlich glühenden Flamme, spielte Frau Leiko eindring¬
560 3186 1651 3241 Aber es gibt allerdings eine Welt, in der Worte Taten
1662 3187 2823 3245 lich und innerlich. Die liebe kleine bürgerliche Gattin des
1665 3219 2829 3286 großen Schanspielers gab Frl. Sangora, und in der feinen
495 3226 1656 3278 bedeuten, in der Echtes und Unechtes, Wahrheit und Schein
494 3267 1657 3328 sich so mischen, daß ein komisches (manchmal tragisches)
1670 3275 2825 3320 andeutenden Art ihres Spieles war viel von dem nicht eben
491 3303 1664 3358 Durcheinander entsteht: Die Welt der Schauspieler. Auf der
1663 3306 2830 3370 tragischen. aber doch wehmütigen Schicksal der Künfklerfrau.
494 3351 2827 3400 Bühne ist der Schein ihre Wahchert. Das überträgt sich auf das  Frl. Fuchs als sich wiederfindende Schriftstellers=Gattin, war
495 3376 2851 3452 Leben, in dem dann die Wahrheit gm Scheine wird. Darum herzig und schnitzlerisch. Her Großmann gah sicher und
2835 1306 3324 1361 launig den ehekuppelnden
2834 1351 3326 1404 schiedlich: im Heiteren bei
2821 1376 3328 1445 dehnt. Das letzie Stück w
2829 1429 3330 1482 zu tragisch und beschwert.
2825 1463 3308 1527 nach dem zweiten Stück.
2826 1504 3091 1575 des Autors.
3165 1582 3346 1655 e Dar
2877 1628 3331 1700 Die Darmstädter
2824 1684 3339 1746 die gleichzeitig mit der in
2833 1719 3325 1783 mäßigten Beifall. Der
2817 1762 3329 1812 bei den früheren Arbeiten
2826 1806 3329 1861 akter schien sich eine Verbi
2829 1849 3329 1892 oberfläche und Lebensiron
2837 1884 3357 1935 stellung suchte den Ansprü
2833 1914 3337 1977 werden, verfehlte jedoch
2842 1949 3325 2027 seien Herr Harprecht,
2891 2056 3348 2129 Schnitzlers Einakterseri
2842 2102 3348 2172 schaft in der Entwickl
2830 2147 3344 2209 grangewebes auch auf
2828 2185 3328 2237 Eindruck, der den Einz
2830 2230 3348 2297 geringes Interesse entg
2834 2255 3314 2324 setzlos Dahinlebender,
2838 2304 3303 2364 Menschen nicht für th
2829 2340 3330 2404 setzte seine besten Kräfte a
2827 2388 3356 2443 den als Träger der männ
2832 2426 3350 2484 durch die Damen Bleib
2832 2464 3347 2523 gemut. Das erste Stück
2826 2505 3356 2560 die Aufmerksamkeit wie e
2838 2546 3347 2593 spanntem Seil; das zweite
2835 2583 3356 2642 terkeit, trotzdem Frau Med
2841 2609 3347 2679 anschlug; „Das Bacchusfe
2839 2660 3340 2717 Wirkung. Die Premiere f
2839 2689 3337 2748 versammelter Gemeinde d
2832 2730 3353 2795 namentlich nach dem zweit
