3344 4256
2060 161 2523 248 box 32/4
198 152 1927 270 26. 1. Konoedie der WorteZykins
123 1048 3170 1140 rne: nicht das ist „unwahrscheinlich“ oder ausgeklü= Efsekt und nicht ohne virtuosenähnlichen Anstrich geformt. letzte geseilten, ziselierten Geschliffenheit und seiner un¬
2115 1097 3178 1166 merkrichen, bei allen scheinbaren Abschweifungen eisernen
1079 1119 2127 1170 „Warum ist unsereiner so geschaffen, daß er einem
136 1123 1100 1178 oder konstruiert. Die Konstruktion, also das Ge¬
1088 1128 3179 1211 Menschen völllg verfallen sein kann — so einem, der's Zielstrebigkeit und Steigerung bis zum Gipfel. Doch
112 1145 1092 1212 ngene, Gemachte und nicht Gewordene, liegt vielmehr
1086 1174 3165 1243 nicht einmal verdient, der es nicht einmal verstoht“, sagt greift man danach, will man Wesentliches fassen und
109 1195 1081 1257 dem ganz Unelementaren des Grundantriebes, aus dem
2105 1218 3167 1282 jesthalten, zervinnt das meiste unter den Händen. Worte.
1089 1220 2129 1286 die Frau des Hofschauspielers Herbot. Daß Herbot „so
118 1236 1090 1299 s Unheil entsprang: er glaubte (und glaubt sie näm¬
2111 1251 3166 1321 Worte. Schall und Rauch. Und die „Komödic der Worte“
1091 1274 2123 1330 einer“ ist, durch und durch angefressen und verlogen,
117 1270 1089 1327 untreu mit dem von Schicksal und Glück in Beruf und
2113 1301 2788 1374 ward zur „Komödie mit Worten“.
1086 1307 2130 1361 skrupellos bis aufs Mark, ohne in seiner kindlichen, von
109 1316 1095 1378 en vor ihm begünstigten Professor Orein; und daß sie
2202 1333 3174 1395 Herr Direktor Gorter, der die Aufführung leitete,
1085 1319 2132 1401 des Gedankens Blässe unangekränkelten Abnungslosigkeit,
132 1365 1085 1414 mit dem hinterging, mit ihm, dem Glückskinde, dem
2114 1375 3177 1437 blieb zu sehr im Aeußerlichen stecken. Er stellte die
1081 1368 2132 1437 der das Komödiesvielen zur zweiten, oder vielmehr ein¬
136 1391 1093 1448 s im Leben wie von selber zugeflogen kam, während er
2124 1409 3179 1473 Bühnenbilder, in den ersten beiden Stücken zwei schöne
171 1420 2129 1482 seuer ringen und sich schließlich doch bescheiden zigen Natur gewurden ist, auch nur die Spur eines Ge¬
2129 1445 3180 1518 und geschmackvolle Innenräume, im letzten die Bahnhofs¬
118 1461 2126 1521 Bte, das wurmt ihn am tiefsten. Jeden andern hätte fühls dafür zu haben, zeigt Schnitzler in jener „Großen
2447 1491 3170 1553 es bei der Kleinheit und den
1076 1499 2285 1546 1Szenc“, nach der das Stück den Namen trägt. Mit ihrl halle,
119 1506 1099 1570 hr verziehen: ihn nicht. Etwas in ihm schreit auf;
2126 1530 3177 1589 Mitteln unserer Bühne möglich ist. Hätte er sich nur
1092 1529 2132 1592 spielt Herbot einem bvaven Jungen, dem er die Braut ver¬
135 1542 1107 1598 rnicht sein Blut, sondern sein rechnender Verstand.
2116 1536 3178 1628 nicht bei diesem „Bacchussest“ völlig im Ton vergrißfen!
135 1571 2117 1634 das ist Schnitzlers Rechenfehler: wer aus so kleineml führt hat uns der acht Tage vor der Ehe zu ihm kommt.
2125 1590 3176 1666 Der ist nämlich ebenso ernst gemeint, wie in den vorher¬
131 1599 2127 1672 kleinlichem Neide handelt, der ist nicht fähig zu ders um die Wahrbeit zu erfahren, ein so täuschendes Spek¬
2131 1629 3182 1705 gehenden und vom Possenstil, wie ihn Herr Gorter
107 1655 2130 1720 uenhaften Größe solcher Rache: anders herum: bei dem takulum auf, in dem Rührung und edie Männlichkeit.
2116 1668 3178 1749 sich offenbar vorsteilte, eben so weit entfernt. Gorter tried
1096 1683 2132 1747 seoostanklägerische Reue und Zerknirschung, Stolz und
118 1694 1112 1759 solche Nache nicht mehr groß, sondern schurkisch. Das
2117 1724 3183 1786 alles bis an die äußerste Grenze der Unwahrscheinlichkeit.
1085 1732 2129 1791 hoher Sinn und Wahres und Falsches so raffiniert ge¬
114 1730 1101 1796 der Unterschied zwischen diesem strindberg=ähnlichen
2118 1753 3176 1818 machte aus seinem Dr. Gu.do Wernig, der bei Schnitz¬
116 1758 2135 1834 nitzler und Strindberg: wo Strindberg seine Konfliktel mischt sind, daß der brave Junge gerührt sich entfernen
2121 1778 3183 1863 ler ein stiller, vornehmer, scheuer Mensch ist, einen Trottel
132 1810 2132 1867 elementaren Urtrieben ballt, wird Schnitzler berech= und Herbot vergnügt — den Hamlet kann svielen gehn.
2128 1819 3179 1902 und ließ Käthe Habel=Reimerz als Frau Aanes
1092 1842 2132 1903 Seine Frau aber, die im Nebenzimmer alles gehört hat,
132 1846 1112 1909 d und berechnet. Menschlich rein wird seine Kunst, so
2127 1866 3186 1937 nur die Möglichkeit, es ihm gleichzutun. Dadurch wurde
123 1887 2134 1947 chlungene Wege sie auch gerade da aeht, erst wieder beilerschauert im Ekel vor soviel Gemeinheit und will fort,
2130 1907 3174 1979 Herrn Rotmund der Boden untergraben, und sein
1094 1929 2137 1983 auf immer. Doch er behauptet, ohne sie nicht leben und
129 1932 1105 1989 Frau. Mit seelenkennerischer Behntsamkeit nimmt er
1086 1941 3173 2025 nicht den Hamlet svielen zu können, fleht sie kulefällig=1 geistesgegenwärtiges, dialektisches Va=banque=Spiel um
113 1970 1104 2031 eier um Schleier von ihr, deutet das Rätsel ihrer
2118 1991 3180 2050 die Frau verlor im Grunde den gefährlichen Ernst. Blieb
116 2004 2135 2067 che mit wundervollen Worten und noch mehr mit dem, pathetrich an, und sie bleibt. Die Ketten schließen zu fest.
2124 2027 3180 2097 aber immer noch, in der Meisterschaft seiner Rede, mit der
142 2049 2135 2099 er verschweigt und erfühlen, erraten fäßt, und er= Das ist der Kern! Rundherum und mittendurch fallen
2122 2060 3174 2130 unheimlichen Ruhe und dem dumpf grollenden, immer zum
1087 2079 2127 2133 viel gescheite, lustige und witzige Bemerkungen über
135 2079 1107 2138 ht, daß man an sie glaubt, trotz allen Irrgängen, die
2125 2092 3169 2173 Losschlagen bereiten Unterton nagenden Ingrimms ein
1094 2130 2149 2186 Theaterdinge, Dichter, Schauspieler, Kritiker und Publi¬
115 2127 1087 2188 hr sind. Sie hat nämlich : Ormin wirklich geliebt,
2120 2144 3175 2209 erlefener Genuß. Und wurde nur übertroffen durch seinen
1088 2158 2139 2219 kum, ein samoser Thoaterdirektor wandelt einher, ein Ma¬
134 2163 1106 2215 r hintergangen hat sie ihren Mann mit einem andern.
1093 2210 3169 2248 nuskeipt unterm Arm, scherzhafte Gerstreichigkeiten auf Dr. Eckold in der „Stunde des Erkennens“. Hier trug
127 2198 1091 2259 sie weniger liebte. Einem, dem sie „in trübem Dasein
2118 2215 3177 2292 Ernst Rotmund die Qual de zehnjährigen Schweigens
1087 2248 2130 2294 der Zunge und verstehendes Menschentum im Herzen, alles
136 2247 1100 2296 erste Himmelsstrahl“ war, „das große, das einzige
2115 2253 3182 2329 erschütternd im zerwühlten Gesicht mit seinem nervösen,
1099 2277 2139 2341 ist überhaupt leichter und schwebender, lustiger und amü¬
120 2272 1096 2334 c eines Lebens“. Und somit wäre alles anders ge¬
2124 2296 3182 2367 kranken Zucken; Wort um Wort kam mühsam und ab¬
1091 2311 2135 2372 santer als vorher — aber der Kern bleibt doch: rettungs¬
121 2316 1108 2376 men (dies aber braucht kein Rechenfehler zu sein,
2124 2332 3179 2404 gehackt aus ausammengepreßten Lippen, indeß er gedanken¬
1099 2356 2127 2408 loses Aneinandergekettetsein von Mann und Weib. Auch
118 2350 1116 2410 vielmehr eine Verschärfung der grausig hohnvollen
2122 2366 3174 2450 ios mit dem Zwicker spielte und die Hände keine Sekunde
1091 2391 2131 2452 im lebten Einakter, dem „Bacchusfest“, doch hier am
121 2388 1115 2453 gil bedeuten; wenn ihr Mann, der auf der falschen
2128 2413 3174 2481 Ruhe fanden. Bis er sich streckte im Triumph und mit
121 2433 2124 2494 hrte war, gesprechen hätte. Wenn die „Stunde des tiefsten versteckt unter der bunt schillernden Oberfläche.
2126 2455 3185 2518 stählerner Härte den Sckußstrich zog. Vor der bohrenden
127 2475 2131 2527 ennens“ in ihren Grundvesten nicht eine „Komödie des Daz Taschensvielerkunststückchen, wie ein Ehemann auf
2129 2493 3176 2557 Tiefe dieser Menschengesbaltung mußte sein Schauspieler
128 2515 1104 2570 hweigens“ wäre und nicht erst wieder zur „Komödie
1085 2510 2132 2562 dem Bahnhof zwieschen zwei Zügen seine Frau dem Neen¬
2131 2530 3183 2600 Herbot ein wenig verbhassen, so glängend er die sprühende,
129 2540 1109 2598 [Worte“ würde, als die Frau in ihrer grauenhaften
1090 2541 2134 2601 buhler, der sie schon sicher zu haben geaubte, wieder ab¬
2122 2545 3181 2637 #eihende, geitzernde Komsbhantenhohlheit und die kindliche
120 2575 1096 2649 iedrigung . nicht durch Aufdecken der Wahrheit den
1091 2589 2131 2638 jagt nur dadurch, daß er ihn überhaunt nicht zu Worte
2120 2612 3186 2666 Ahnungslösiakeit traf und so überveugend er die „große
118 2620 1098 2677 nn erlöst, sondern ihn in seinem Wahn bestärkt und
1091 2619 2138 2681 kommen läßt, ihn mit seiner glänzenden Dialektik einfach
2120 2640 3179 2708 Szene“ spelte. Der Abend und der Hauptteil am Erfolz,
145 2669 1094 2722 ihrerseits ebenbürtige Rache nimmt, indem sie ihm
1088 2668 2128 2721 erschlägt und Ich in der Selbstverständichkeit seines
2122 2683 3186 2755 der hoffenzlich zu einer Serbe guter Häuser führt, gehörte
130 2706 1098 2759 8 Glück mit Ormin, das sie nie genossen, noch einmal
1092 2697 2139 2761 Besitzes, die doch in diesem Augenblick eine Lüge ist.
2123 2715 3178 2786 ihm. Carla Holm hatte als Frau Eckold die Güte,
120 2739 1100 2805 den glühendsten Karben malt. Das ist das Ende, und
1088 2733 2136 2806 wiegt: Dies Kunststückchen wäre nur taschensvielerisch
2122 2746 3183 2830 von der Professor Ormin fagt, daß man aus ihr sogar
133 2778 1101 2831 nicht ganz das Ende. Die Frau verläßt noch in der¬
1096 2779 2136 2838 schlummerte nicht der Geist der Schwere in der Tiese.
2129 2806 3185 2871 fündigen könne, und Friedrich Reinicke war als Ormen
130 2814 2122 2881 en Stunde das Haus Wohin? In die Welt? In den unter allem. Bräche er nicht nach langem, unteriridschem
2131 2828 3182 2907 was man so einen sympathischen Menschen nennt, aber
133 2863 2137 2919 2 Sie schweigt sich darüber aus. „Worte lügen.“ Der Grollen hervor im Stöhnen des Mannes: „Ich hasse
135 2870 3185 2949 nn aber kommt jetzt zum tiefsten Bewußtsein des rest= Dich!“ Worauf sie: „Und ich Dich noch tausendmal mehr mehr bedeutsam als bedeutend. Hilde Wall gab im
2123 2916 3182 2986 „zweiten Stück die Schauspielersgattin mit merkwürdiger
133 2930 1117 2990 n. rettungslosen Verkettetseins mit der Frau. Er
1186 2937 2139 3001 — mein Geliebter!“ Sie können nicht voneinander.
2125 2964 3184 3018 Gefühlskälte, Karl Knaack schuf mit seinem Theater¬
170 2968 1093 3030 t, und ein Wort von ihr würde ihn halten. Sie
1093 2959 1624 3049 Der Widerhaken sitzt zu tief.
2123 2997 3185 3061 Nrektor einen Prachtkerl: Hans von Wolzogen
122 3009 1113 3073 cht es nicht, dies Wort. Die Ketten sind gebrochen.
1156 3002 2080 3071 Menschliches, Allzumenschliches. „Worte lügen“.
2123 3039 3182 3096 rettete mit seiner starken Innerlichkeit den betrogenen
140 3043 1101 3098 Martyrium ist aus, oder — fängt erst recht an.
1095 3047 2146 3108 Das ist ein Motto, und kein ungefährliches für eine, für
2131 3074 3182 3135 Bräutipam vor jedem Anflug des Lächerlichen und Aenne
131 3081 1096 3140 nigstens für ihn, mit sich selbst, seinem „Gewissen“.
1096 3087 2135 3144 diese „Komödie der Worte“. Der dramatische (und
2130 3109 3185 3175 Gettke flatterte als angebende Schauspielerin sehr
136 3112 1104 3191 nenne ich Bis=ans=Ende=gehen“ ohne Rücksicht auf
1095 3125 2139 3180 dramatunzsche) Ban der drei Einakter ist von meisterlicher
1093 3152 3176 3213 Geschlossenheit und Lückenlosigkeit. Die tragen, jeder für! tbeaterhaft undd sehr „angehend“ herum. — Es war ein
133 3161 897 3226 hisch oder sonstwie befriedigende Schlüsse.
136 3216 3180 3268 Rettungsloses Aneinandergesettetiein= Harum han= sich, ihr Gesetz, den Rochmus ihres Geschehens und ihrer Erfolg. Nun ist es Sacke des Publikums, dafür zu sorgen,
134 3218 3185 3312 sichs auch in den beiden fosgenden Stücken, werngleich! Entwicklung, unverrückbar in sich. Sie müssen sein, wie daß er nicht unbesohnt blebe, damit die Direktion auf
133 3283 2921 3344 lerischer (von außen gesehen! Im Innern ist kein sie sind, oder sie können überhaupt nicht sein. Ein Dialogldem begonnenen Weze weiterschreiten kann.
2827 3295 3170 3383 Walther Rills.
141 3329 2179 3408 a verändert), ionaleurhafter, mehr im Hinblick auf den wie der des ersten Stückes ist unerhört in seiner bis ins
