3344 4352
2091 246 2533 338 box 32/9
219 252 1925 331 26 1. Konoedieder Norte—Zukius
1487 529 1891 605 Allgemeine Rundschau.
2749 548 2930 599 Seite 800.
444 533 937 600 Nr. 44. 30. Oktober 1915.
1708 652 2976 703 ausgegrabenen Spielpläne von 1870 auch nicht die Hamletsche For¬
772 651 1267 716 So hab' ich deine Pfunde
1711 701 2984 768 derung, „eine abgekürzte Chronik und ein Spiegel unseres Zeitalters“
761 706 1250 759 In Frevelmut vergendet
1708 742 2154 803 zu sein, erfüllt hatten.
766 743 1311 796 Und für der Armut Wunde
1830 761 2988 821 Gewiß, nicht alle Bühnen erschöpften sich in Banalitäten, in einer
763 784 1254 835 War mir ein Heller gut.
1712 814 2994 864 Aufwärmung Kotzebnes, des „deutschen Dichters“ der dem Zarismus
771 819 1358 883 Das wird an mir noch zehren,
1717 840 2993 899 und dem deutschen Spießbürger zu dienen verstanden, man brachte auch
758 863 1348 911 Wenn Leib und Seele scheidet,
1717 896 3003 942 Novitäten, Verzeihung, Neuheiten muß man jetzt sagen. Ach, forderte man
763 898 1357 960 Wird kämpfen, mir zu wehren
1719 938 2999 981 so strenge wie das deutsche Wort auch den deutschen Geist! Unsere
770 940 1213 997 Den letzten Todesmut.
1709 976 3002 1022 Leser wissen, daß hierin eine genaue Beobachtung der deutschen Spiel¬
545 972 1688 1033 Der „Tag von allen Tagen“ geht an Annettens Seele „furchtbar
1714 1011 3002 1057 pläne zu herber Kritik herausfordern mußte. Jedoch hat sich diese For¬
404 1015 1693 1072 vorüber“ Das Rätsel der Auferstehung plagt sie und rüttelt an ihr,
1710 1052 2994 1099 derung einer sittlichen Besserung der Schaubühne durchaus
406 1067 747 1130 sie versteht nicht:
1714 1094 3011 1141 nicht auf die eine oder andere politische Partei beschränkt. Nur in München
736 1086 1355 1149 Wie ein Leib, der längst entfaltet
1715 1132 2995 1178 haben sich Leute gefunden, die in der Krikik über amoralische Stücke, die
1716 1168 2998 1223 kamen, kommen sollen oder kommen sollten, einen Bruch des politischen
723 1192 1210 1234 In erneuter Lebenskraft
1714 1207 3003 1246 Burgfriedens zu erblicken glauben („Münch.=Augsb. Abendztg.“ Nr. 290).
726 1215 1297 1274 In dem zweiten Leib gestaltet.
1720 1244 2998 1286 Es erübrigt sich, hierüber in eine Polemik einzutreten. Ganz sonderbar
719 1264 1306 1317 Wie er wieder mag erscheinen,
1718 1284 3000 1333 ist der gute Rat, Stücken, die uns nicht passen, fern zu bleiben. Mit
728 1305 1303 1349 Von dem andern unverwehrt,
1713 1327 3008 1376 dieser Logik könnte man die Wahrnehmung aller öffentlichen Interessen
731 1343 1322 1386 Der ihn trug in den Gebeinen
1719 1364 2999 1418 ablehnen. Die Notwendigkeit einer sittlichen Reinigung
727 1370 1361 1426 Und vom dritten längst verzehrt?
1716 1406 3000 1451 der Bühne hat in allen Lagern Anhang. Die Lungenkraft
403 1416 1693 1477 und ordnet sich doch in Demut Gottes Weisheit unter. Das Erwachen der
1717 1438 3001 1484 der eine andere Ansicht verbreitenden Kliquen täuscht über die Zahl.
400 1472 1687 1525 Toten beim Hinscheiden des Gottgekreuzigten malt sie mit hohem Pathos.
1712 1484 2999 1535 Uebrigens Kliquen. Es wird so oft gefragt: Wo sind denn die
699 1509 1194 1568 In der Erde alle Toten
1719 1514 2999 1569 Kliquen? Die bestehen nur in euerer Einbildung. Da stoße ich auf
707 1554 1307 1607 Fahren auf, wie mit Entsetzen,
1723 1568 2990 1612 einen Artikel im „Literarischen Echo“. Dülberg, der Held des jüngsten
712 1598 1310 1639 Als sie mit dem heil'gen roten
1721 1602 2988 1653 Münchener Hoftheaterskandals, teilt hier das „Nötigste über sein Leben“.
708 1640 1260 1687 Blute sich beginnt zu netzen.
1725 1624 2994 1691 mit und zu diesem Nötigsten gehört ihm die Mitteilung von ge¬
708 1671 1399 1726 Können nicht mehr ruh'n, die Toten,
1719 1676 3003 1735 schlossenen „Geistesgemeinschaften und Bundesgenossenschaften“ mit
718 1715 1280 1761 Weil zu heilig ist der Boden,
1721 1725 2931 1771 Ernst Hardt, Ed. Stucken und Wedekind. Doch das nur nebenbei.
710 1754 1306 1802 Wo sein köstlich Blut geflossen,
1839 1752 2995 1813 Es soll hier von der Geistesgemeinschaft volitisch ge¬
715 1792 1296 1856 Der so teuren Trank genossen.
1719 1798 2996 1850 trennter Männer die Rede sein, die der sittliche Stand
1710 1841 2998 1881 unserer Schaubühne mit Sorge erfüllt. Nicht von Zentrums¬
546 1838 1683 1902 Der Tod ist immer im Leben —, er sitzt vor jedem Meilenstein
1714 1872 3004 1928 leuten, sondern von der evangelischen Geistlichkeit Stuttgarts kam
410 1891 1644 1931 unserer Wanderungen. Nascentes morimur (In der Geburt sterben wir)
1727 1913 2994 1971 jener Protest gegen Schillings „Mona Lisa“ der jetzt vom „Gesamt¬
410 1930 1248 1996 immer wieder wird der rote Faden sichtbar!
1717 1947 2992 1997 ausschuß des Deutschen Bundes zur Bekämpfung fremden und Förde¬
566 1978 1015 2031 Hat dann dein Hauch
1715 1996 3004 2044 rung deutschen Wesens“ eine Zustimmungs= und Dankadresse zuteil
577 2007 1365 2071 Verkündet mir, was sich im Sturme barg,
1715 2030 2991 2089 ward, gesehen von Zustimmungserklärungen aus allen Kreisen der
572 2065 1318 2116 Was nicht im Blitze sich enträtselt hat?
1723 2078 2999 2126 Bevölkerung. Spöttisch schreiben über die „Mona Lisa“ die „Signale
577 2081 1553 2140 So will ich harren auch. Schon wächst mein Sarg,
1726 2117 2993 2162 für die musikalische Welt“: „Das Publikum ließ sich wie immer leiten.
569 2136 1398 2195 Der Regen fällt auf meine Schlummerstatt!
1724 2154 2996 2201 Die Schwärmerei ist soweit gediehen, daß der Verkauf der Mona Lisa¬
574 2178 1022 2234 Dann wird wie Rauch
1719 2197 2994 2244 Schleier in den Geschäften zugenommen hat. Im Zeitalter des Welt¬
575 2197 1405 2281 Entschwinden eitler Weisheit Nebelschauern,
1719 2231 2980 2282 krieges. Es lebe die Mode und andere herrliche, ethische Werte.“
572 2255 987 2311 Dann schau ich auch.
1722 2278 2995 2322 Blätter, welche sich aufs reinästhetische beschränken, können doch
571 2294 1449 2350 Und meine Freude wird mir niemand nehmen.
1729 2306 3003 2360 nicht unterlassen, das brutal=grausame, kinohafte des Buches zu tadeln.
1376 2334 1669 2413 (Schluß folgt.)
1726 2352 2995 2404 Ich hoffte, es sei wenigstens ein vor dem Kriege geschaffenes Werk,
1725 2390 2988 2435 aber Herr v. Schillings hat einem Wiener Journalisten erzählt, er
1722 2428 3002 2474 habe die „Mona Lisa“ im Felde beendigt. Der Isolierschemel des
1718 2469 2100 2530 glücklichen Genies! —
1831 2488 2996 2547 Ueber den „Weibsteufel“ der in Wiesbaden verboten, in Augsburg
1728 2545 2998 2596 vom Spielplan abgesetzt wurde, in München von der Hofbühne einem Privat¬
721 2532 1403 2649 Die Pflicht der Bühne.
1728 2592 2997 2635 theater abgegeben werden mußte, den in Nürnberg und anderen Städten die
1731 2628 3002 2672 Bühnen wochenlang dem Publikum als kommende Lockspeise vorhalten, den
812 2634 1317 2716 Von W. Thamerus.
1722 2673 2997 2712 ästhetisch alle Fachblätter preisgeben, hat am allerschärfsten die „Schau¬
1722 2706 2994 2758 bühne“ des Herrn Siegfried Jacobsohn gerichtet, die meint, daß das Stück
520 2714 1695 2763 er Historiker wird es zu den großen Leistungen dieser Zeit rechnen,
1716 2746 2994 2801 auch in einem Stall spielen und die „Personen“ der Ochs, die Kuh
415 2751 1693 2812 „P daß wir jetzt für die Kultur der Zukunft sorgen.“ Dieses Wort,
1726 2788 3002 2827 und der Stier sein könnten. Das ist ein Blatt, das — Wedekind
666 2793 1698 2830 „ Jiehen auf der Krieastagung der Jugend¬
1730 2822 3008 2876 Ruhmeskränze flicht. Und die „Frankfurter Zeitung“ schreibt:
1726 2854 3006 2918 „Man möchte . . . um ein wenig Gläubigkeit im Dichter betteln. Ich
1732 2901 3003 2956 meine, ein wenig Glauben an Menschnatur.“ Wichtiger noch
1728 2929 3002 2988 erscheint mir die Frage dieses Blattes: „Und angesichts der Zeit,
1723 2983 3007 3039 in der wir leben: wo sind die Brücken unserer Bühnenliteralur
1690 3024 2096 3104 Dzn unserem Sein?“
1845 3046 3009 3107 Ein anderes Stück, Schnitzlers „Komödie der Worte“, welchen
2318 3095 3002 3143 r Hofbuhne am nächsten
1731 3092 2209 3154 Eihakterzyklus unsalche
1738 3124 3003 3184 Samstag darzubieten für nötig hält, wird sogar von dem Wiener
1723 3172 3009 3219 Referenten der „Münchner Neuesten Nachrichten“ (Nr. 529) fallen
1730 3211 3010 3268 gelassen, wobei ihn die Gleichheit der Ansicht mit politischen Gegnern an¬
1736 3245 3004 3306 scheinend schmerzt, denn er schreibt: „Die gesinnungstüchtige Wiener Presse
1735 3286 3007 3344 läuft Sturm gegen die Leitung des Burgtheaters, weil sie in dieser ernsten
1735 3331 2997 3386 Zeit derartige wurmstichige Ehebruchsdramatik auf die Bühne
1738 3379 3003 3422 bringt. Man braucht diesen Enkrüstungsrummel nicht mitzumachen,
1737 3414 3006 3463 wird aber doch zugeben müssen, däß dem alten Wiener Stoßseufzer:
1729 3448 3010 3508 „Glückliche Leut, ham zu so was & Zeit!“ seine Berechtigung nicht ab¬
1726 3484 3015 3543 zusprechen ist, wenn man Schnitzleks eminentes Können und den großen
1733 3527 3017 3582 Apparat des Buegthoakers in„ den Dienst solcher Belanglosigkeiten ge¬
1728 3574 1954 3635 stellt sieht.“
1849 3598 3007 3661 Schärfere Töne schlägt gegen das „Eheunzuchtsbüchlein“,
1720 3645 3007 3721 wie er es nennt, der Wiener Feuilletonist Dr. A. Bettelheim in der
1727 3684 3009 3739 „Voss. Ztg.“ an und meint zum Schlusse: „Wir alten Herren geben die
1726 3723 3012 3783 Zuversicht nicht auf, daß die große deutsche Kunst in diesem Weltkrieg
1727 3761 3005 3815 so wenig feiern wird wie während der Revolutions= und napoleonischen
1727 3800 2999 3851 Kriege, in denen mit die dauerhaftesten Stücke Schillers, der Abschluß
1731 3841 3002 3894 des ersten „Faust“, der „Prinz von Homburg“ und einige Schöpfungen
1736 3880 3010 3929 Beethovens reiften, die Herz und Ohr ungezählter Hörer, nicht zuletzt
1734 3918 2999 3969 Bismarcks und Moltkes, lobten. Heute wie dazumal soll es heißen:
1736 3956 2930 4007 Deutschland in der Welt voran! Deutschland in der Kunst voran!“
1838 3978 2992 4045 Kräftigere Worte noch findet die liberale „Kölnische Zeitung“
1729 4031 3001 4081 Sie schreibt u. a. über Schnitzler: „Da legt der Ernst der Zeit wohl
1722 4068 3008 4134 die Frage nahe, ob nicht derartige Spitzfindigkeiten aus dem
