3344 4352
2089 239 2593 332 box 32/2
677 248 779 313 M C
254 278 2111 345 26.1. Konbedie der NortevkIus
401 1143 768 1222 #dung verpassen.
805 1170 2831 1246 Wenn die griechische Regierung diese Polzir tluger Zurück= komme # im Ausgehen immer
150 1202 3177 1293 tenloses Beiseitestehen ihin das haltung befolgt, und Rumänien scheint nach denselben Grund=f war, denn erst vor kurzem haben die Serben meinen Lega=
763 1314 1925 1366 wirkt die „Große Szene“ der zweite Einakter, so viel
1930 1328 3103 1404 launig den ehekuppelnden Theaterdirektor. Die Regie — unter¬
760 1358 1930 1416 echter und natürlicher, weil die Umgebung dem Problem die
1925 1367 3087 1409 schiedlich: im Heiteren behend und frisch, im Ernsten zu ge¬
165 1322 502 1451 Schnitzler.
773 1400 1924 1461 richtige Grundlage gibt. Die liebe kleine bürgerliche Frau
1917 1402 3094 1474 dehnt. Das letzte Stück war im Tone verfehlt, der Gatte viel
765 1430 1928 1487 Des großen Schauspielers kommt, nachdem die Untreue des
1931 1442 3089 1501 zu tragisch und beschwert. Der Beifall war stark; besonders
177 1432 715 1511 Einakterfolge von Arthur
760 1473 1922 1533 großen Gatten sie für einige Wochen aus ihrer Häuslichkeit
1938 1478 3082 1549 nach dem zweiten Stück. Dircktor Hellmer dankte im Namen
141 1482 721 1553 rung im Frankfurter
758 1498 1935 1561 vertrieben hat, zurück. Halb versöhnt, glaubt sie sich mit ihrem
1929 1523 2194 1585 des Autors.
2884 1525 3056 1593 H. S.
154 1531 550 1602 r am 12. Oktober.
765 1547 1928 1613 Schicksal abgefunden zu haben, unterstützt durch die Beschwich¬
764 1583 1934 1649 tigungen des sich um die Seelenruhe seines ersten Helden
152 1581 746 1645 aber über die man nicht spricht.
2271 1605 3064 1676 e Darmstadt, 12. Oktober. (Priv.=Tel.)
763 1632 1914 1675 sorgenden Theaterdirektors. Da naht der zu der letzten
154 1645 756 1697 Was aus der Tat gevoren ist,
1976 1642 2039 1715 2
2171 1641 3155 1727 —g imt
762 1660 1921 1721 kleinen Eheirrung gehörige Bräutigam. Große Szene zwi¬
162 1675 760 1724 aber als Inhalt einer Ueber¬
1914 1691 2057 1752 die
766 1701 1932 1747 schen den Beiden, in der der edie Verführer durch meisterhaftes
188 1713 760 1774 nicht gelebtes Experiment
1924 1730 2070 1801 mäß
758 1735 1920 1788 Spiel, durch halbe Wahrheiten, die doppelte Lügen sind, den
154 1742 756 1816 wurde Schnitzler, der die
1926 1779 2054 1828 bei
758 1775 1909 1832 Bräutigam zu beschwichtigen versteht. Die liebe kleie bürger¬
148 1789 750 1845 chreiben wollte, zur Tragödie.
1921 1809 2064 1866 alter
754 1816 1909 1883 liche Frau des großen Schauspielers hat „hinter der Szene“
158 1813 752 1884 künstlerisch ernsthaftesten der
1928 1851 2075 1907 ober
766 1854 1917 1913 zugehört und ist über diese Abgründe der Verlogenheit so ent¬
156 1856 746 1926 Er wollte die Unzulänglichkeit
1928 1894 2059 1947 stelln
764 1888 1907 1953 setzt, daß sie von Neuem zu gehen beschließt. Aber Er erscheint,
154 1906 748 1962 eigens beweisen, und fand für
1924 1928 2066 1992 werd
763 1935 1911 1997 schon im Kostüm, und verlangt, im Grunde sehr stolz über
149 1941 755 2000 in Ehepaar im etwa 20. Jahre
757 1967 1912 2034 seine schauspielerische Leistung gegenüber dem Gehörnten,
1915 1963 2078 2046 seien
147 1972 745 2032 und, dem die stille, tugendhafte
767 2011 1926 2056 stürmisch nach der Gattin, die er nun einmal als ruhenden
153 2009 754 2077 ffnet, daß die Ergebnislosigkeit
758 2041 1924 2102 Punkt in der Erscheinungen Flucht in der Loge wissen will.
148 2043 746 2114 ddarin hatte, daß sie ihn liebte
744 2082 1921 2149 Und — sie bleibt. Das Ganze keine tiefer schürfende Weisheit.
150 2087 749 2151 (oh sonderbare Frauen!) einem
1926 2109 2070 2185 schaf
757 2123 1923 2196 aber ein lustiges, kleines und vor allen Dingen wirksames
150 2133 748 2184 an anschließend Auseinander¬
1926 2161 2069 2218 gran
757 2164 1912 2236 Spiel mit Worten, Worten, die dem einen schwer, dem anderen
154 2180 752 2241 er männliche Teil eröffnet, daß
1923 2197 2061 2252 Eind
759 2197 1921 2283 leicht wiegen, und dazu heimlich aus der Tiefe ein keises
156 2215 740 2266 reue der besseren Hälfte weiß
1921 2234 2063 2298 gerin
760 2246 1744 2302 Schluchzen der Frau, der armen Dienerin aus Liebe.
159 2234 750 2307 Oh sonderbare Männer!) und
1926 2278 2065 2335 setzlo
166 2283 757 2343 (Verheiratung der Tochter) im
804 2289 1907 2347 Der Held des dritten Stückleins ist der Schriftsteller, sozu¬
1920 2312 2067 2369 Men
155 2322 742 2385 nung dringt. Begreifliches Ent¬
753 2320 1916 2380 sagen der Uebergang vom Menschen zum Schauspieler. Dies¬
1923 2348 2063 2412 setzte
155 2366 734 2411 äßige Lüge und tiefe Erniedri¬
745 2360 1911 2435 mal ist die Gattin die Eheirrende. Der dazugehörige Dritte
1922 2386 2059 2456 den
1772 2426 1786 2440 *
152 2375 747 2466 einschaft (siehe Josens über¬
754 2415 1909 2482 ist sehr grün. Alles deutet auf Episode, aber man hat während
1916 2431 2056 2492 dure
155 2428 746 2501 rauenmorde). Er triumphiert
751 2444 1910 2508 der Abwesenheit des dramen=schreibenden Gebieters vier
1918 2466 2035 2526 ges
155 2478 739 2537 u, „genießt die Rache des in
754 2470 1913 2550 Wochen ehegeirrt und fühlt sich nun moralisch verpflichiet, der
1908 2511 2026 2573 die
148 2498 736 2578 en. Sie gesteht ihm nunmehr,
744 2527 1914 2585 Irrung Dauer zu verleihen. Rechtzeitig kehrt der sehr über¬
1920 2546 2024 2609 spat
140 2539 746 2610 erichtige Untreue, sondern die,
743 2561 1901 2619 legene Gatte zurück und verhilft dem Paar durch bezügliche
1911 2585 2036 2652 ter
144 2587 742 2662 annimmt (angenehm für den
751 2588 1914 2662 mithologische Erzählungen (daher „Das Barchus=Fest“) und
1906 2618 2022 2681 an
153 2628 744 2696 ch angenehmer für den eigent¬
745 2638 1900 2705 sonstige Sticheleien zu der im Grunde von beiden gewünschten
533 2658 589 2699 #1
1898 2668 2006 2720 W
138 2677 747 2731 ist, nachdem er seinen Triumph
741 2681 1900 2745 Rückkehr ins „Sittliche": eine Liebenswürdigkeit, aber daran
1902 2701 2004 2760 ve
147 2717 734 2762 kzug, sie aber, angewidert, ver¬
753 2716 1904 2788 scheiternd, daß der geistreiche Schriftsteller so garnicht geist¬
1911 2744 2006 2810 ni
170 2744 742 2811 weiter fort. Eine ungemein
746 2744 957 2813 reich ist.
147 2787 745 2833 cherlich kommen solche Fälle
790 2799 1911 2864 Die drei Herren=Menschen, den Brutalen, den Komödian¬
158 2816 737 2877 unwahrscheinlich, und Schnitz¬
748 2823 1918 2908 ten, den Geistreichen, gab Herr Schröder; eine glanzvolle
149 2861 748 2916 eigung für solche interessante
748 2877 1903 2948 Visitenkarte. Er gab damit den Beweis großer Sicherheit und
160 2899 732 2969 e sich auch eine Novelle denken,
735 2919 1902 2981 Vielseitigkeit. In dem zweiten Stück spürte man mehr als
142 2927 740 2990 tion mit ihren merkwürdigen
737 2965 1907 3007 Routine. Das naive Schwanken zwischen Wahrheit und Liebe,
143 2974 730 3038 gen ausgebeutet würde, gleich¬
735 2996 1909 3062 die eitle und doch harmlose Selbstbespiegelung des sich eigent¬
145 3008 732 3075 itsberichte des anormalen Ge¬
739 3025 1901 3103 lich nur für sich selbst interessierenden Mimen waren packend,
161 3050 726 3111 aber nicht gehandelt, sondern
746 3058 1905 3128 weil es sich leicht und natürlich ergab. Die drei Frauen
142 3079 737 3160 d das Unwahrscheinliche nicht
746 3116 1909 3172 waren gut ausgewählt: Im ersten Stück, die stille Frau mit
152 3124 523 3189 peinlichen Affäre.
1939 3144 2002 3209 0
742 3128 1912 3223 der heimlich glühenden Flamme, spielte Frau Leiko eindring¬
149 3161 729 3234 e Welt, in der Worte Taten
735 3196 1904 3241 lich und innerlich. Die liebe kkeine bürgerliche Gattin des
149 3207 740 3276 echtes, Wahrheit und Schein
732 3225 1899 3291 großen Schauspielers gab Frl. Sangora, und in der feinen
148 3254 731 3312 isches (manchmal tragisches)
744 3260 1903 3330 andeutenden Art ihres Spieles war viel von dem nicht eben
151 3283 732 3356 Elt der Schauspieler. Auf der
731 3289 1890 3370 tragischen, aber doch wehmütigen Schickfal der Künsttorfrau.
145 3327 733 3387 keit. Das überträgt sich auf das
731 3341 1908 3420 Frl. Fuchs als sich wiederfindende Schriftstellers=Gattin, war
160 3369 1901 3442 it zum Scheine wird. Darum herzig und schnitzlerisch. Her Großmann gab sicher und
1874 3380 1989 3453 1 a
