3392 4352
2147 205 2612 311 box 32/1
300 220 2014 319 26.1. Konoedie der Forte zyklus
1670 1217 3376 1318 Zwilling gegeben und vom zweiten zurückgefordert wird, bei dem man,##sagt,
467 1249 1670 1306 Besser das bewährte Alte als das mittelmäßige Neue. So¬
1664 1282 3363 1351 ist unversehrt noch in „Was ihr wollt“ wiederzufinden, ein größeres umwrscht.
478 1279 1670 1359 wurde denn wiederum ein Griff in die Depositen des
1664 1331 3386 1392 ein zweitausendjähriger Spaß. An solchen Späßen aber bald für die Schwester, ba
472 1340 1661 1405 Hauses getan und ein altes seines Kleinod hervorgeholt,
1672 1381 2850 1437 hatte das Publikum früherer Tage seine helle Freude, die
2834 1377 3410 1447 als Mann verkleidetes Mäd
475 1369 1668 1463 ein Shakespeare=Lustspiel, „Was ihr wollt“ vielleicht
2833 1427 3399 1500 lichen Mann halten, so w
1670 1426 2840 1484 es sich durch keinerlei überkluge Bedenken verbittern ließ.
474 1443 1670 1501 das beste heitere Stück, das der große Brite geschrieben,
2841 1464 3395 1536 mehr zugemutet, als wenn
1669 1472 2850 1535 Vor der Rampe, war sie noch so spärlich beleuchtet, ver¬
468 1482 1668 1535 leider auch sein letztes oder eines seiner letzten Lustspiele,
2842 1510 3397 1585 angesichts zweier Peisonen
1670 1520 2844 1587 gaß der Zuschauer die Wirklichkeit und ihre unerbittliche
468 1506 1661 1601 der blumenumrankte Markstein einer oft stürmisch bewegten,
2837 1568 3406 1629 sehen sollen, mit unserer E
1655 1567 2840 1632 Logik, ließ ohne Widerspruch das Konventionelle gelten,
478 1584 1663 1653 in ihren Höhenpunkten aber fröhlichen, sonnigen Jugendzeit.
2827 1603 3385 1687 zuhelfen. Ohne ein Opfer
1670 1615 2848 1668 achtete diese berühmte, berüchtigte Konvention zwischen
570 1633 1658 1698 In seinen Lustspielen baut sich Shakespeare die
2844 1651 3405 1723 sinn kann es im Phan
1662 1662 2840 1723 Bühne und Publikum, den stillen Vertrag, nach welchem
467 1677 1659 1746 Welt auf, wie er sie sich wünscht, eine mit Liebes¬
2843 1688 3409 1769 schließlich bringt jeder diese
1667 1710 2838 1779 alles Unwahrscheinliche in seinen kühnsten, tollsten Wen¬
468 1735 1653 1789 lust und Lebensfreude bis an den Rand gefüllte
2838 1748 3407 1818 von einem echten Dichter v#
1661 1757 2843 1819 dungen gutgläubig dahingenommen werden mußte, wenn
471 1787 1653 1842 Welt, eine mögliche immerhin, wenn schon wenig wahr¬
2918 1797 3379 1859 „Was ihr wollt“ in
1668 1796 2842 1855 es nur innerlich wahr blieb, nämlich in der vom Dichter
476 1822 1658 1884 scheinliche. Sie haben alle etwas Märchenhaftes, diese Lust¬
2837 1828 3388 1908 Auge eine Prachtausgabe
1657 1854 2838 1912 fabulierten Welt denkbar und möglich. Wir sind heute
478 1868 1660 1929 spiele, und herrscht auch das gesprochene Wort in ihnen,
2836 1867 3409 1960 stellung wurde mit großer
1655 1900 2840 1958 weniger naiv, werden viel leichter zu Störenfrieden unserer
474 1918 1659 1985 so sind sie doch fast alle ganz durchhaucht von jenem
2845 1933 3392 2007 streckte sich diese Sorgfalt off
1668 1930 2842 2004 eigenen Schaulust. Eine so vollkommene Zwillingsähnlich¬
479 1965 1664 2022 ätherischen Element, das dem Märchen so nahe verwandt:
2830 1962 3406 2049 komischen Teile, die von
1655 1978 2833 2057 keit, daß eine Frau den eigenen Mann nicht mehr erkennt,
468 2011 1657 2076 ihre Seele ist eine durchaus musikalische. Shakespeare muß,
2837 2017 3406 2105 Bleichenwang beherrschten
1656 2037 2827 2104 die Braut den Bräutigam verwechselt, glaubhaft zu finden,
477 2060 1666 2125 was man so sagt, ein Musiknarr gewesen sein, er hat
2838 2075 3407 2155 die Clownspäße, Zirkuss
1659 2068 2841 2159 sind wir kaum noch imstande, ersetzen lieber eine Unwahr¬
471 2109 1667 2165 ahnungslos die besten Operntexte geschrieben, und seine
2831 2122 3375 2181 Narrenspossen aller Art
1659 2129 2834 2198 scheinlichkeit durch die andere, indem wir für beide Rollen
470 2154 1655 2219 Aussprüche über Musik sind selber Musik. Rein technisch
2843 2169 3408 2231 Art in erstaunlicher Weise.
1659 2178 2833 2236 denselben Darsteller fordern. In „Was ihr wollt“ hat
464 2209 1664 2270 genommen, ist „Was ihr wollt“ ein harmonisches Kunst¬
2833 2215 3406 2287 Tobias, hat wenig natürlich
1665 2226 2836 2290 schon Deinhardstein aus Viola=Sebastian eine Doppelrolle
474 2250 1652 2318 werk. Wie hier das Zarte mit dem Strengen Gefühl mit
2832 2267 3408 2332 Kniffe und Pfiffe burlesker
1661 2277 2838 2335 gemacht. Zu Shakespeares Zeiten war die Aehnlichkeit
464 2287 1656 2363 Frohsinn und Heiterkeit, Scherzhaftes mit Groteskem im
2838 2298 3408 2391 eine nicht gewöhnliche Kör
1647 2324 2832 2397 leichter auschaulich zu machen, weil auch Frauenzimmer
476 2344 1657 2409 reinsten Einklang sich zusammenfindet, bleibt einzig in
2828 2350 3376 2421 saßt seinen Saufbruder,
1646 2356 2831 2430 von Männern dargestellt wurden. Noch leichter waren im
463 2389 1652 2453 seiner Art. Eine so volliommene Paarung der schroffsten
2835 2396 3407 2472 den uns Herr Moser aufs
1651 2418 2833 2462 Altertum die Masken in Uebereinstimmung zu bringen.
474 2433 1655 2499 Gegensätze gelingt auch diesem Dichter kaum in einem
2827 2446 3407 2524 Augenblick beim Latz und
1646 2452 2838 2532 Da lief nun aber der Zuschauer Gefahr, daß er selber die
464 2480 1652 2547 anderen Stück. Sogar das an sich nüchterne Zwillings¬
2833 2494 3410 2564 Latte durch die Luft oder
1648 2509 2829 2567 Menächmen verwechselte, wodurch der ganze Situations¬
469 2535 1646 2589 motiv, dieses unaufhörliche Verwechseln von zwei gleich¬
2825 2543 3409 2610 empor und läßt ihn in der
1650 2557 2835 2622 witz unverständlich wurde. Irgendein Unterscheidungs¬
468 2585 1653 2660 gestalteten Figuren, wird hier in eine Sphäre gehoben, wo
2821 2584 3409 2657 szene setzen sich Fabio und
1646 2594 2827 2682 zeichen werden die Zwillingsfiguren vohl gehabt haben.
475 2629 1653 2694 sich das Verstandesmäßtge ins Gefühlvolle, das Mechanische
2820 2643 3407 2704 auseinander und bilden ein
1652 2642 2834 2707 Im „Amphitruo“, wo Jupiter die Gestalt dieses Titel¬
471 2658 1653 2734 ins Melodische zu verwandeln= scheint. Shakespeare, selbst
2838 2685 3407 2754 Ulk wächst, schwillt bis zun
1658 2691 2843 2760 helden, Merkur die des Dieners Sosia annimmt, trugen
471 2702 1653 2781 Vater eines Zwillingspaares, hatte das Motiv bekanntlich
2822 2723 3402 2792 sich totlachen an diesen Aus
1645 2726 2838 2815 die göttlichen Verwandlungskünstler ein solches Zeichen
466 2759 1643 2828 schon in einem früheren Stück („Komödie der Irrungen“)
2824 2771 3404 2849 geben, daß sie in ihrem Ueb
1641 2790 2827 2859 am Hut, Merkur eine Feder, Jupiter eine goldene Borte,
459 2816 1648 2882 gründlich ausgebeutet, den Herrenzwillingen dort sogar
2829 2824 3398 2899 Werkes stören, das eigen
1648 2827 2837 2903 und der Prolog machte das Publikum eigens darauf auf¬
467 2865 1649 2940 ein Dienerzwillingspaar beigesellt, so daß sich das Qui¬
2831 2856 3349 2952 geschichten des Herzogs,
1657 2884 1872 2959 merksam.
458 2899 1650 2965 proquo ins Unendlicht vervielfältigte, gar kein Ende finden
2831 2910 3396 2972 Hintergrund verschieben. U
462 2937 1655 3020 wollte. Das unverrückbare Vorbild für alle diese Zwillings¬
1715 2937 3393 3016 Viola=Sebastian wurde noch unter Laube als Doppel= tolle Gebaren färbt auf d
468 3004 1649 3076 stücke sind, wie jeder weiß, „Die Menächmen“ des Plautus,
2803 3005 3398 3081 verleitet sie zu der irtigen
1645 3001 2823 3085 rolle gegeben, irren wir nicht, sogar noch unter Dingel¬
459 3044 2830 3126 und mancher hübsche Bühnenscherz des uralten Stückes, stedt. Diesmal, bei der neuesten Wiederholung, enthieli
2806 3046 3375 3130 sei überhaupt nichts ernst zu
473 3097 3408 3192 beispielsweise jener mit dem Beutel Geld, der dem ersten man sich dieses Unfugs, der ja gar keinen Gewinn bringt, und Empfindung, nicht Lieb
