3344 4352
2102 178 2580 275 box 32/4
256 194 1982 314 26.1. Konoedie der orte zvklus
1595 1628 3329 1689 Aber an sich bedeutet er hier nicht einmal vollen Periode nahen sich ihr zwei
1600 1673 3325 1732 ganz sich selbst. Und es scheint, daß der Dichter Freunde ihres Gatten. Den einen li
1597 1728 2575 1782 hier einmal nicht so sehr das Bedürfnis hatte,
2577 1726 3334 1790 ergibt sich ihm nicht, weil sie fühlt,
1590 1767 2574 1823 allzusehr in die eigene Tiefe hineinzulangen,
2574 1772 3330 1845 Mann ihr Schicksal werden, daß
1599 1822 2570 1878 sondern mehr die Lust, seine eigenen Binsen¬
2578 1815 3334 1880 ihre Ehe zerbrechen müßte, die im
1592 1864 2577 1923 wahrheiten auszusprechen, sofern hier zuweilen
2576 1875 3331 1934 behagliches Glück für sie ist. Und wi
1592 1914 2571 1977 der Drang, eine eigenwillige Idee auszuspre¬
2581 1927 3339 1982 liebte des anderen, des weniger gelich
1598 1971 2567 2030 chen, nicht auf Kosten der Wahrheit geht. Im¬
2577 1973 3329 2033 nes, von dem sie fühlt, daß er sie n
1604 2012 2566 2071 merhin steigt jedes der drei Stücke wie ein sprü¬
2575 2025 3308 2081 beeinflußen kann, um eine ernste
1605 2063 2571 2120 hendes Feuerwerk auf, bunt leuchtende Gedan¬
2587 2071 3323 2130 ihr Lebensglück werden zu können.
1603 2115 2571 2180 kenblitze werfend über das alte Lieblings=Prob¬
2589 2117 3327 2182 ist keiner von den Eheblinden. Er is
1601 2162 2564 2231 lem des Dichters, die Ehe. Nicht nur der ge¬
2573 2174 3355 2233 von den Kurzsichtigen der Ehe. Kla
1601 2216 2577 2279 meinsame Titel des dramatischen Dreigespan¬
2584 2222 3327 2277 lichen Fall sieht er nicht, er sieht n
1599 2259 2570 2322 nes, der gewiß nicht ohne Absicht von einer
2571 2255 3339 2341 jenen ersten Mann liebt, dessen Wer
1600 2310 2571 2372 „Komödie“ und nicht von „Komödien“ spricht,
2580 2312 3333 2371 nicht unterlegen ist. Das weiß er nat
905 2310 1178 2393 0.—1
1602 2369 2573 2420 sondern auch der von Schnitzler persönlich ge¬
2584 2362 3322 2420 aus dem Scheine schöpft er die falsche
752 2370 1256 2449 (Quellenengahe ohne . Oewähr.)
1601 2406 2572 2465 äußerte Wunsch, es möchten die drei männlichen
2563 2414 3294 2475 gung von der — in diesem Falle —
871 2412 1582 2530 mäurisches Tagblatt, Olmütz
486 2431 919 2523 usschnitt aus:
1599 2462 2580 2518 Hauptrollen der drei Stücke von ein und dem¬
2571 2451 3338 2529 handenen Tatsache des vollzogenen
1597 2498 2578 2562 selben Schauspieler gespielt werden: deuten
2579 2509 3330 2573 Seine Rache ist grausam und unsäg
745 2516 1059 2609 27.N001915
494 2543 617 2610 Im:
1599 2558 2570 2618 darauf hin, daß Schnitzler den roten Faden
2576 2553 3336 2622 tigend. Er trennt sich innerlich vollk
1578 2592 2576 2655 Teines inerlichen Zusammenhanges durch die
2587 2605 3326 2661 der Frau, von der er sich — freilich
1587 2647 2570 2721 drei Stücke sich ziehen sieht. Vielleicht die Ehe,
2586 2653 3329 2726 Voraussetzung des unrichtigen Man
610 2665 1586 2768 Königlich städtisches Theater.
1594 2700 2577 2760 die der Mann an sich gestalten kann, — von
2577 2702 3325 2762 trogen wähnt. Doch indem er mit
1596 2755 2569 2821 der Verschiedenartigkeit der weiblichen Natural¬
2585 2750 3333 2810 immer alle Gemeinsamkeiten der ehe
832 2747 1391 2840 Komödie der Worte.
1596 2794 2565 2863 anlage völlig abgesehen, weil diese bei dem
2582 2803 3325 2870 sammengehörigkeit vollkommen auf
597 2822 1603 2914 Drei Einakter von Arthur Schnitzler.
1602 2837 2565 2903 Uebergewichte des männlichen Willens gar nicht
2583 2849 3338 2909 erniedrigt er sie grundsätzlich zu dem
1594 2884 2563 2969 in die Wagschale fällt. Drei ungalante Stück¬
704 2882 1591 2972 Man muß diese drei Einakter wohl haupt¬
2583 2898 3338 2961 der rein biologischen Bedürfnisse sei
1598 2945 2577 3027 chen also. Hören wir rasch, was sie zu sagen
617 2940 1597 3011 sächlich schon deshalb kennen, um Schnitzler
2645 2950 3344 3016 solange, bis er nach weiteren ze
1603 3000 1768 3077 haben.
614 2999 1604 3062 dort, wo er sterblich ist, zu kennen. Sie stehen
2575 2988 3333 3052 die Stunde für gekommen erachtet,
620 3042 1601 3101 nicht auf der Höhe, die man an Schnitzler ge¬
2564 3047 3320 3116 kaltblütig den Dolch der Enthüllung
613 3095 1609 3159 wöhnt ist. Der Maßstab, der dieses Urteil er¬
2573 3094 3332 3161 Herz zu stoßen, wozu er Klara bis
1684 3088 2574 3158 Klara, die Gattin eines großstädtischen
2581 3147 3329 3211 rigte ... Das Weib verläßt ihn.
608 3147 1591 3212 gibt, ist Schnitzler selbst. Mit anderen Bühnen¬
1598 3143 2566 3204 Arztes mit großer Praxis, fühlt nach zehnjähri¬
612 3189 1600 3253 erscheinungen der Gegenwart verglichen, bleibt
2582 3183 3332 3266 unter falscher Beschuldigung gebüßt
1610 3203 2567 3267 ger glücklicher Ehe eine gegenseitige Entfrem¬
603 3238 1605 3306 Schnitzler sozusagen auch in diesen literarischen
1594 3242 2577 3319 dung in dem Verhältnisse zwischen ihrem Gat¬
2582 3244 2965 3355 der Worte
604 3296 2587 3367 Unterhosen noch ein König unter den Kärrnern. ten und sich eintreten. In dieser verhängnis¬
