3392 4320
605 103 1561 213 eer „chelete u. 6.
393 161 1426 243 Pußte — am Samstag in der Aufführung der unter
393 217 1430 266 dem prächtigen Titel „Komödie der Worte“ zu¬
383 242 1423 325 ammengefaßten drei Einakter. „Stunde des Erken¬
380 308 1432 376 znens“, „Große Szene“ und „Das Bachusfest"schmerzlich
396 343 1435 415 zu fühlen bekommen. Denn nicht die Direktion, son¬
384 388 1423 454 dern der Dichter hat es so gewollt, daß das am wenigsten
390 420 1459 502 bedeutende Stück den Schluß bildet, und zwar einen um —
379 482 1423 541 so stärker abfallenden Schluß, als das Ganze ohnedies
389 525 1430 593 schon etwas reichlich lang, jedenfalls mehr als „abend¬
388 567 1426 628 füllend“ ausfiel. Der Theaterzettel, auf dem „Ende
383 608 1421 683 gegen 101“ Uhr“ zu lesen stand, hatte sich um eine ge¬
386 619 926 707 schlagene Stunde verrechnet.
453 689 1417 769 Schnitzlers Stärke also, sagten wir, liegt nicht im
388 736 1418 815 Architektonischen. Wir können hinzufügen: überhaupt
386 786 1410 865 nicht in der Handlung. Das Stoffliche ist durchweg
385 824 1418 902 dürftig und ziemlich abgegriffen. Die gewöhnlichen Ehe¬
387 863 1412 953 brüche oder Brüchlein. Groß ist unser Dichter — und
392 977 1405 1022 darum darf man den Gesamttitel als prächtig gewäh
401 1028 1393 1073 bezeichnen — groß ist er vor allem in den Wor
390 1068 1391 1117 ten, in der leichten, flüssigen, fein gewürzten, rei
401 1109 1399 1176 pointierten, überaus lebendigen, schillerben, prickel
398 1148 1394 1211 den, schalkhaft liebenswürdigen Konversation. Dies
402 1199 1398 1254 Dialog ist nicht von dürrem, streitsüchtigem Intellet
399 1238 1393 1284 tualismus konstruiert, er ist wahr und lebt. Eine be
390 1280 1405 1343 zur völligen Unwahrnehmbarkeit gesteigerte Abstraktio
395 1328 1393 1381 der Technik, wie wir Aehnliches zum ersten Male i
387 1370 1407 1429 der Literaturgeschichte bei Bauernfeld, bezeichnenden
390 1420 1168 1466 weise ebenfalls ein Wiener Kind, finden.
449 1454 1401 1513 Genügt indessen das bisher Gesagte vielleicht no¬
391 1502 1405 1562 nicht ganz, um Schnitzler geradezu als Klassiker de
383 1549 1405 1604 Konversationsstückes zu feiern, so darf dies sicherlich m
395 1582 1407 1651 Recht da geschehen, wo der Dichter mittels seine
384 1636 1411 1703 Dialogtechnik feine, psychologische Gemälde vor unse
397 1674 1402 1738 Auge zu führen, aus Worten volle, ganze, lebendig
385 1712 1403 1790 Menschen, Charaktere mit scharfen, interessanten Schlag
383 1756 1400 1827 lichtern zu gestalten weiß. Freilich, das erste und de¬
383 1806 1412 1870 letzte Stück vom Samstag abend vermögen nach diese
387 1851 1402 1918 Hinsicht nicht recht Stand zu halten, womit ich sie jedo
387 1902 1392 1947 nicht als direkt mißglückt bezeichnen möchte. De
375 1932 1413 2005 „Stunde des Erkennens“ verliert sich in psychologische
392 1983 1167 2028 Spitzfindigkeiten und Fragwürdigkeiten.
1179 1988 1419 2047 X vermag
385 2031 1425 2087 Sie“ nicht zur ehelichen Untreue zu verleiten, weil
388 2057 1417 2126 Sie ihn zu sehr liebt, Z gegenüber jedoch leistet „Sie“.
377 2121 1416 2160 Ech einen Ehebruch, weil sie ihn weniger liebt als X?
389 2162 1419 2223 Auch liegt die eigentliche Pointe des Stückes, das Ver¬
384 2198 1409 2256 schweigen des wirklichen Geliebten dem Mann gegen¬
378 2241 1418 2323 über, stark verborgen. Immerhin sind die Charaktere
376 2292 1412 2348 interessant und keineswegs glatt unmöglich, zumal
383 2335 1410 2380 wenn sie durch Künstler wie Steinrück, Olly und Schar¬
385 2374 1416 2457 wenka dargestellt werden. Im „Bachusfest“ hingegen
376 2426 1411 2486 handelt es sich nicht nur um seelische Fragwürdigkeiten.
382 2471 1415 2518 Die Figuren setzen hier überhaupt kein Fleisch an. Es
385 2511 1413 2577 kommen keine runden Charaktere heraus, sondern nur
382 2545 1417 2619 Fragmente. Kurz: es bleibt bei Worten. Allen An¬
379 2594 1419 2646 forderungen und den verwöhntesten Ansprüchen genügt
383 2644 1418 2709 hingegen die „Große Szene“! So etwas von psycho¬
375 2688 1413 2732 logischer Tiefe und zugleich voller, runder Lebenswahr¬
378 2730 1411 2787 heit bekommt man selten zu sehen. Nur soviel hier:
381 2772 1408 2833 Den Mittelpunkt bildet die Figur eines Schauspielers.
370 2810 1408 2863 eine leichtlebig=geniale Künstlernatur, die nicht mehr
372 2852 1413 2910 zwischen Wahrheit und Lüge, zwischen der Wirklichkeit
375 2905 1405 2968 des Lebens und dem Spiel der Bühne zu unterscheiden
379 2953 1413 3002 weiß, bei der jede Moral aufhört, da der Schuldbegriff
377 3001 1414 3051 nahezu gänzlich verloschen ist, ein Mensch, der in Ver¬
373 3042 1407 3100 logenheit und Allerwelts-Wurstigkeit aufgeht und doch
380 3076 1403 3142 im Grunde ein gutmütiges Kind ist, das nicht leben
375 3131 1400 3180 und wirken kann ohne den Halt, den „Sie“, die Legi¬
371 3158 721 3219 time, ihm bietet.
444 3191 1419 3275 Das Publikum raste Beifall. Als die Hände ver¬
373 3257 1404 3312 sagten, mußten die Füße zu Hilfe kommen; ein großes
373 3295 1399 3363 Getrampel erhob sich. Kein Wunder: Albert Steinrück,
377 3335 1399 3405 der den Helden gab, ist — um es kurz zu sagen — ein
369 3379 1407 3436 ganz hervorragender Künstler! Einer vom Schlag
375 3433 1410 3491 Bassermann! Er spielte nicht, er lebte uns seinen Her¬
379 3473 1393 3525 bot vor. Jedes Wort des Lobes ist hier eigentlich zu
374 3524 1403 3568 viel. Was Steinrück leistete, darf als schlechterdings
376 3558 1406 3619 vollendet bezeichnet werden. Da ist alles richtig erfaßt
375 3598 1411 3669 und erkannt, fein durchgearbeitet, erlebt und als Leben
373 3644 1402 3718 wiedergegeben, leicht, fast behaglich, wie von selbst.
380 3685 1406 3741 Auch bei Frl. Olly gesellte sich zur Gewandtheit die
372 3745 1403 3790 psychische Tiefe in einem Grade, der alle Bewunderung
376 3784 1400 3830 verdient. Besonders vorzüglich muß ihre Mimik — die
370 3814 963 3876 Hauptsache im intimem Stück
1048 3829 1400 3886 genannt werden.
370 3865 1412 3917 Dann Herr Scharwenka als Gley und Ormin, fein ab¬
369 3909 1419 3975 gestimmt und treffsicher, Herr Kosel als Theater¬
376 3950 1399 4028 direktor und Herr Schmelz als Dr. Wernig, alles meße
377 3996 1025 4059 als anerkennenswerte Leistungen!
439 4034 935 4098 Noch mehr solche Abende
1015 4042 1399 4105 und die böszürhige
367 4084 1410 4155 Kritik wird zum Hymnen singenden Herold des Pahmes
375 4125 550 4181 werden.
2682 1525 2731 1609 #
2071 1508 2608 1622 50 onne Gewanf.)
1791 1614 2192 1692 Ausschnitt aus:
2309 1602 3042 1764 rager Abendblatt
1791 1711 1946 1781 vom:
2031 1682 2327 1800 e30E11915
1948 1772 2012 1828 1
2357 1794 2692 1882 de  e e en    e e e e
2264 1864 2680 1981 Theater.
2072 1955 2931 2036 Gie v. Deutsches Landesrheater. Sams¬
1995 1987 2938 2077 kag wird zum ersten Male Schnitzlers Einakterzyklus
2006 2046 2929 2116 „Komödie der Worte“ aufgeführt. Das erste
1991 2068 2917 2149 der Stücke heißt „Die Stunde des Erken¬
1999 2114 2918 2180 nens“. Wir begegnen einem Manne, der das Be¬
2000 2133 2935 2227 wußtsein der Untreue seiner Frau ein Jahrzehnt mit!
2000 2185 2922 2261 sich herumträgt. Er will sein Heim nicht zerstören,
1984 2221 2921 2301 seiner Tochter die Mutter nicht nehmen. Erst als die
1991 2261 2911 2343 Dochter als junge Frau aus dem Elternhause scheidet,
1994 2298 2914 2378 spricht der Mann und endet das Versteckenspiel. Die
1995 2332 2929 2427 Frau hat wohl den Gatten betrogen, aber mit einem
1993 2379 2545 2439 anderen als der Gatte wähnte.
2062 2422 2915 2493 Das zweite Stück schildert die „Große Szene“
1977 2444 2918 2550 in der ein berühmter Schauspieler den Bräutigam
1979 2495 2911 2572 eines von ihm verführten Mädchens von der Rein¬
1986 2528 2907 2614 heit und Treue seiner Braut zu überzeugen bestrebt
1979 2576 2908 2639 ist. Er spielt diese Szene so überwältigend wahr, daß
1980 2608 2909 2688 seine Frau, die ihn seinens lockeren Lebenswandels
1980 2645 2905 2722 wegen oftmals schon verließ und eben erst wieder zu¬
1982 2679 2907 2768 rückgekommen ist, von Grauen und Abscheu vor ihm
1977 2726 2902 2802 erfaßt wird. Diesmal gehe sie endgiltig. Der Schau¬
1983 2763 2896 2842 spieler soll am selben Abend als Hamlet auftreten,
1981 2791 2899 2885 das könne er nicht, wenn er seine Frau nicht im Zu¬
1975 2829 2647 2904 schauerraum weiß. Da bleibt sie denn.
2058 2875 2897 2948 Das dritte Sturk nennt Schnitzler „Das
1974 2904 2905 2998 Bacchusfest" Es spielt auf einer Eisenbahnstation
1971 2943 2901 3031 während einer Fahrt; fünf Minuten Aufenthalt!
1977 2984 2894 3071 Während dieser fünf Minuten nimmt ein Schrift¬
1978 3021 2895 3097 steller seine Frau, die sich eingebildet hat einen ande¬
1971 3062 2835 3146 ren Mann zu liehen, diesem Manne wieder weg.
2047 3103 2919 3189 Die drei männlichen Hauptrollen wird Herr
1961 3140 2961 3245 Becker, die drei weiblichen werden die Damen #
1957 3181 2807 3267 Hühner, Medelsky und Ries darstellen.
