3392 4352
2104 273 2554 377 box 32/9
232 275 1954 368 26. 1. Kongedie der NorteZuklus
2971 418 3301 522 .—
1176 452 1259 546 —
3113 496 3315 567 —.—.—
1721 532 3312 637 Artur Schnitzlers drei Einakter unter dem Titel „Komödte stören können. Hätten
449 543 2823 626 Kampf gegen den Theaterschund der Woned Anfführung auch in Köln vor sich geht.
2816 594 3298 665 blick lang darüber im
1648 611 2828 673 konnten bei ahrer Uraufführung im Darmstädter Hoftheater nur
439 620 1619 712 ## und Bühnenschmutz.#
1651 652 2818 718 einen mäßigen Achtungserfolg erzielen, der vielleicht auch mehr
2828 650 3316 706 uns auf dem rechten W
1651 687 2822 756 den Darstellern, als den Szenen des Wiener Dichters galt.
2818 695 3323 769 ten Blätterstimmen hätt
560 697 1646 777 Die gewisse Wiener Presse versucht mit allen
1661 730 2820 779 Diese selbst sind im guten und schlechten Sinne kaum mehr als
2811 739 3325 806 wir in unserem gerech
473 760 1644 823 Mitteln ihrer Leserschaft aufzuschwätzen, daß dieser Kampf
1648 765 2813 811 Literatur, Wiener Kaffeehausliteratur, die nirgends zu künst¬
2830 783 3320 863 sunden, tüchtigen Men
1654 808 2819 877 lerisch machtvoller Vertiefung gelangt und bei allen Ansätzen
470 805 1643 868 nichts anderes sei, als halt wieder einmal so eine kleine
2820 842 3322 926 dingungslos auf unsere
1649 843 2834 925 psychologischer Durchdringung im letzten immer banal
461 861 1641 921 „klerikale Hetze“. Damit wird sie wenig Glück haben. Es
1651 882 1802 945 bleibt.
466 910 1649 971 zeigt sich allzu deutlich, daß dieser Kampf eine Sache
2965 895 3332 996 Burgfriede
1721 933 2810 1022 Im Vergleiche mit diesen Zeitungsstimmen ist die
470 958 1644 1020 aller reinlich denkenden, aller anständigen Menschen ist,
2908 985 3332 1062 Aus Berlin wich
1649 992 2811 1078 „Kölnische Volkszeitung“ eigentlich zurück¬
463 1010 1639 1063 aller Menschen, die das Theater lieben und es nicht zum
1658 1040 2302 1111 haltend genug, wenn sie sagt:
2815 1026 3258 1109 Zeitung“ gemeldet:
472 1041 1651 1132 Schauplatz wüster crotischer Ausschreitungen werden
1712 1076 2816 1160 Allerdings ist zuzugeben, daß es Schnitzler versteht, einen
2893 1092 3331 1158 Der Mainzer
459 1096 1639 1159 kassen möchten. Es zeigt sich, daß anderswo auch die
1642 1137 2813 1179 Dialog zu bauen, daß er alles sagen kann, ohne direkt unan¬
2812 1133 3324 1218 hat die Aufführ
466 1148 1643 1204 durchaus nicht „klerikale“ Presse diesen Kampf mutig
1650 1172 2803 1234 ständig zu werden, daß er oft amüsant, mitunter geistreich sein
2819 1183 3292 1263 „Weibsteufel“
472 1197 1643 1265 aufnimmt und mit jener Festigkeit führt, die immer ein
1651 1211 2817 1281 kann, und er könnte in diesem Falle darauf hindeuten, daß er
2822 1233 3324 1304 Gouvernements gegen S
467 1241 1649 1302 Zeichen einer an würdigen Idealen entflammten Ge¬
1654 1252 2802 1318 in den drei Einaktern doch nur eine Komödie der Worte habe
2822 1291 3324 1360 Wochen Gefängnis ver
1638 1281 2815 1354 schreiben wollen. Das alles zugegeben; aber ist das die
463 1275 740 1368 sinnung ist.
1642 1331 2813 1372 Aufgabe der Bühne, und geradein jetziger
2817 1331 3325 1393 Verbot damit, daß dies
541 1343 1636 1428 Mit aller Entschiedenheit lehnt man draußen im ver¬
1635 1366 2815 1427 [Zeit, in der gesunde kräftige Kost statt der
2827 1383 3329 1456 Mainz, wo die katholisch
1636 1407 2804 1471 Krankensuppen verabreichtwerden sollte?
459 1405 1639 1475 bündeten Reiche den neuesten Schönherr, das tierisch¬
2821 1425 3320 1486 ist, den Burgfrie
1641 1446 2707 1514 Und das Denken all dieser Personen ist doch patholozisch.
453 1448 1651 1530 erotische Drama „Der Weibsteufel“ ab, mit
2814 1486 3325 1552 Die „Reichspost“ hat 0
1720 1493 2795 1586 Die Berliner „Deutsche Tageszeitung"
460 1505 604 1565 dem
1336 1503 1639 1576 für Woche
621 1501 1352 1580 unser Burgtheater Woche
2808 1522 3336 1596 in Mainz den „Weibste
1645 1521 1851 1615 schreibt:
459 1544 1642 1618 verunglimpft und in den Kot gezerrt wird. Am
2816 1579 3282 1647 Aufführung dieses
1730 1599 2801 1656 Mancher Vorzug des Schriftstellers Schnitzler ist auch an
466 1599 1646 1678 Residenztheater von Wiesbaden sollte
2818 1609 3297 1683 [München und in
1640 1637 2800 1705 dieser Stelle willig anerkannt worden. Aber allmählich erstarrt
461 1654 1632 1710 dieses Machwerk gespielt werden und wurde in letzter
2812 1678 3331 1744 [Städte in Deut;
1649 1680 2802 1740 seine Kunst, geistreiche Worte zu setzen, in Creisenhaftigkeit, und
450 1695 1641 1762 Stunde abgesetzt, desgleichen am Mainzer Stadt¬
1649 1721 2805 1764 seine psychologischen Bohrversuche wagen sich an immer untang¬
2818 1713 3332 1792 hören wir in Wien von
449 1754 1637 1811 theater, ebenso am Münchner Hoftheater,
1644 1760 2797 1821 lichere Gegenstände. Selbst seine besten Freunde und überzeugte¬
2811 1778 3340 1836 Militärgouvereurs au
1645 1796 2796 1861 sten Anhänger werden die breite, selbstgefällige Ge¬
446 1801 1637 1866 ebenso an einer Reihe anderer deutscher Zühnen. Ueberall
2808 1818 3325 1892 völkerung und von dem
1636 1835 2807 1892 schwätzigkeit dieser mit Fug als „Wortkomödten“ bezeichne¬
457 1847 1628 1914 die schlimmen „Klerikalen“? Nein! Ueberall die sauberen
2822 1869 3339 1945 der auch nus Katholik
1644 1873 2795 1936 ten Dichtungen übel empfinden, werden die den Abend eröffnende
460 1892 1639 1964 Menschen, überall die Leute, deren Ekel sich regt, deren
1630 1916 2798 1973 Tragödie als mühsam konstruierten Schwindel be¬
2823 1910 3317 1991 Welbsteufel“ ist im
452 1946 1626 2001 Reinlichkeit sich empört. In Stuttgart haben die
1638 1955 2803 2011 löcheln und für die Geschmacklosigkeit des letzten Ein¬
2810 1964 3289 2038 theater zuerst,
1635 1991 2803 2061 akters die Achseln zucken. Damit ist alles Erforderliche über den
461 1989 1619 2051 evangelischen Pfarrer gegen den „Weibsteufel“
2813 2013 3283 2084 [Kriegesaufgef
1631 2032 2796 2097 Kunstwert der drei Stücke gesagt. Vom nationalsittlichen Stand¬
457 2037 1628 2120 und die „Mona Lisa“ eine sehr entschiedene Ver¬
2816 2064 3333 2128 haben sich die maßgeben
1632 2073 2803 2117 punit aus wird vielleicht noch mehreres hinzuzufügen sein.
463 2089 1231 2171 wahrung eingelegt. Darin heißt es:
1641 2107 2806 2175 Schnitzler hat zu Anfang des Krieges angeblich einige Torheiten
2806 2117 3332 2185 lische Bevölkerungsmehrh
1642 2151 2801 2211 über uns und unsere Feinde gesagt. Wer die Ideenwelt dieses
533 2145 1633 2215 Wenn je, so hätte das Theater in unserer ernsten Zeit allen
2811 2155 3239 2231 Burgfriede nämlich —
1627 2187 2803 2249 Dramatikers aus seiner „Komodie der Worte“ kennen lernt, der
453 2190 1624 2253 Grund, sich als „moralische Anstalt" und Träger geistiger
2812 2214 3332 2285 Schutz denn auch sehr ü
1640 2228 2796 2286 wird ihm keinen Vorwurf wegen irgend einer scheinbar nicht in
452 2236 1623 2287 Kultur zu bewähren und auf das Empfinden weiter Kreise des
2905 2252 3340 2330 Ob im Wiener Hof#
1625 2250 2808 2329 diese Zeit passenden Radewendung machen. Denn Schnitzler hat
450 2278 1632 2332 deutschen Volkes Rücksicht zu nehmen. Manche Darbietungen
1627 2314 2793 2375 offenbar — kein Organ für diese Zeit und ihre Notwendigkeiten.
2812 2287 3329 2371 aus Deutschland eine
447 2323 1636 2373 der Schaubühne stehen in schrossem Gegensatze dazu. In eine:
462 2363 1630 2411 Zeit der höchsten Spannung und blutigsten Kämpfe wird in
2814 2355 3322 2428 Schmeichelhaft ist dieses
1720 2339 2803 2441 Die Berliner „Tägliche Rundschau“ meint
455 2382 1638 2447 Schauspiel und Oper aber statt sittlich Erhebenden vielfach
1631 2382 1942 2474 sehr treffend:
2816 2400 3087 2482 bühne nicht.
457 2443 1628 2493 Herabziehendes und Zersetzendes geboten. Während wer ganz
1709 2452 2795 2519 Wenn die Augenblickswirkungen eines glänzend gewebten
449 2472 1634 2524 auf Treue und Zucht angewiesen sind und unser ganzes
1630 2496 2792 2565 Dialegs verflogen sind, sagt man sich doch, daß drei ländelnde
443 2517 1620 2570 Dakein durch heiligen Opfermut unserer Krieger bedingt
1634 2538 2802 2608 Ehzbruchstücke an einem Abend in der heutigen Zeit, wo
450 2544 1624 2614 und geschützt ist, wird leidenschaftliche Sittlichkeit und
1638 2577 2791 2624 Hundertiausende von deutschen Frauen um
449 2578 1623 2634 zügelloser Lebensgenuß vorgeführt. Draußen spielt sich
1622 2614 2796 2678 ihre Männer sorgen oder gartrauern, so fehlam
443 2619 1623 2681 das größte Drama der Weltgeschichte ab und in der
1616 2645 2799 2721 Orte sind wie nur möglich. Wer dafür kein Gefühl hat,
451 2662 1615 2715 Heimat soll man sich an Darstellungen des Verbrechens ergötzen.
1634 2693 2796 2759 mit dem ist natürlich nicht darüber zu streiten. „Gefühl ist alles.“
450 2703 1624 2758 Wir sind karan, uns auf unserinnerstes und destes
1625 2728 2793 2782 Schnitzler seiber wird vermutlich die Achseln zucken über solche
449 2745 1629 2801 Eigenaut zu besinnen, und hier wird welschem Geist ge¬
1631 2771 2793 2843 Einwände; er hat einmäl das Bekenntnis abgelegt: „Wir spielen
448 2780 1625 2835 huldigt. Es geht um die höchsten Güter nicht boß unseres
1632 2811 2794 2893 immer; wer es weiß, ist klug.“ Aber es ist ein großer Irrium,
451 2821 1625 2867 deutschen Volkes, sondern der Menschheit, und hier klascht man
1626 2844 2618 2912 daß solche Klugheit wirklich das Höchste im Leben sei.
447 2866 1624 2918 fader Oberflächlichkeit und Zweideutig¬
433 2908 1630 2955 keit Beifall. Welchen Eindruck vom Leben in der Hrimmt
1707 2895 2799 2976 Angesichts dieser heftigen Ablehnungen, die aus
451 2940 1624 2979 müssen die Krieger mitnehmen, die Zeugen solcher Schau¬
1628 2946 2796 3030 Blättern aller Parteirichtungen kommen, angesichts die¬
446 2976 1623 3026 stellungen werden! Gibt es nicht Stücke genug, um einen
1626 2993 2800 3081 ser erbitterten Verwahrungen, mit denen sich allent¬
446 3013 1617 3068 Spielplan aufzustellen, der der heutigen inneren und äußeren
443 3058 1625 3108 Lage des deutschen Volkes gerecht wird? Wir bitten die
1627 3036 2795 3123 halben anständige Leute gegen den Schnitzlerschen
454 3095 1618 3151 Theaterleiter und Theaterbesucher hier Wandel zu schaffen und
1621 3109 2795 3164 Schmutz auflehnen, meint das „N. Wiener Jour¬
443 3136 1622 3205 in ihrem Teil deutsche Kraft und Würde zu
1625 3160 2802 3222 nal“, welches bekanntlich eine besonders heiße Lanze
438 3178 644 3239 stärlen.“
1611 3199 2785 3266 für den Dichter gebrochen hat, sehr betreten: „Schnitz¬
428 3221 1616 3310 # Bravo! Dank den evangelischen Pfarrern von Stutt¬
1619 3239 2790 3317 lers „Komödie der Worte“ scheint in Deutschland nicht
430 3272 945 3366 gart für diese Worte!
1615 3295 2786 3362 allzu respektvoll ausgenommen zu werden.“
536 3334 1618 3410 In Salzburg hat der christlichsoziale Gemeinderat
1627 3327 2792 3412 Aber geh'n S', was Sie nicht sagen? Seh'n S' das
431 3399 1613 3456 Preis dagegen Einspruch erhoben, daß das Salzburger
1619 3378 2802 3478 kommt uns auch so vor. Gar besonders respektvoll ist die
1621 3441 2167 3519 Aufnahme wirklich nicht.
449 3455 1616 3507 Stadttheater mit dem „Weibsteufel“ verunreinigt
448 3488 1628 3547 wird. Dieser „hetzerische Klerikale“ mußte sich in offener
1699 3483 2800 3585 Die „Frankfurter Zeitung" beginnt ihre
444 3538 1626 3615 Gemeinderatssitzung vom Theaterintendanten Dr. Toldt
1619 3540 2805 3616 Besprechung mit der Feststellung: „Es gibt Dinge, die
439 3586 1618 3645 darüber beiereul ssen, daß das Trama nichts Unsitt¬
1625 3600 2790 3663 man tut, aber über die man nicht spricht.“ Hiezu meinen
431 3628 1617 3701 liches und Relizionsfeinliches enthalte, da es sonst nicht
1614 3638 2797 3713 wir, daß man die Dinge, von denen Schnitzler mit em¬
450 3682 1615 3750 — — om Wiener Burgtheater gespielt werden könnte!
1622 3679 2799 3757 pörender Unverfrorenheit spricht, lieber auch nicht tut.
435 3733 1614 3799 Dort habe nämlich, obwohl das Stück ost genug gespiell
1714 3748 2785 3812 Nur ganz wenige Besprecher der Neuheit unter¬
433 3782 1615 3841 werde, noch niemand daran Anstoß genommen. Wenn
1612 3785 2798 3872 nehmen den Versuch, mit einem verlegenen Witz über
440 3825 1625 3892 die Sache nicht zu traurig wäre, müßte man herzlich
1615 3842 2791 3893 ihre wahre Ansicht hinwegzugleiten. So der Dr. Lettel¬
448 3877 1619 3945 darüber lachen. Der gute Dr. Toldt hat offenbar
1623 3887 2782 3952 heim, welcher neckisch bemerkt („Vossische Zeitung"):
438 3921 1614 3992 keine Ahnung davon, was alles heute am Burg¬
1613 3939 2786 4001 „Jedes Blatt, das Schnitzler in seinem Ehezucht= oder
435 3976 2788 4032 theater gespielt werden darf. Und was das ente vielmehr Eheunzuchtbüchlein aufschlägt, führt uns in
443 4028 2785 4095 standene Aergernis anbelangt: Wir könnten ihm einen einen anderen, dem Sittenmaler aus jahrzehntelangen
441 4069 1615 4128 sehr umfangreichen Stoß von Zeitungsausschnitten und
1615 4085 2789 4141 Erfahrungen gleich vertrauten Kreis.“ Der Stefan
429 4119 2773 4182 privaten Zuschriften senden, aus denen er unschwer er= Großmann lobt den „Trotz“ des Schnitzler: „Es liegt ein
444 4172 2786 4234 sehen könnte, daß vieltausend Leute an dem Stück Anstoß gewisser Trotz darin, daß Schnitzler sich durch den
440 4224 2781 4268 genommen haben. Freilich Leute, deren Stimme dem Weltkrieg nicht weiter stören läßt — ein
