3344 4352
2121 164 2576 261 box 32/1
246 167 1975 281 26.1. Kongedie der Norte — Zuklus
2938 1077 3159 1168 S
2687 1101 2765 1173 nn
1743 1100 1953 1192 WEN
2839 1157 3324 1228 dicht schließt. Und de
1701 1165 2840 1240 Fast wirkt es grotesk, was alles diese eine plötzliche Stunde
541 1186 1707 1252 gestanden, sade, zäh. Er wirkt übel, ja; aber tödlich?
2852 1196 3340 1271 Hand über den wund
1702 1215 2845 1285 an's Tageslicht schleudert. Es reichte aus, Fünfaktiges zu
548 1234 1704 1303 Unfaßbar, wie sich an diesem Gericht die arme Frau so
2843 1248 3298 1324 viel Laune gemacht,
1694 1263 2846 1335 möblieren. Und wir bewundern des Dichters Kunst, in
538 1288 1702 1373 gründlich die Seele verderben konnte, daß ein jäher Selbst¬
2848 1296 3327 1372 einigermaßen weitläufig
1707 1313 2843 1393 einem runden Griff so viel Schicksal, Beziehung, Charakter
549 1330 1705 1415 mord sie befällt. Man weiß wohl nicht mit Sicherheit, ob
2848 1346 3323 1431 ihrer Spaßigkeit unter
1707 1375 1938 1460 zu fassen.
551 1380 1704 1445 sie in die Donau geht; aber jedenfalls hat ihr Exitus
2956 1400 3339 1464 Das dritte Stück
1816 1377 2854 1476 Held der zweiten, weitläufigen, aber späßigen Ko¬
554 1443 1703 1492 durch die Speiszimmertür, nicht zu leugnen, etwas Letales.
2854 1440 3336 1509 ist ein kleines, elastische
1701 1456 2843 1535 mödie „Die große Szene“ ist ein Schauspieler, ein
553 1477 1706 1559 Wie von einer unsichtbaren schwarzen Schleppe rauscht
2850 1496 3339 1562 Spannung, die sich zum
1708 1503 2855 1576 bedeutender Schauspieler. Der Schmiß in seiner ganzen
545 1536 1138 1619 es hinter ihrem Kleide her.
2850 1545 3326 1609 artigen Klang, entlädt. G
1712 1555 2851 1624 Art deutet zwar mehr auf Operettentenor: aber das sind
671 1551 1709 1639 Und der Mann glaubt, Osmin seies gewesen! Den
2852 1586 3334 1665 Schriftsteller: das Sch
1716 1592 2859 1681 schließlich Nuancen. Dieser Schauspieler ist ein schwerer
554 1622 1704 1690 anderen Zweisilbigen, Földing, hätte er vielleicht nicht so
2862 1636 3334 1703 in den drei Einaktern
1707 1646 2859 1723 Hallodri von infantiler Verantwortungslosigkeit, deren er
557 1669 1706 1741 tragisch genommen, aber auf Osmin ist er rundherum
2861 1675 3333 1752 halb verlorene Frau dus
1721 1698 2854 1773 sich klar bewußt ist. Die Lüge scheint nicht ein Zug seines
563 1717 1716 1783 eifersüchtig. Auf sein Talent, seinen Ruhm, seine herzens¬
2864 1736 3333 1800 Er redet den Nebenbu#
1714 1748 2863 1826 Charakters, sondern sein Charakter selbst. Sie tritt als
565 1762 1714 1837 fängerischen Qualitäten. So weist er, in der Stunde des
2855 1782 3325 1849 die Worte, die jener f
1710 1787 2860 1861 schöpferisches Prinzip auf; und durchbeizt den ganzen
561 1815 1718 1889 Verkennens, der Frau mit dem längst getrockneten und
2846 1831 3332 1904 ehe sie noch Ton werd
1719 1836 2861 1918 Mann so sehr, daß man sagen könnte: die Lüge sei seines
557 1863 1716 1937 verwischten Fleck auf der Ehr' die Türe. Ward je in
2857 1883 3324 1950 nur leider unbedeutend
1717 1890 2862 1964 Wesens eigentlichste Wahrheit. Sein Hauch riecht nach
561 1924 1717 1995 solcher Laun' ein Weib hinausgeworfen? Zehn Jahre
2852 1930 3327 1996 keit, daß er sich wie ei
1721 1950 2867 2015 Lüge wie des Schnapsbruders Atem nach Spiritus. Und
555 1959 1708 2035 zwischen Septimenalkord und Dreiklang — wenn das
2860 1984 3335 2062 Was ihn rettet, ist sei
1712 1984 2865 2064 außerdem ist der Schauspieler faszinierend liebenswürdig.
548 2011 1717 2076 noch ein harmonisches Vergnügen heißt! Schade um
2971 2021 3327 2093 Gemeinsam hab
1714 2037 2873 2104 Und, wie gesagt, ein großes närrisches Kind. Und ein
556 2057 1718 2147 diese zwanzigjährige gute, gute Ehe! Denn eine gute Ehe
2869 2056 3334 2145 Wohlgelungene, die lau
1725 2084 2871 2157 lüssenswerter Schw#dler, stets von seinen eigenen Schwindel
566 2099 1716 2184 darf man die wohl nennen, deren Partner — o un¬
2864 2125 3319 2200 Schliff der äußeren
1724 2132 2867 2210 selbst halb beschwingett. Und ein Künstler. Und ein Worte¬
1032 2158 1721 2217 — nach zwanzigjährigem Bei¬
570 2165 1052 2235 wahrscheinlich Gtück!
2869 2169 3332 2245 zeigen markante Gesich
1718 2178 2871 2270 werfer von akrobatischer Kraft und Geschmeidigkeit. Und
565 2207 1687 2305 sammensein einander noch was Neues zu sagen haben.
2869 2213 3336 2290 gering, und auch diese
1719 2230 2865 2303 ein Romantiker der Gemeinheit. Und ein schillernder
669 2253 1724 2319 Nur in der Phantasie der Theaterschriftsteller enden
2874 2266 3335 2342 hat einen Beisatz von
1721 2276 2874 2369 Prachtkerl. Kurz und gut also: ein unausstehliches Ekel.
562 2298 1722 2384 zwanzigjährige Ehen mit wohlgesetzten Abrechnungen. Wo
2864 2314 3327 2395 gelegtes, leicht Geklebte
1826 2326 2871 2408 Wie er einem von ihm Betrogenen die Rache aus
574 2337 1738 2425 es die noch gibt, noch geben kann, ist auch noch nichts
2868 2365 3333 2439 Zerzaustheit noch ist wich
1727 2365 2879 2449 der Hand luchst, das ist immerhin sehr lustig. Alles In¬
572 2396 1729 2481 verloren. In neunhundertnennundneunzig von tausend un¬
2871 2415 3319 2489 fädig und doch haltbar
1721 2402 2884 2507 spiration des Augenblicks; aber jedenfalls hatte das große
571 2433 1731 2524 glücklichen Mariagen wirkt als zerstörende Kraft nicht ein
2879 2471 3331 2537 das in jeder Komödie d
1714 2474 2877 2548 Kind, wisse vorbereitend, schon Wochen früher zum Ge¬
574 2492 1716 2561 Gegensatz zwischen den Partnern, sondern deren hoffnungs¬
2868 2513 3319 2582 Die Sprache ist von
1721 2514 2870 2596 brauch für diesen Augenblick einen Brief gefälscht und mit
565 2543 1739 2622 lose Abgestumpftheit für einander. Eine Abgestumpstheit
2872 2550 3321 2630 noch prunkvoll. Wohl
1725 2575 2874 2638 seiner fündigen Partnerin die Ausreden geübt. Das nenne
577 2593 1733 2656 und Abgeschliffenheit, die nicht einmal mehr unter der
2868 2611 3326 2685 ideeller Besitz funkelt,
1728 2619 2874 2698 ich einen soliden Stegreif! Sehr tüchtig trotzdem, wie er sich
584 2636 1730 2727 Pressung des Hasses adhärieren will. Hic incipit tragoedia.
2874 2652 3319 2728 Hand, nur zufällig au
1742 2664 2885 2751 herausplaudert. Der eigenen Frau schauderk's vor solch
568 2691 1728 2770 Dort noch nicht, wo noch eine Komödie der Worte
2972 2704 3326 2771 Der Schauspielk
2338 2717 2875 2789 wer aber wüßte dem be¬
1740 2735 2324 2802 unappetitlicher Virtuosität —
573 2753 845 2839 möglich ist.
2873 2739 3309 2833 gaben, die das Burc
1730 2758 2873 2845 zaubernden schlechten Kerl zu widerstehen? Und darn
708 2763 1733 2873 Sehr geschickt schraubt sich der Dialog des Ein¬
2875 2798 3327 2871 tadellos als hinreißen
1730 2797 2896 2893 braucht er sie ja, um Theaterspielen zu können: hier hat
575 2828 1734 2906 alters tief in die Vergangenheit der redenden Personen.
579 2850 3325 2985 Und bald ist die Szene wie vollgeräumt mit Ausgegrabenem. dieses Siegfrieds Hornhaut die Stelle, wo sie nicht sugen= Komödien Hauptkomö
