3344 4352
2093 162 2550 268 box 32/9
229 175 1964 295 26.1. Konoedie der Nortezyklus
1616 1041 1816 1139 Umschau.
991 1060 1119 1143 418
1070 1155 2427 1225 Ist es denn eigentlich mit anständiger Gesinnung vereinbar, achselzuckend zu
997 1230 2434 1285 erklären, die angegriffenen Stücke müßten leider gespielt werden, weil andere
993 1289 2435 1339 brauchbare Neuheiten nicht vorlägen; die Theater seien jetzt mehr als je auf zahl¬
1000 1322 2436 1387 reichen Besuch angewiesen, und wem die Aufführungen nicht behagten, der könne
986 1399 2437 1449 ja wegbleiben? Als ob ein Gewerbe, das die öffentliche Sittlichkeit bedroht, sich
989 1432 2438 1479 in einem gesitteten Staate ungehindert breit machen dürfte. Und als ob zur
999 1492 2428 1555 Füllung der Theaterkassen jedes Mittel recht wäre! Wie stimmt diese Bereit¬
999 1569 2437 1607 willigkeit, an der Vergiftung der Volksseele mitzuwirken, zu den von einem
999 1602 2434 1661 Theaterleiter gesetzlich geforderten sittlichen Eigenschaften? Fachleute sind sich
994 1655 2431 1712 längst klar darüber — ich habe noch im Oktoberheft daran erinnert — daß wir
988 1706 2433 1763 viel zu viel Theater und viel zu viel Schauspieler haben. Niemals ist den
997 1753 2435 1827 Bühnenangehörigen eine Anderung ihres Berufes so leicht gewesen wie jetzt, wo
1001 1809 2437 1885 die durch den Krieg wunderbar gesteigerte Anpassungsfähigkeit über seelische Wider¬
1002 1865 2435 1936 stände hinweghilft und zugleich auf allen Gebieten des Erwerbslebens auch weniger
1000 1935 2433 1989 vorgebildete Kräfte Beschäftigung finden. Wenn die Hälfte der Privattheater
992 1999 2443 2044 geschlossen würde, so bliebe für Kunst und anständige Unterhaltung noch immer
1005 2039 2438 2096 Raum genug. Bei dem jetzigen Überfluß an Bühnen drängt das investierte
1007 2091 2438 2155 Kapital zur Ausbeutung der schlimmsten Instinkte, und das Volk, dessen Seele
991 2142 2437 2207 dadurch unaufhörlich verwüstet wird, muß noch obendrein Riesenzuschüsse an die
997 2189 2182 2273 von der Konkurrenz besiegten Hof= und Stadttheater aufbringen.
1080 2252 2440 2331 Der Krieg hat uns gelehrt und gezwungen, unser Geld und unsere Menschen¬
1007 2316 2439 2383 kraft nützlicher und edler zu verwerten. Hans Brecka, der Theaterkritiker der
994 2374 2438 2441 Reichspost, sagte am 6. November in einem offenen Briefe an den Direktor des
996 2434 2442 2489 Wiener Burgtheaters mit vollem Rechte: „Glauben Sie in der Tat, den Willen
999 2477 2431 2546 des Kaisers zu erfüllen, wenn Sie dem Volke Woche um Woche mit den be¬
1007 2538 2438 2597 redten Mitteln der ersten deutschen Bühne alle nur erdenklichen Laster, Totschlag,
998 2600 2451 2651 Lüge, Verrat, Treubruch vor Augen führen? . . . Glauben Sie, Herr Direktor,
1005 2651 2443 2702 in der Tat, daß es der Wille seiner Apostolischen Majestät ist, dem Volke durch
1006 2712 2441 2760 große materielle Opfer auf der Hofbühne solche Kunst zu vermitteln, gerade jetzt,
1001 2744 2443 2805 da sich auf tausend Schlachtfeldern nichts anderes bewährt hat als eben jene be¬
1012 2811 2443 2870 witzelte Tugend, eben jener verhöhnte Sinn der Treue, eben jene verleugnete
1003 2855 2384 2921 Mannhaftigkeit, die in Not und Tod unsterbliche Triumphe geseiert hat? ..
1008 2908 2444 2969 Es scheint uns denn doch nicht gut möglich, daß Sie in Wahrheit dieses Glaubens
1014 2963 2437 3034 sind. Wir für unsern Teil empfinden den gegenwärtigen Spielplan des Hof¬
1009 3017 2432 3083 burgtheaters als eine Schmach, welche in dieser großen Zeit von unserem Volke
1009 3083 2433 3137 abzuwehren unsere unentwegte Aufgabe bleiben wird.“ Fürsten und Völker der
1011 3147 2436 3197 verbündeten Mächte werden sich solchen Erwägungen nicht verschließen können.
1001 3179 2441 3242 Verfall der Sitten ist noch immer der Weg zum Verfall der Kultur und der
1011 3252 2440 3301 staatlichen Unabhängigkeit gewesen. Darum ist der Kampf gegen die Verseuchung
1012 3289 2445 3358 des Theaters buchstäblich ein Kampf um Blühen und Bestehen unseres Vaterlandes.
1924 3359 2366 3442 Jakob Overmans S. J.
