3344 4352
273 242 2577 360 26.1. Konoedie der Norte Zyklus box 32/1
358 1320 1424 1419 Ausschnitt aus: „REICHSPOST, WIEN
354 1410 523 1491 vam:
726 1440 818 1502 50 1
417 1431 967 1552 —
1564 1499 3361 1593 des Theaters abholden Zeit die Schar ihrer Künstler diesem Hause Heim und Pfle
353 1527 1573 1638 Ein offener Brief an den Direktor
1575 1585 3351 1665 und Bühnenarbeiter ernähren könnten? Dem verdorbenen des kaiserlichen Spenders zun
512 1608 1475 1711 des Wiener Burgtheaters.
1574 1630 2976 1714 Geschmack des kassensüllenden Publikums nachjagend vollstreckt.
694 1670 1060 1769 „Hert, Onelzor!
1576 1690 2741 1778 verfallen sie in Irrtümer, die wohl gewissenhaft auf¬
2829 1671 3360 1756 Schönherrs und Schn
1573 1736 2741 1811 gezeigt werden müssen, aus denen man aber unter den
2739 1738 3362 1818 haben zweifellos Ihren Anfor
455 1713 1579 1813 (1/Da das Hofburglheater seit Kriegsbeginn nur an
2737 1799 3360 1862 Sie doch diesen Stücken so li
1582 1799 2750 1883 obwaltenden Umständen keineswegs den Schluß auf eine
410 1786 1582 1880 jedem zweiten Abende spielt, verfügen Sie in der Woche
1573 1847 2748 1936 künstlerische Unfähigkeit dieser leitenden Männer ziehen
2734 1853 3360 1912 volle Aufführung bereiteten.
407 1870 1579 1924 über vier Spielabende. In den letzten Wochen nun
1575 1899 1711 1978 darf.
2718 1895 3351 1970 den künstlerischen Wert dieser
412 1906 1580 1981 waren stets mindestens zwei dieser Abende mit den
1659 1948 2750 2021 Anders liegen die Dinge nun freilich bei dem Ihrer
2731 1961 3361 2024 Meinung sein. Lesen Sie das
403 1954 1578 2037 Stücken „Der Weibsteufel“ von Schönherr uno „Ko¬
1583 2009 2736 2078 Leitung anvertrauten Theater, dem kaiserlich königlichen
2725 1998 3348 2087 post“ vom 28. Oktober. Dort
398 1998 1574 2080 fraödie der Worte“ von Schnitzler besetzt. In dieser
1574 2060 2749 2128 Hofburgtheater. Dieses Theater nannten Sie selbst,
2725 2066 3362 2125 Reihe von Aeußerungen reich
412 2062 1577 2128 Woche aber, der Woche, in der wir mit innigem Ge¬
1579 2106 2736 2182 erinnern Sie sich, in Ihrem Geleitwort zu Otto Rubs
2726 2113 3360 2188 sammengestellt. Sie finden d
411 2125 1583 2206 denken an unsere toten Helden das Fest Allerseelen
1579 2167 2733 2240 statistischem Burgtheaterwerke das „neue, herrliche Heim,
2731 2170 3361 2243 tischer Pastoren gegen Schön
405 2179 1573 2245 gefeiert haben, sind Schnitzlers anrüchige Gesellschafts¬
1572 2225 2737 2281 das der Kaiser seinem, unserem Bugtheater in munisi¬
2737 2223 3352 2300 finden die erbitterten, fast n
403 2231 1582 2297 stücke dreimal auf dem Zettel gestanden! Die übrigen
1579 2269 2732 2339 zenter Weise errichtet hatte, das beziehungsreich an den
2727 2276 3360 2345 deutscher, ernster Kritiker geg
414 2282 1582 2348 Abende pflegen Sie irgend einem belanglosen Schwanke
1574 2333 2731 2398 Marken der kaiserlichen Burg — und Volksgarten steht“
2732 2328 3347 2409 der Worte“. Und immer wier
402 2335 1577 2396 und selten einmal einem Klassiker einzuräumen. Sicherlich
1576 2385 2729 2466 In der Errichtung des Gebäudes hat sich bekanntlich
2726 2388 3352 2462 Wort „Schmutz“, zu dem m
395 2389 1581 2470 ziehen Sie bei Festsetzung des Spielplanes Ihren
1572 2434 2733 2510 die Munifizenz des kunstliebenden Monarchen nicht er¬
2733 2435 3352 2504 greifen muß, um den Inhalt
403 2444 1579 2514 Kassier zu Nate, sicherlich haben Sie die Erfahrung
2730 2485 3360 2554 nötigen Deutlichkeit zu kennzeich
406 2492 1582 2569 gemacht, daß Ihnen die beiden angeführten Stücke die
1565 2492 2733 2565 schöpft. Er hat vielmehr seiner Hofbühne Jahr um
2722 2546 3348 2627 nachdenklich machen, sollte da
402 2548 2734 2622 vollsten Häuser bringen, so daß Sie wohl, soferne Jahr aus seiner Privatschatulle sehr namhafte Summen
2736 2594 3351 2682 an die literarischen O
398 2599 1573 2677 der ausschließlich geschäftliche Beirieb Ihres
1569 2605 2733 2663 zufließen lassen, um von ihrem jeweiligen Leiter
407 2650 2739 2731 Theaters in Frage kommt, gut daran tun, sich in der die materiellen Sorgen und Rücksichten, die den künstleri¬
2722 2634 3355 2723 Stücke erschüttern? Wenn
402 2703 2734 2787 Hauptsache immer wieder auf die neuesten Schöpfungen schen Plänen privater Theaterbesitzer oft so hinderlich
2725 2712 3351 2771 Autoren heute im verbündete
398 2765 1570 2824 Schönherrs und Schnitzlers zu verlegen. Gewiß ist in
1575 2767 2721 2822 und schädlich werden können, abzuwehren. Denn, nicht
2718 2755 3355 2832 nommenheit begegnen, so kan
1576 2818 2722 2884 wahr, dieses Theater zist nicht auf Gewinn berechnet,
398 2811 1577 2895 diesen schweren Tagen mehr denn je jedes geschäftliche
2724 2822 3353 2888 als eine Voreingenommenheit
1563 2871 2727 2941 sein Besitzer ist kein Glücksritter, dem Armut droht oder
406 2869 1571 2939 Unternehmen gezwungen, die Stimme des Kassiers zu
2721 2866 3358 2943 trotzdem diese entschiedene Ab
1565 2921 2729 3001 Reichtum winkt. Sein Leiter soll ein unbeeinflußter, aus¬
2730 2924 3330 2997 lagern? Trotzdem diese
399 2925 1575 2976 hören und diesem die letzten Entscheidungen in allen
1563 2970 2731 3051 schließlich von künstlerischen Bestrebungen getragener
402 2972 1577 3033 wichtigen, an den Lebensnerv des Unternehmens rühren¬
2717 2965 3351 3045 Proteste aus fast allen deut
392 3031 1564 3093 den Fragen zu überlassen. Dieser Entschuldigungsgrund
1562 3030 2730 3092 Mann sein, der dem Volke das köstliche kaiserliche Ge¬
2719 3032 3352 3091 müßte Sie doch wahrhaftig be
1557 3079 2725 3149 schenk: „Wahre Kunst“ rein und unverfälscht zu über¬
399 3088 1563 3151 muß gegenwärtig allen Leitern privater Bühnen zuge¬
2712 3076 3361 3157 ist natürlich auch in literarisch
1572 3149 2725 3207 mitteln hat. Damit, daß das Burgtheatergebäude „be¬
387 3136 1566 3207 billigt werden. Viele dieer Männer führen gegenwärtig
2716 3138 3361 3208 und Meinungen nicht zu st
385 3195 1568 3270 einen Kampf auf Leben und Tod. Wer vermag ihnen
1561 3190 2722 3252 ziehungsreich an den Marken der kaiserlichen Burg¬
2719 3183 3352 3257 beide Stücke Ihren Schau
2720 3242 3339 3314 spielerische Aufgaben bieten.
1552 3247 2731 3319 und Volksgärten steht“, ist gar nichts getan.
385 3245 1561 3315 einen Vorwurf daraus zu machen, daß sie sich mehr als
397 3279 3359 3363 von künstlerischen Erwägungen von der Sorge leiten Die Beziehung, die Sie meinten, als Sie jene Worte theatermäßige Effekte bergen
395 3350 3350 3442 lassen, wie sie wohl in dieser rauhen, dem holden Spiel schrieben, ist erst geschlossen, wenn die Kunst, die in Erfolg spricht. Fraglich bleib
