3344 4352
2094 214 2549 308 box 32/9
220 224 1947 307 26. 1. Konoedie der WorteZyklus
683 1341 1496 1534 Ausschnitt Dise Morgen Wies
994 1454 1136 1537 191
691 1449 963 1533 vom:
1749 1564 2885 1667 Schicksal falscher Besetzungen, das uns herrisch gewordene Worte
2896 1586 3312 1683 ihr weniger gefährlich
781 1592 1545 1718 Falsche Besetzungen.
1739 1633 2885 1720 bereiten, nicht entgangen. Gleich die drei Stücke besetzen die Rollen
2892 1657 3331 1738 nichts davon weiß und
573 1677 1291 1768 Zur Erstaufführung von Arthur S
1739 1682 2891 1759 nicht richtig, die ihnen der gemeinsame Titel zuteilt. Das wäre natür¬
1381 1694 1735 1780 glers Einakter¬
2896 1713 3311 1782 selben Tage spurlos
1726 1730 2882 1822 lich von untergeordneter Bedeutung, wenn es nicht weiter wirken
790 1725 1500 1824 folge „Komödie der
2892 1759 3317 1824 Gatten zurück, der dur
1741 1781 2891 1865 würde. Der Dichter hat gewünscht, daß die drei männlichen Haupt¬
657 1766 1733 1876 Wir sind allesamt Schauspieler und spielen Rollen, die uns
2889 1802 3317 1871 für den Erhörten hält,
1731 1827 2890 1917 rollen mit demselben Schauspieler, die drei weiblichen aber mit
560 1820 1722 1925 die große Spielleitung jenseits unserer Wünsche zugeteilt hat.
2892 1862 3330 1941 vollständig seine Geliebt
1733 1874 2872 1969 verschiedenen Darstellerinnen besetzt würden. Man muß also an¬
558 1875 1724 1963 Sind wir eine gute Besetzung, dann werden wir Erfolg haben
2890 1912 3327 1978 ringste davon, daß er
1718 1913 2875 2008 nehmen, daß er drei Spielarten des Männlichen oder des Männ¬
523 1937 1718 2017 And beliebt sein, andernfalls aber unbarmherzig mit faulen
2883 1952 3321 2024 Ormins — des Unerhö
1723 1972 2873 2057 chens mit innerster Wesenseinheit drei wesensverschiedenen Weib¬
551 1987 1714 2074 Eiern beworfen werden. Manche drängen sich zu der Rolle, die
2872 2000 3327 2074 ihm, der übers Meer s#
1717 2024 2880 2112 lichkeiten gegenüberstellen wollte. Die Durchführung dieses Ge¬
556 2033 1709 2126 sie dann so fürchterlich verhauen, anderen wieder wird die Auf¬
2881 2052 3331 2124 aus übergroßer Liebe n
1721 2064 2874 2156 dankens ist aber nicht zu erkennen; am allerwenigsten der Zu¬
556 2081 1712 2162 gabe, die sie unter dem Jubel der Zuschauer lösen, gegen ihr
2880 2101 3324 2175 ihm ganz überflüssiger u
1724 2117 2864 2214 sammenhang dieser Menschen und ihrer Schicksale mit der Komödie,
548 2130 1708 2220 heftigstes Sträuben aufgedrängt. Falsche Besetzungen werden sehr
2876 2145 3327 2222 bazu, mit dem er auf de
1726 2168 2868 2259 die ihre eigenen Worte oder Worte der anderen mit ihnen spielen.
546 2183 1709 2267 oft behauptet, aber nur sehr selten berücksichtigt. Meist werden
2870 2196 3321 2265 Nun kommt die große
1723 2213 2873 2303 Weit eher würde das für die brei Frauen stimmen, deren Be¬
548 2222 1707 2309 sie erst bei den Leichenreden festgestellt, die man der gescheiterten
2878 2247 3328 2317 lang verheuchelten Ehebr
1708 2266 2862 2346 setzung mit einer und derselben Künstlerin sich künstlerisch besser
547 2277 1710 2367 Existenz eines hoffnungslos Weiterlebenden hält. Die Rolle, die
2868 2289 3323 2357 durch Präventivuntreue
1709 2313 2861 2393 rechtfertigen ließe. Wenn an irgenheinem Theater der „Liebling“
548 2318 1704 2402 einer spielt, ist seine Aufgabe und sein Kleid. Das sind ver¬
2869 2342 3324 2408 zweifellos versöhnlicher T
1706 2345 2864 2455 alle drei Rollen spielt, um seine Vielseitigkeit zu zeigen, mag sich sein
545 2360 1701 2460 einigte Gegensätze; denn eine Aufgabe, der man sich ganz hingibt,
2858 2388 3326 2454 machen kann, wieder akti
1698 2408 2871 2495 Wunsch mit dem des Theaterkassiers decken; doch was hat das
544 2432 1711 2498 enthüllt, zeigt unsere inneren Formen auf, ein Kleid aber verhüllt,
2869 2432 3331 2511 weist sie nämlich nicht ni
1717 2451 2859 2542 mit dem Wunsche des Tichters zu tun? Im Burgtheater aber ist
531 2470 1697 2542 deckt unsere Blößen zu. Ahnlich geht es uns mit dem wichtigsten
2863 2484 3328 2560 daß er die einzelnen „Ve
1704 2493 2860 2591 der Besetzungseinfall des Dichters nicht einmal in diesem Sinne
537 2512 1707 2604 Verständigungsmittel, dessen wir uns in diesen Rollen bedienen:
2861 2531 3333 2607 gender Absicht vorgenom
1704 2546 2847 2631 fruchtbar geworden. Den kleinlichen, schäbigen Neider, Dr. Eckold,
538 2566 1690 2651 den Worten. Sie enthüllen oder verhüllen. Zu beiden sind sie da.
2857 2582 3326 2659 achtungen für diesen Tag
1697 2603 2845 2675 den Mann, der zehn Jahre lang die Komödie einer Ehe spielen
533 2605 1705 2698 Aber nicht immer sind sie tote Werkzeuge. Es ist ein seltsames
2863 2633 3327 2707 ist mit Recht sehr einpört
1703 2637 2855 2729 kann, in der die Frau sich als seine Geliebte und Lebensgefährtin
533 2668 1695 2749 fast unheimliches Eigenleben in ihnen; sie spielen mit, sie geberden
2861 2682 3323 2756 schnell ein wenig, indem
1700 2687 2850 2780 fühlen darf, während er sie — ohne sich je zu verraten — nur
538 2708 1701 2800 sich nicht nur wie Taten, sie werden wirklich zu solchen. Sie
2851 2726 3329 2802 Erinnerung an das mit
1697 2743 2844 2821 als Geschlechtsobjekt behandelt, dem er die Besudelung mit
529 2759 1699 2842 verstricken uns. Unsere Seele will durch sie wie zu anderen
2859 2778 3327 2848 Meinung bestärkt, daß wit
1681 2790 2845 2869 Wollust ins Gesicht schleudern will, wenn die Tochter aus dem
531 2806 1686 2893 Scelen sprechen, aber sie antworten ihr selbst. Stellen sich gegen
2850 2823 3335 2899 wehesten tut, der Brecher
1692 2845 2843 2929 Hause ist — den Mann muß im Burgtheater Herr Heine spielen.
531 2851 1684 2938 uns, schlagen uns — die eigenen Worte. Tanzen einen wilden
2856 2874 3331 2939 in den Tod. So muß m
1695 2891 2841 2981 Dann wäre wenigstens die theatralische Kraft der Racheszene
519 2905 1691 2978 Reigen um unsere Gefühle und Gedanken, höhnen unsere Erkennt¬
2848 2927 3336 2997 das geringste Gepäckstück
1685 2937 2844 3016 stark zum Ausdruck gekommen. Ich glaube aber, daß aufrichtige
527 2948 1686 3035 nisse und unseren Willen. Spielen eine gewaltige Rolle in unseren
2842 2976 3306 3040 nämlich nicht überleben,
1692 2987 2835 3071 Freunde des Dichters wie des Dramatikers Schnitzler ihm die
520 3003 1682 3085 Rollen mit. Bis die Rollen vertauscht sind: bis wir ihre Werk¬
2845 3021 3333 3093 Gattin und Geliebte geach
1680 3030 2833 3123 Wahrheit schuldig sind, statt einer Komödie der Worte. Die
516 3050 1675 3133 zeuge sind, statt sie die unsrigen. Schnitzler nennt das die
2840 3054 3331 3135 Liebe für Ormin und de
1685 3081 2842 3185 „Stunde des Erkennens“ vermittelt offenbar nicht, was der
524 3108 1681 3168 „Komödie der Worte“. Er hätte ebensogut „Tragödie“ oder am
2843 3113 3331 3185 Freunde des Hauses ihre
1682 3134 2832 3220 Dichter mit ihr ausdrücken wollte, ist also verfehlt. Diese Frau
516 3143 1679 3234 besten „Tragikomödie“ sagen können. Die Worte lügen selbst¬
2840 3160 3324 3234 gnädigst aufnahm. Man da
1674 3179 2841 3267 Klara, die in der Darstellung der Fr, Bleibtreu natürlich noch
517 3189 1683 3285 tätig ohne uns. Wir wollen uns zuweilen durch sie entblößen,
2840 3215 3328 3281 Frau während ihrer versch
1673 3227 2830 3307 schwerer und feierlicher wird — (die Rolle würde Fr. Witt
509 3229 1668 3338 aber sie dulden nicht, daß wir die Hüllen wechseln und setzen eine
2837 3265 3339 3325 fremdungen mit ihrem Guc
1673 3282 2837 3364 passen) — ist im Grunde eine lächerliche Figur. Sie hat das
514 3288 1678 3380 Lüge an die Stelle der anderen. Oft bloß die Lüge des Redens
2835 3314 3330 3381 Hause hatte! Nein, hier ist
1672 3322 2832 3424 schäbige Subiekt, ihren Gatten, geliebt. Dann liebt sie dessen
510 3328 1670 3446 für die des Schweigens. Verderben uns die Rolle, daß aus der
2827 3353 3339 3434 Satirspiel der Geschlechtsn
1677 3373 2823 3470 Rivalen Ormin. Da sie diesen aber zu sehr liebt um sicher zu
503 3376 1250 3463 guten Besetzung eine falsche wird ....
2830 3402 3328 3475 falscher Besetzungen. Ich
1672 3425 2825 3508 sein, daß ein Verhältnis mit ihm im Rahmen ihrer Ehe bleiben
2831 3458 3333 3523 Bernsteins darum, wenn ei
608 3440 3329 3595 Schnitzler selbst und nach ihm das Burgtheater sind dem würde, wird sie die Geliebte eines anderen, der bescheidener und] Schnitter es gar nicht gesch
870 3530 994 3617 1
