3436 4320
267 204 562 292 26. 1
2145 182 2601 267 box 32/4
2052 211 2129 275 1
558 211 1989 290 Konoedie der Norte—ZyKIIS
2593 1368 2803 1443 —.—
466 1401 1768 1484 steuerlose Stlaverei unter den Vorspiegelungen seiner Gefühlswelt
1773 1434 3372 1488 auf das glücklichste und glänzendste unterstützt wurde. Theresel lich und andacht
462 1457 1764 1513 etwas zurücktrat. Die Weichheit, das Untergehen in den Brandungen
1774 1468 3060 1520 Schnabels Organ hat selbstverständlich der Zeit einen gehörigen
3054 1477 3368 1530 der goldenen S
465 1487 1764 1546 der Phantasie ist aber hier das Haupimerkmal und der grundlose
1759 1502 3048 1563 Tribut zahlen müssen. Auch ist ihre große Vortragskunst bei weitem
3042 1509 3353 1571 sagt eine Prozes
462 1531 1761 1584 Grund, aus dem ihm die Frau. von Frl. Westhaven mit liebens¬
1759 1540 3052 1606 mehr auf das Elegische und Tragische eingestellt als auf das Herzig¬
3047 1545 3376 1616 dreht. Entzücken
469 1576 1765 1637 würdigstem Anstand gespielt, vergeben muß. Eine Kabinettsleistung
1763 1578 3059 1640 Einfache und besonders auf das Kräftig=Energische, wie beispielsweise
3050 1588 3370 1653 die alle Gelenke
457 1607 1762 1668 war der Theaterdirektor des Herrn Brahm, hochwirksam und
1767 1629 3056 1693 auf das Charakteristische des rhythmisch frischen „Mut“=Liedes. Aber
3053 1623 3351 1697 außerordentlich
457 1652 1516 1700 humoristisch vortrefflich in jedem kleinsten Meisterzuge.
1770 1670 3040 1719 auch Frau Therese spendete, unterstützt von der Meisterbegleitung ihres.
3057 1677 3367 1721 rock. Das vielli
519 1680 1763 1751 Der dritte Einakter „Das Bacchusfest“, zeigt wieder andere
1762 1701 3042 1765 Gatten, wieder Proben einer außerordentlich vertieften und dabei doch
3046 1704 3366 1763 ein junges Mäd
458 1725 1757 1796 Charaktere einer kleinen Eheirrung gegenüber mit der überlegenen
1765 1746 3025 1801 immer natürlichen Kunst. Und so bereitete der Schubert=Abend der
3044 1748 3367 1806 dreht, schlägt ihr
464 1771 1233 1830 Skepsis des Welt= und Menschenkenners.
1769 1787 3052 1855 außerordentlich stattlichen Zuhörerschaft reinste Genüsse der Erbauung,
3045 1782 3365 1845 in einer höllisch
517 1791 1764 1863 Bei der Darstellung erwies sich das seine Stück als ziemlich spröde,
1767 1816 2071 1887 und Erhebung.
3043 1806 3363 1883 in voller Ausrü
2896 1835 3008 1895 ph.
465 1853 1760 1905 sodaß es unverdientermaßen weniger Beisall erhielt, als die beiden
3047 1865 3351 1923 seine rote Nase
473 1889 1759 1948 ersten. Ganz vortrefflich gab Herr Lang den unter seiner Arbeit
3052 1901 3365 1962 mit allem Haus
474 1932 1766 1987 leidenden Schriftsteller, der sich mit Beisvielen aus der Sitten¬
1757 1925 3047 2011 Staatl. Kunstgewerbeschule zu Hamburg (Lerchenfeld 2).
3040 1938 3373 2006 ganze Geschichte
472 1972 1761 2020 geschichte über die Untreue seiner Frau zu trösten sucht. Sehr nied¬
3049 1979 3366 2040 Holzformen, mit
1820 1985 3013 2062 Ausstellung von Schülerarbeiten. Wettbewerb für Spielzeug.
466 2003 1768 2071 lich war Frl. Valéry als Schriftstellersgattin. In den Grundzügen
3052 2031 3372 2086 Sage vom Frof
1822 2033 3046 2104 In diesem interessanten Spielzeugwettbewerb unter Schülern und
473 2044 1759 2106 treffend charakterisierte Herr Ottmay den Liebhaber. Der ganze
3039 2059 3346 2122 Mäuse, Enten.—
1770 2073 3043 2143 Schülerinnen unserer Staatlichen Kunstgewerbeschule herrschen selbst¬
476 2087 1762 2146 Abend fand lebhaften Applaus und verlief in geistiger Angeregtheit.
3034 2098 3371 2165 die Katze die Ta
1767 2121 3017 2181 verständlich jetzt im Kriege die jungen Mädchen vor. Das Muß
469 2125 1758 2187 Die Inszenierung hatte Herr Montor mit dem besten Verständnis
3046 2144 3367 2202 weißer, indischer
1764 2154 3040 2222 ein guter Erzieher, es lehrte sie, sich mit den Materialien abzufinden.
474 2150 717 2228 angeordnet.
1554 2168 1712 2231 H. O.
3048 2184 3339 2238 Schönste und a
1771 2201 3040 2252 Sie mußten selbst sägen, hobeln, lackieren lernen, um ihre Ideen in
3037 2213 3313 2283 Puppen=Kaspe
1762 2235 3032 2302 die Wirklichkeit umzusetzen. Der Krieg hat merkwürdigerweise die
3039 2261 3317 2315 lichen künstler
740 2251 1509 2337 Schubert=Abend des Bandler=Quartetts.
1769 2275 3029 2342 Arbeiten der jungen Kunstgewerblerinnen nicht beeinflußt. Eine Fülle
3038 2300 3325 2371 seine Großmu
1765 2318 3038 2380 lustiger Dinge stehen beieinander; daneben — in Krippen und Pro¬
533 2334 1699 2401 #Uinter Mitwirkung von Therese und Artur Schnabel.
3047 2337 3196 2397 fähig.
1762 2359 3026 2427 zessionen — Anklänge an das Weihnachtsfest — und nur einzelne
3046 2381 3372 2449 von einem wun
514 2373 1761 2449 Echter Kunst kann man in der Wiedergabe nur mit echter Kunst
1757 2382 3043 2465 menige Arbeiten deuten auf den Krieg hin. So eine brauchbare
468 2412 1757 2481 beikommen. Und das Schubertsche Genie läßt sich nur durch voll¬
3084 2429 3368 2497 Die große An
1750 2437 3046 2506 Kanone, die durch einen Druck auf eine Feder ihre Geschosse auf Eng¬
469 2463 1765 2529 kommene Formreinheit, durch Unmittelbarkeit der Empfindung und
3044 2469 3377 2538 nein, vorzügliche
1754 2473 3004 2544 länder und Franzosen schleudert. Vollkommen spielzeugmäßig sin
466 2509 1761 2563 das absolute Ungekünstelte des Ausdrucks erschöpfen. Klang und In
1763 2517 3026 2575 diese hölzernen Engländer und Franzosen gedrechselt. Alles lebt, ist
3054 2500 3371 2577 Wettbewerb herv
462 2548 1767 2600 muß sich hier zu einer Einheit ausleben, die eben nur höchste Meister¬
1764 2555 3040 2626 in Bewegung. Viel Humor und viel Eigenart birgt die Ausstellung,
3036 2554 3328 2620 Besuche der
467 2587 1752 2639 schaft fertig bringt. Diese seltene Harmonie zwischen Ton und Gefühl,
1754 2594 3053 2665 Der Ideenreichtum ist geradezu erstaunlich. Wir könnten uns ganz
3039 2594 3362 2656 9. Januar, von
463 2613 1768 2677 zwischen Form und Inhalt, erlebten wir am Sonnabend insbesondere
1749 2622 3042 2699 gut denken, daß man dieses oder jenes Stück in sein Zimmer stellte
3041 2634 3310 2711 sichtigen ist.
460 2661 1752 2715 bei der Aufführung des D-moll-Quartetts und des Forellen=Quintetts,
1756 2673 3052 2722 und sich darüber freute — aueh wvenn es nur Spielzeug ist und man
466 2707 3083 2782 bei dem die treffliche Bandler=Genossenschaft von Artur Schnabel] keine Kinder hat. So die einzernen Krippen, die außerordentlich feier¬
