3344 4352
293 171 2008 259 26.1. Konoedie der Norte—Zyklus
181 909 516 989 äglich unanstän¬
520 925 1766 990 lebendiger zu machen. Dafür errang Fritz Friedrichs ullig
192 974 516 1033 daß er den be¬
531 978 1764 1039 daherwuchtender Bahnhofsportier einen schönen Einzelerfolg.
183 1009 527 1074 e, mit den starren
1573 1042 1714 1101 r. n.
187 1063 521 1122 usfest“ half seine
1109 1071 1157 1126 +.
207 1105 521 1179 sich gebändigter
596 1094 1750 1161 In die ersten Auftritte der „Großen Szene“ scholl ein immer
514 1122 674 1204 stärker
689 1153 1430 1220 werdendes Rollen hinein, das
1426 1160 1755 1223 im Parkett
532 1191 650 1244 schon
650 1197 1747 1263 deshalb rasch Unruhe verbreitete, weil man
194 1200 519 1276 ist auch an dieser
528 1234 634 1289 ihm
639 1242 1760 1305 mit mindestens demselben Interesse lauschte wie
189 1256 510 1319 ich erstarrt seine
520 1273 625 1332 dem
625 1287 1748 1346 nebensächlichen Dialog. Es wurden erstaunte Stim¬
193 1306 507 1367 tigkeit, und seine
527 1325 1754 1395 men laut, die die Ursache der Störung festgestellt
194 1347 509 1409 immer untaug¬
522 1368 1762 1435 wissen wollten, dazwischen verlangten einige Zuschauer schreiend
183 1379 514 1457 nde und über¬
518 1406 1753 1484 Ruhe, und schon begannen, da der unerklärliche Lärm im Hinter¬
188 1433 505 1496 llige Geschwätzig¬
513 1462 1752 1526 grund anschwoll, Damen den Zuschauerraum zu verlassen. Als
264 1481 502 1541 bezeichneten
1520 1516 1563 1541 P11
518 1501 1748 1550 immer nachdrücklicher und unwirscher „amtliche Aufklärung“ ver¬
177 1515 500 1583 lbend eröffnende
518 1541 1755 1604 langt wurde, fiel der Vorhang mitten in der Szene. Und ein
188 1565 513 1629 elächeln und für
516 1583 1755 1639 Feuerwehrmann gab kund, daß die Dampfheitzung das wütende
218 1612 512 1672 Ehebruch und
510 1635 1747 1681 Scharren und Rollen, das nun glücklicherweise nachließ und ver¬
218 1657 500 1717 ausgesponnene
511 1669 1755 1757 stummte, verursacht hätte. Die Komödie konnte dann ohne neue
205 1701 508 1760 alles Erforder¬
520 1718 1191 1778 Störung zu Ende gespielt werden.
201 1747 523 1816 Vom national¬
183 1771 512 1850 mehreres hinzu¬
190 1826 504 1895 rieges angeblich
189 1873 503 1933 gesagt. Wer die
191 1922 506 1976 die der Worte“
188 1963 513 2026 gen irgendeiner
192 2009 506 2065 gmachen. Denn
204 2049 506 2121 und ihre Not¬
196 2145 513 2223 eder Leute, die
206 2198 514 2280 Ihm selber ist
195 2246 514 2332 manchmal ganz
180 2288 512 2357 ckten Alter noch
180 2339 509 2411 holen und nicht
191 2388 509 2453 teresse am Ehe¬
201 2486 504 2574 die Leistungen
186 2541 508 2610 bühr zu würdi¬
182 2585 511 2664 Rechenschaft ge¬
186 2631 507 2690 ten mit Inner¬
182 2673 508 2737 hes Gespons in
187 2714 500 2779 ht hinaus. Im
214 2758 492 2824 stecken; ihret¬
216 2808 496 2872 in die geisti¬
184 2852 498 2922 pdor Loos, als
178 2882 503 2955 m, streifte mehr
186 2936 502 2995 est und Max
180 2969 506 3049 en Rollen nicht
2298 124 2846 211 Sie aber wurde nicht gesund
2295 220 3265 285 „Siehst Du!“ sagte Wolfgang nach einer Weile,
2205 279 3258 326 indem er lächelnd zu seinem großen Freunde aufsah.
2212 298 3271 372 „Nun brauchst Du nicht mehr traurig zu sein, denn
2226 354 3218 401 es ist viel, viel schöner wenn man blind ist! ..
2229 396 3165 454 Schade nur, daß das kleine Mädchen starb! "
2276 436 2922 507 Doch der junge Krieger schwieg.
2293 590 3187 686 Theater und JZuSIk
2310 665 3153 761 Schnitzlers=Komödic der Worte“
2493 738 3014 788 im Lessingtheater.
2283 768 3274 825 Den guten Verlauf des gestrigen Schnitzler=Abends
2219 817 3274 884 durchbrach ein Zwischenfall. Ein paar Minuten
2228 863 3285 918 nach Beginn des zweiten Stückes störte das Spiel
2232 906 3282 954 ein geheimnisvolles Rauschen, wie wenn Wasser
2221 935 3277 1002 gegen Wände gespritzt würde. Ein paar ängstliche
2228 974 3281 1038 Zuschauer verließen die Sitze, andere wollten nach¬
2225 1022 3271 1071 reilen, aber besonnere Stimmen mahnten zur Ruhe.
2234 1035 3291 1109 Auch ein Feuerwehrmann winkte von der Bühne
2232 1077 3289 1150 beschwichtigend ab, und der Vorhang fiel. Wieder
2243 1138 3283 1199 kam der Feuerwehrmann und sprach etwas von der
2228 1187 3287 1244 Dampfheizung. Als die Symptome einer be¬
2237 1211 3281 1284 ginnenden Panik sich verflüchtigt hatten, wurde
2239 1276 3281 1325 weitergespielt. Da man aus der heiteren Stimmung
2235 1308 3283 1360 nicht ganz herausgekommen war, konnte fortgesetzt
2227 1345 3279 1407 werden, wo man aufgehört hatte. Es blieb bei einem
2243 1398 2868 1445 rasch verwundenen Unbehagen.
2301 1414 3282 1482 Gerade dieses zweite Stück, dem der Zufall, sei
2231 1470 3275 1523 es Dampfheizung oder etwas anderes, einen Streich
2228 1508 3279 1561 spielen wollte, hatte den großen entscheidenden
2236 1549 3287 1610 Erfolg. Es ist die „große Szene“, in welcher
2244 1595 3292 1647 ein Bühnenkünstler sich und den anderen so gründ¬
2239 1635 3290 1688 lich Theater vorspielt, daß seine unmittelbar bevor¬
2241 1672 3294 1736 stehende Hamlet=Darstellung gefährdet wird. Ko¬
2239 1722 3291 1776 mödiengeister entfachen zwischen Ernst und Scherz
2246 1754 3290 1812 einen Wirbel und die Heiterkeit schwoll. Das Ent¬
2239 1790 3292 1858 zücken der Zuschauer rief oft und oft den anwesenden
2709 1837 3283 1895 von Laune durchblüte
2456 1838 2717 1897 Auch das
2243 1849 2424 1908 Dichter.
2240 1866 3278 1934 „Bacchusfest“ weckte viel Fröhlichkeit, mehr noch
2243 1915 3283 1990 durch seine, von der Regie sorgsam gespiegelte
2241 1958 3286 2022 Bahnhofszenerie als durch seinen Inhalt. Kein
2237 2001 3280 2061 Zwischenfall tat Abbruch, aber das Wohlgefallen
2242 2045 3289 2100 hielt sich in sanfteren Grenzen. Bleibt, da wir von
2244 2082 3280 2140 dem äußeren Gang der Dinge reden, noch festzu¬
2243 2141 3292 2185 stellen, daß auch der erste Einakter, der sich „Stunde
2245 2175 3279 2224 des Erkennens“ nennt, seine Wirkung tat. Hier
2237 2204 3290 2267 brachte das scharf zupackende Spiel der Darstellung
2242 2250 3280 2305 die zögernde Stimmung hoch. Trug sie über Be¬
2236 2296 3282 2361 denken hinweg, die nicht ganz wegzuscheuchen sind.
2288 2336 3283 2381 Der Wiener Dichter hat mit drei verwandten
2237 2373 3280 2427 Stücken, die wie oft vorher das Problem der ehelichen
2229 2410 3284 2495 Gemeinschaft bereden, die Unterlagen für einen an¬
2240 2435 3282 2511 geregten, menschlich getönten, geistig bunt gespren¬
2238 2494 3278 2557 kelten Abend geschaffen. Unterlagen ist nicht ein zu¬
2228 2516 3298 2591 lfälliges Wort. Diese drei neuen Spiele des bewährten.
2240 2585 3276 2646 Dialogkünstlers bergen nicht letzte Werte, die aus sich
2237 2616 3277 2681 selbst heraus befriedigen. Sie zielen nach dem
2217 2657 3296 2723 Theater, sind erdachte gesponnene Gebilde, die ohne
2231 2696 3278 2766 den Umwuchs der Darstellung bloß Gefechte mit
2234 2747 3287 2813 Worten und Gefühlen bleiben. Die Bühne wärmt
2224 2786 3285 2859 jund belebt und steigert die anmutige Spielerei mit
2234 2828 2925 2900 dem Ernste zur Wahrscheinlichkeit.
2301 2845 3294 2932 Dreimal tritt Schnitzler dem Problem Ehe als
2239 2904 3286 2975 eine Art Seelendoktor gegenüber. In der „Stunde
2247 2962 3274 3016 des Erkennens“ demonstriert er einen hoff¬
2234 2984 3291 3066 nungslosen Fall. Ein scheinbar glückliches Zusam¬
2242 3037 3290 3093 menleben fällt vor unseren Augen auseinander.
2231 3078 3284 3153 Nach der Hochzeit seiner einzigen Tochter macht
2238 3120 3281 3175 Dr. Eckold seiner ahnungslosen Frau die Mitteilung,
2244 3162 3293 3219 daß er um ihre zehn Jahre zurückliegende Untreue
2235 3204 3280 3275 wisse. Verlangt jetzt reinen Tisch und getrennten
2243 3237 3283 3304 Haushalt. Und seine Diagnose ist noch dazu irrig.
2244 3292 3292 3348 Nicht mit dem beneideten Hausfreunde, dem be¬
2243 3323 3291 3391 rühmten Universitätsprofessor, hat sie sich vergan¬
2249 3367 3272 3433 gen, sondern mit einem andern, der ihm viel gleich¬
2241 3404 3281 3483 gültiger wäre. Sie aber läßt ihn bei dem Irrtum
2249 3445 3292 3507 und geht. Wohin? Vielleicht ins Wasser. Ibsen
2244 3491 3284 3563 hätte einem neugierigen Frager erklärt: Sie ist es
2254 3533 3282 3594 im Stande. Aber bei Schnitzler sind wir nicht über¬
2246 3581 3284 3633 zeugt. Weder von der Notwendigkeit ihres finsteren
2249 3617 3291 3679 Entschlusses, noch von der inneren Wahrheit einer
2248 3670 3074 3717 um zehn Jahre verschobenen Abrechnung.
2305 3683 3307 3758 Ein Konversationsstück machte zuviel Kurven und..
2246 3741 3289 3812 stürzte ins Tragische ab. Aber den geschlungenen
2248 3779 2985 3841 Wegen leuchtete geistreiches Gefunkel.
2297 3807 3282 3878 In der „großen Szene“ wird nicht mit dem
2245 3872 3285 3920 dramatischen Senkblei nach Tiefen geforscht, und es
2246 3921 3282 3973 bleibt bei der blanken, glitzernden Lustspiel¬
2239 3939 3275 4020 wahrheit. Ein berühmter Tragöde feiert im
2969 3978 3281 4046 mit seiner
2543 3982 2978 4054 die Aussöhnung
2252 3996 2517 4052 Hotelzimmer
2239 4028 3291 4120 Gattin, die ihn wochenlang aus Grimm über
