3344 4352
1428 275 1773 340 ihm beson. —.
113 242 1682 385 nre auf ders zutagende Rolle des funfundnietgigjährigen Schnin¬
112 305 451 377 Werben versagt
462 336 1679 435 spielers Konrad Herbot, dessen dunkler Krauskopf schon
109 352 1671 478 sammlung“ habe etwas grou meliert ist, geradezu hineingewühlt. (Er wor
118 406 450 473 stille Klara die
454 447 1677 533 auch als Dr. Eckold unübertrefflich, während Frau Bleib¬
103 438 447 521 en sei, dem sie
454 482 1679 568 treu als Klara nicht so überzeugte, wie sonst.) Dem echten
100 497 437 564 des Erkennens“
449 525 1675 632 Komödianten, der Herbot ist, laufen in seinem Leben ohne
106 551 446 618 Ehepaar Eckold.
455 585 1673 674 Unterlaß aufrichtige Gefühle und Komödiantereien durch¬
120 600 445 685 Tochter gewar¬
448 623 1674 729 einander, und in „Komödien der Worte“ ist er der größte
116 653 429 724 weil er Indi¬
443 687 1673 777 Meister. Seine Frau, die ihn innig liebt, hat ihm schon
103 700 447 779 Aber er ist ganz
451 734 1675 827 manches Liebesverhältnis nachgesehen. Auch daß er im
115 749 437 819 liebling Ormin
447 780 1660 868 Sommeraufenthalt einem jungen Freund der Familie die
117 800 435 873 Flöding ihren
447 825 1666 932 Braut verführt hat, wollte sie, obwohl sie ihn in der ersten
141 853 436 914 Ehefrau ein
439 891 1662 988 Erbitterung für einige Wochen verläßt, eben verzeihen. Da
107 889 433 971 hat, alles abzu¬
450 924 1660 1036 kommt zu den kaum Wiederversöhnten der Bräutigam. Die
115 945 423 1012 der „Komödie
449 980 1660 1063 Frau läßt ihren Gatten mit dem jungen Mann allein und
114 997 424 1062 verhältnis zu
436 1032 1649 1134 gibt ihm — zum letzten Mal — die Erlaubnis zu lügen.
115 1049 428 1118 g erinnert sie
445 1085 1654 1177 Sie hört aber heimlich hinter einer Vorhangtür zu, und
121 1104 1656 1217 die Tat längst die unglaubliche lgenhaftigkeit, mit der sich „der alte
136 1146 432 1212 ihr auf einer
426 1158 1652 1293 Herbot“ nach einer mit der netten Braut schon früher ge¬
101 1165 428 1271 r Leidenschaft
430 1227 1643 1341 troffenen Vereinbarung rein wäscht und den betrogenen
121 1244 430 1311 es sei nur eine
428 1272 1647 1385 Jüngling als seinen wärmen Verehrer entläßt, ekelt die
142 1294 420 1361 gewesen: er
432 1329 1641 1417 Frau Herbots so an, daß sie auf der Stelle für immer ab¬
105 1340 422 1407 Indere bezahlte
423 1366 1651 1476 zureisen beschließt. Sic läßt sich aber, als Herbot schon als
111 1395 425 1466 hmpfes schlägt
425 1430 1636 1517 Hamlet kostümiert und nur den überzieher umgeworfen
116 1443 416 1513 ßt das Haus,
425 1472 1637 1576 aus der gleich gegenüberliegenden Theatergarderobe kommt,
112 1494 416 1561 ds seine Frau
432 1529 1644 1625 vor ihr auf die Knie sinkt und erklärt, er werde heute
107 1537 421 1606 alitäten einer
419 1559 1643 1671 trotz Anwesenheit des Kronprinzenpaares und nie wie¬
115 1591 413 1657 m ist er fort,
425 1624 1639 1722 der eine Bühne betreten, wenn seine Sophie nicht in der
108 1635 402 1708 thört man im
411 1669 1625 1764 Loge säße, im Triumph mitfortführen. Es ist das Pracht¬
128 1693 401 1764 Schreibtisch,
405 1724 1626 1824 volle an diesem Einakter, daß Herbots Charakter vom ersten
117 1740 398 1809 Worte lügen.
411 1770 1625 1877 bis zum letzten Wort so einheitlich festgehalten wird, daß
141 1794 401 1864 Frau Klara
417 1833 1630 1927 er immer eine Mischung von einem Teil Wahrheit und
151 1842 403 1913 damit an,
408 1881 1622 1985 einem Teil Lüge ist. Nach der großen Auseinandersetzung
116 1893 401 1962 ge mit dem
406 1933 1619 2009 mit dem Bräutigam empfindet er es als das Feinste, daß
117 1935 388 2025 il sie später
408 1977 1620 2084 er im Verlauf der Aussprache zuletzt fast selbst schon ge¬
399 2039 1549 2122 glaubt habe, er hätte jenes Fräulein nie verführt..
112 2034 1633 2199 er drei Ein=] So ist auch seinem Hamletstrotz eine kleine Mischung von
372 2186 1586 2272 „Komödie der Worte“ von wahrhafter Liebe beigemischt.
363 2253 1593 2314 Der Theaterdirektor Falk, auch eine Figur, die Schnitzler
374 2287 1601 2385 über die Maßen gut gelungen ist, vermag nichts dagegen
378 2354 1596 2411 einzuwenden, als Sophie die völlige Amoralität Herbots,
369 2398 1594 2452 daß für ihn Liebe, Betrug und Mord in Wirklichkeit nicht
372 2437 1601 2511 schwerer wiege, als in irgend einer seiner Rollen, daß er,
370 2495 1605 2579 wenn sie sich zum Fenster hinabstürzte, für ihn nur einen
356 2563 1345 2635 wirksamen Aktschluß abgeben würde, feststellt.
457 2575 1610 2667 Der letzte Einakter verbindet ein Stückchen griechischer
369 2658 1596 2726 Mythologie mit unmittelbarster Gegenwart. Wie die Grie¬
376 2706 1603 2773 chen im „Bacchusfest“ eine Nacht lang allen Menschen
371 2760 1590 2817 völlige erotische Freiheit schenkten, unter der Bedirgung,
367 2816 1612 2880 daß am nächsten Tage keiner von dem Gefährten der Nacht!
363 2851 1606 2921 etwus wissen dürfe, so verzeiht der Schriftsteller Felix
366 2905 1608 2973 Staufner, auch ein Mann nahe den Fünfzigern, seiner klu¬
370 2954 1601 3022 gen jungen Frau Agnes, daß sie mit einem jungen Doktor
370 3008 1607 3074 der Chemie in sechs Sommerwochen schwach geworden ist,
369 3070 1598 3124 während auch er, zur Vollendung eines Schauspiels in die
367 3106 1591 3173 Einsamkeit gezogen, ein wenig von der Süßigkeit der
371 3143 1605 3224 Abwechslung gekostet hat. Die Szene spielt in einer Bahn¬
367 3183 1592 3274 hofshalle, wo Agnes und der junge Chemiker den gereifte¬
361 3241 1598 3315 ren Mann und bedeutenden Schriftsteller zum letzten Ab¬
375 3298 1600 3371 schied erwarten. Die souveräne Überlegenheit dieses Dichters
360 3377 1599 3442 bringt es zustande, daß der etwas schüchterne junge Che¬
371 3402 1613 3468 miker ebenso, wie Frau Agnes, gar nicht zu Wort kommen
367 3462 1601 3525 können, daß der Schriftsteller als Sieger auf der Walstatt
374 3486 1595 3584 des Bahnhofes mit seiner wiedergewonnenen jungen Frau
362 3554 1602 3634 allein bleibt und daß der junge Chemiker nach einer ganz
366 3604 1604 3691 andern Richtung abreist, als er ursprünglich reisen wollte!
374 3652 1602 3724 Weder Frau Medelsky als Gattin des Schauspielers
370 3711 1595 3785 Herbot, noch Fiäulein Wohlgemuth als Bacchusdame
365 3751 1605 3825 zwischen zwei Männern entsprachen den an sie zu stellenden
368 3803 1601 3872 Anforderungen. Frau Medelsky war zu schwach und undeut¬
366 3860 1593 3930 lich, Fräulein Wohlgemuth sprach, so elegant ihre Reise¬
368 3898 1596 3986 toilette auch war. so schlecht wie gewöhnlich. Überaus gut
369 3962 1592 4020 war Tiedtke in der dankbaren Rolle des Theaterdirek¬
357 4007 1594 4082 tors, überons freundlich das dem Dichter Schnitzler seit
370 4051 1591 4124 langem wohlgesinnte Publikum, das sich besonders freute,
361 4102 1601 4178 den Dichter nach längerer Pause wieder mit neuen drama¬
374 4169 1307 4249 tischen Arbeiten auf der Bühne zu begrüßen.
1083 4205 1599 4288 Dr. v. Wymetal.
1942 1525 2951 1648 Husschnitt aus WIENER CARICATUREN
2155 1640 2453 1730 440K1.1915
1956 1691 2131 1755 vom:
2143 1815 2753 1936 THEATER.
2036 1893 2938 2015 Artur Schnitzler ist-mit—eemt
1945 1972 2944 2100 ein Liebling des Theaterpublikums geworden,
1949 2059 2929 2123 denn er hat immer etwas zu sagen und tuf
1967 2120 2941 2201 dies so graziös und geschmackvoll, daß
1955 2159 2954 2249 man in ihm den besten Ausdruck des
1965 2243 2570 2317 Wienertums finden kann.
2048 2255 2954 2367 Allerdings kommen manchmal auch die
1942 2341 2941 2426 Schattenseiten des Wienertums zum Vor¬
1969 2391 2953 2479 Ischein, besonders des Ringstraßen-Wiener¬
1945 2463 2950 2573 Itums, welches oft gar zu geistreich,
1962 2511 2955 2609 (gar zu weichlich, gar zu oberfläch¬
1970 2598 2202 2675 lich ist.
2059 2623 2963 2736 Die „Komödie der Worter, der
1977 2694 2963 2774 Schnitzlersche Einakterzyklus, welcher
1982 2739 2965 2843 uns jüngst im Burgtheater vorgeführt
1975 2812 2960 2917 worden ist, zeigt eine bedenkliche Er¬
1979 2872 2972 2966 mattung des Schnitzlerschen Schaffens.
2070 2928 2963 3011 Außerst widerwärtige erotische Kon¬
1982 2986 2965 3085 flikte werden da sehr umständlich erörtert
1986 3051 2978 3138 und einer sehr verschnörkelten Lösung
1990 3122 2251 3202 zugeführt.
2091 3175 2976 3251 Das Beste an dem Stück war die eine
1995 3221 2972 3329 Rolle des eitlen Komödianten und Weiber¬
1995 3297 2977 3385 helden, die von Herrn Walden virtuos
1996 3365 2479 3439 durchgeführt wurde.
2093 3401 2985 3482 Schnitzler wird die Scharte hoffent¬
1989 3439 3007 3561 lich bald auswetzen. Allerdings ist auch
1998 3506 3003 3613 das Kriegsklima seinen zarten,, weichen
2009 3590 2634 3688 Schöpfungen nicht günstig.
