3344 4320
222 154 1960 247 26.1. Konoedie der Worte Zuklus
617 1253 2024 1356 qutelle aime, et celles non moins éloquentes de son directeur Falk
619 1353 2010 1437 Tont fait revenir sur sa décision. Mais elle sent son martyre recom¬
618 1419 2021 1517 mencer quand, à peine rentrée, elle reçoit la visite d’une jeune
623 1487 2026 1572 hlle qui se destine au théätre et que Hlerbot a fait venir sous
624 1561 2030 1649 prétexte d’un examen. Falk la console et Texhorte à lindul¬
625 1609 2044 1719 gence: Herbot, sans elle, est perdu, il n'est méme plus bon
623 1675 2040 1802 comédien. Vollà surtout pourquoi Falk tient à sa présence. Du
619 1751 1712 1879 reste pourquoi ne prendrait-elle pas sa revanche?
705 1869 2037 1960 Herbot arrive et, laissé seul avec sa femme, ils parlent du
630 1967 2036 2039 drame de l’été. Elle le supplie et il promet de ne plus mentir.
632 2013 2038 2110 Quand on annonce à Hlerbot la visite de Edgar Gley, dont la
632 2073 2053 2183 hancée avait été sa maitresse, Sophie s éloigne, mais reste dans
643 2155 2053 2254 la piéce attenante pour écouter. Edgar Gley demande à Herbot
641 2217 2053 2337 s’il a été l'amant de Daisy. Herbot, trop adroit pour nier, Jui
646 2296 2056 2388 dit qu'il a aimé Daisy sans étre payé de retour, qu'il lui avait
639 2358 2062 2455 meme écrit des lettres, II lui montre l’unique lettre qu'il avalt
655 2424 2054 2530 reque de Daisy, et Edgar Gleys’en va persuadé de I'innocence
646 2490 2057 2607 de sa fancée. A sa femme qui demande des explications, Her¬
654 2585 2059 2661 bot dit que la lettre est authentique et que seule la date a 5té
657 2631 1861 2753 truquée. En effet, tout avait été combiné avec Daisy.
743 2739 2055 2850 Ce soir Herbot doit jouer Hamlel, et ce sera pour sa femme
656 2826 2074 2945 qu'il jouera, rien que pour elle. Falk vient le chercher, il n’ya
666 2907 2060 3018 plus qu un quart d’heure jusqu au lever du rideau. La consterna¬
658 2969 2075 3064 tion de Sophie ne lui échappe pas et sur ses questions elle lui
660 3065 2072 3138 déclare qu’elle est écceurée de tous les mensonges quselle a
663 3106 2078 3199 entendus et que tout est hm. En vain veut-il la retenir, quand
673 3181 2083 3285 Herbot revient, déjä en costume d’Hamlet. Ayant vu la loge de
665 3260 2088 3356 Sophie toujours vide, il a eu peur et il est venu la chercher. 1
664 3316 2089 3420 la supplie de ne pas le quitter, et elle cede et se résigne, compre¬
668 3385 2095 3503 nant que toute sa vie elle sera Tesclave de ce génial enfant gäté,
686 3476 1263 3563 qu'elle aime malgré tout.
2078 146 2522 249 box 32/7
2474 1214 3267 1358 LA FETE DE BAG
2753 1306 3284 1437 (DAS BACCHUSFE)
2437 1427 3292 1561 En l'absence de l’Ccrivain Félis Stau
2371 1521 3281 1636 et le sportsman Guido Wernig sont deve
2375 1607 3260 1705 s almer, veulent se lier pour toujours. Au
2376 1676 3260 1769 et Agnès l'attendent à la gare, la main
2379 1745 3270 1832 faire part de leur décision. Félix arrive
2373 1811 3278 1908 comprend. Supérieur et ironique il les reg
2378 1878 3282 1986 il a reconquis sa femme. Quant à Guido
2370 1952 3279 2044 toutes les humiliations jusqu au goüter qu
2467 2040 3288 2136 Cependant Agnès de son côté doute
2378 2100 3283 2199 mari, sachant qusil a fait la connaissand
2384 2171 3279 2273 Bianca, dont il montre la photographie. E
2380 2234 3292 2348 tage de cette situation, sans arriver à im
2381 2317 3288 2408 Guido ###n aille on il voudra, Agnès rest
2389 2375 3283 2488 aider à achever sa nouvelle pièce: La
2378 2451 3286 2548 s étonne; n'avait-il pas eu d’autres proje
2395 2523 3286 2622 convient, mais une force mystérieuse a
2397 2593 3290 2688 Fêie de Bacchus. Et il raconte alors la é
2399 2658 3292 2763 logie. Une fois par an les anciens Grech
2390 2717 3291 2837 Bacchus, pendant laquelle les liens conju
2393 2785 3292 2904 et des couples de hasard se rencontraien
2402 2871 3276 2977 la forêt sacrée. Le lendemain tout était
2499 2965 3257 3055 Quand T’employé des chemins de
2400 3025 3258 3138 Paris. Guido et Agnès suggèrent que
2409 3110 3081 3207 qui, décidément résigné, part.
2483 3188 3282 3300 Les deux époux se regardent. Pourr
2404 3273 2854 3362 ils s almer encore?
3043 3345 3284 3428 SUZAN
2876 3412 3289 3515 Traductrice dAn
3160 4071 3288 4153 Caenute
