3344 4352
2098 219 2536 303 box 327/8
637 227 725 287 M
233 220 1936 303 26. 1. Kdieder NorteZyklus
582 690 700 767 vom:
1302 921 1784 1026 17 0%I. 1935
1778 1083 2661 1175 — Das interessante Blatt
561 1099 758 1175 Nr. 42
1674 1207 2782 1266 ganz verschiedene Gestalten mit hinreißender künstlerischer
1676 1253 2786 1293 Gestaltungskraft zu formen vermag. In der „Stunde
1668 1294 2778 1345 des Erkennens“ ist er wirklich der bösartige, nach
575 1218 1646 1399 Sprechtheater
1676 1347 2782 1391 außen konventionell gütig scheinende Arzt, der all seinen
2665 1384 2785 1439 kalt
1682 1382 2668 1447 Groll jahrelang in sich verbarg und nun mit
644 1405 1662 1480 Nach all den Versuchen zeitgenössischer Lustspiel¬
1683 1430 2787 1488 bewußter Grausamkeit ausspricht, sehr fein Auguste
570 1480 1666 1525 fabrikanten, die man im Akademie=Theater zu
2140 1474 2758 1526 Fortselzung der Referale auf Seite 19.
1503 2245 1796 2351 A#
2231 2663 2285 2718 8
580 2738 1438 2810 Schnitzler-Neueinstudierung im Aka¬
1963 2725 2453 2811 Sprechtheater.
569 2788 1446 2859 demie - Theater: Szene aus „Das
1698 2785 2745 2854 ünkösdy als still liebende und entsagende Frau.
573 2851 1444 2902 Bacchus-Fest“, dem dritten Spiel der
1691 2844 2749 2897 en arrivierten leichtlebigen Professor gibt Franz
1688 2886 2740 2934 öbling. „Die große Szene“ spielt Ewald Balser
579 2888 1449 2954 „Komödie der Worte“, mit Ewald
1682 2924 2742 2997 is eine Art höherer Parodie. Grandios, wie er sich selbst
572 2948 1442 3011 Balser und Hilde Wagener. Phot. Skall.
1679 2972 2737 3031 #titreißt, wie man merkt, daß er an alle Lügen zu
1689 3019 2752 3078 lauben anfängt. Hier ist, Maria Mayen seine Frau,
578 3031 1446 3098 sehen bekam, ist endlich ein starker Theater¬
1676 3063 2739 3129 ine Frau, die diesen großen Lügenkünstler liebt, sehr
581 3090 1446 3146 abend zu verzeichnen. Arthur Schnitzlers
1680 3104 2755 3166 ärtlich und gefühlvoll in jeder Bewegung, in jedem Satz.
579 3130 1455 3193 „Komödie der Worte“ riß in aus¬
1668 3151 2745 3208 den vermittelnden Theaterdirektor gibt Herr Schmidt
573 3168 1442 3237 gezeichnet durcharbeiteter Aufführung zu
1658 3195 2743 3265 zumorvoll. Im letzten Spiel, „Das Bacchus¬
590 3228 1446 3277 starkem Beifall hin. Vor allem erweist sich
1665 3241 2748 3309 fest“ ist Hilde Wagener die Gattin des Schrift¬
579 3266 1452 3311 Ewald Balser, den man sonst gewöhnlich
1651 3292 2740 3339 stellers Felix Stauffner; sie ist eine Meisterin der Geste
577 3309 1449 3364 nur in klassischen oder dramatischen Rollen
1663 3334 2752 3386 der halbgesprochenen Worte, die fast alles erraten lassen,
579 3355 1450 3409 zu sehen gewohnt ist, als ein schwereloser
1659 3390 2742 3433 der junge Mann, dem sie folgen wollte, ist Ulrich
583 3401 1445 3442 Schauspieler großen Formats, der im
1662 3425 2745 3481 Bettac, und man begriff ohneweiters, daß sie von der
573 3436 1463 3508 Nahmen von zweieinhalb Stunden drei
1653 3465 2746 3525 verstehenden bürgerlichen Aufmerksamkeit des sommer¬
1653 3512 2751 3569 lichen Ausflugspartners zur starken Männlichkeit Ewald
2599 3555 2747 3612 rm. p.
1656 3560 2090 3635 Balsers zurückfindet.
