3344 4352
2074 189 2571 284 box 32/4
229 199 1964 315 26.1. Konoedie der Norte- zukius
616 648 1866 715 Völker zusammengeschweißt, ja es triumphiert noch Tag für
1866 640 3105 727 mehr verflüchtigt, wenn von den Gefühlen nur noch Worte
169 687 629 749 beiden scheinen er¬
1859 682 2224 771 übrig bleiben?
618 697 1860 752 Tag sogar über das Leben selbst. Das ist freilich für den
125 733 633 797 ie wieder anheben, lebt
615 721 1872 805 Anatoldichter eine fremde Welt! Kein Zweifel: der Strom
1931 742 3097 819 Mit dem Dichter sind, natürlich im entsprechenden Ab¬
160 767 623 841 In diesem Dreiklang
619 783 1865 842 der Zeit läuft gegen ihn. Was uns zu einer Zeit, da die
1862 793 3101 852 stand, auch seine Geisteskinder gealtert. Die Stücke selbst —
181 812 618 893 und Unwirklichkeit,
624 829 1866 884 Dichter sich ganz der Wirklichkeit hingegeben und auch der
1858 846 3115 897 unter dem Titel „Komödie der Worte“ hat Schnitzler drei
131 861 627 922 und wo wir glaubten,
622 858 1860 921 kleinste Gefühlsablauf von tausend Abhängigkeiten bestimmt
1861 894 2490 952 Einakter zusammengefaßt —
2476 894 3116 960 aber gleichen den früheren
134 916 626 974 ötzlich der andere. Im
629 917 1860 973 schien, wie ein Restchen subjektiver Freiheit, gleichsam wie ein
1861 930 3111 996 durchaus, nur daß die Rollen mit älteren Personen besetzt
124 952 616 1019 en wird die Melodie
620 958 1866 1024 Reservat der Seele vorkam, das wirkt jetzt mehr als ein
1868 975 3110 1044 sind, und daß man von der Hauptsache meistens in der Ver¬
131 989 619 1063 iöser und frivoler, das
612 1000 1862 1068 Mangel an innerer Schwungkraft überhaupt. Aber es wäre
1857 1013 3107 1079 gangenheit spricht. Die Menschen erleben nicht mehr un¬
131 1026 624 1106 Erdschwere und gewinnt
628 1033 1867 1107 ungerecht, wenn wir es einem Dichter von den Qualitäten
1857 1057 3111 1123 mittelbar, sondern Worte beleben noch einmal etwas, das gar
140 1087 618 1144 den rauhen Lärm des
621 1078 1864 1152 Schnitzlers entgelten lassen wollten, daß wir selber andere
1857 1106 3110 1157 nicht mehr oder noch nicht wieder ist, und aus diesem flackern¬
123 1113 623 1193 gensätzliches empfinden
623 1120 1861 1194 geworden sind. Wichtiger ist: auch er ist ein anderer ge¬
1860 1157 3114 1219 den Zwielicht der zwischen dem Heute und dem Gestern hin
133 1164 615 1236 Gewebe ihres Abbilds
614 1170 1856 1233 worden! Und mit diesem Wandel hat es eine ganz eigene
1855 1195 3105 1247 und her zuckenden Worte entsteht eine eigene Stimmung in
143 1204 625 1280 Geschöpfe werden auf
621 1222 1860 1288 Bewandnis. Wie gesagt, taucht der Gedanke, daß das Leben
1859 1235 3116 1302 diesen Komödien der nunmehr zwiefach unwirklichen Gefühle.
150 1254 617 1320 drückenden Enge der
620 1255 1745 1325 ein Spiel sei, schon sehr frühe bei Schnitzler auf.
1723 1257 1864 1323 Die
1864 1283 3114 1351 Da hier und dort das Grau schon bedenklich durchschimmert,
159 1293 623 1365 sie bleiben zwischen
623 1309 1741 1376 Anatolszenen hat Hugo von Hoffmannsthal, damals
1723 1306 1862 1392 noch
1868 1329 3107 1374 so wird, den vorgeschrittenen Semestern entsprechend, das
136 1346 625 1416 von der krausen Will¬
612 1362 1505 1424 Loris, mit folgenden Versen eingeleitet:
1864 1369 3107 1440 Thema vom Tode nur in dem ersten Stücke ganz flüchtig ge¬
133 1385 630 1457 eins haftet ihnen auch
1862 1404 3112 1481 streift. Dagegen herrscht die Liebe noch unumschränkt, aller¬
890 1418 1526 1491 „Also spielen wir Theater,
123 1422 634 1502 ichts ist ihnen wesens¬
1864 1461 3103 1513 dings ist es eine etwas unwirkliche Liebe, denn sie ist entweder
890 1451 1593 1537 Spielen unsere eigenen Stücke,
140 1468 633 1550 t künstlerischer Gesetze.
1867 1506 3113 1579 gewesen oder sie ist nie ganz wirklich geworden. Ihre Form
891 1509 1627 1596 Frühgereift und zart und traurig,
140 1527 516 1582 rden treiben..
491 1508 624 1583 Wir
1865 1544 3111 1606 ist im Gegensatz zu der früheren Schnitzlerschen Periode
888 1565 1510 1643 Die Komödie unserer Seele.“
170 1555 634 1636 sagt Schnitzler selber
1862 1591 3115 1639 durchgehend die Ehe, und der Konflikt in logischer Folge
157 1613 624 1676 Gefühl von der Ir¬
696 1609 1858 1678 Aus dem Spiel der Seele, der Tradikomödie des Ge¬
1859 1634 3117 1696 der Ehebruch. Einmal ist der Mann unzweifelhaft der allein
132 1642 621 1719 ler nie ganz loszukom¬
617 1657 1852 1730 fühls, ist nunmehr die Komödie der Worte geworden. Und
1867 1677 3124 1736 schuldige Teil, in den anderen beiden Stücken haben sich die
134 1702 626 1757 sten Stimmungen aus¬
617 1713 1863 1787 es steckt ein gut Teil schmerzliche Resignation in diesem
1869 1722 3115 1782 Beteiligten gegenseitig nicht viel vorzuwerfen. Der Dichter
133 1742 619 1808 i dem Gebanken, daß,
623 1766 1861 1832 Titel. Die Komödie, diese personifizierte Skepsis der eigenen
1871 1768 3114 1826 sammelt die symbolischen Geweihe in diesem Zyklus an¬
131 1775 620 1856 ntheater ist, wenigstens
620 1804 1855 1857 Natur des Dichters, konnte früher wenigstens Gefühle be¬
1866 1808 3109 1878 scheinend mit dem gleichen Eifer wie ein Jäger die wirklichen,
131 1821 616 1891 n Meisters zusammen¬
624 1849 1862 1912 lauern, jetzt hockt sie gespenstisch neben der erstorbenen Glut
1864 1849 3106 1922 wobei er mit zunehmender Kennerschaft die abnormen, sel¬
135 1877 627 1944 hwärzesten Pessimisten
624 1884 1859 1951 und sucht noch ein paar Worte als Funken aus der Asche zu
1854 1890 3108 1953 tenen feinschmeckerisch immer mehr bevorzugt. Es wird einem
141 1914 619 1985 in Schattenriß ist, der,
620 1941 1859 1993 blasen. Wer sonst von einem Pol zum anderen wandert, der
1866 1945 3116 2007 angesichts dieser stattlichen Sammlung zunächst etwas un¬
134 1967 615 2024 e des Lebens geworfen,
619 1974 1869 2038 pflegt sich dem einen im gleichen Maße zu nähern, als er sich
1866 1991 3109 2059 heimlich zu Mute. Aber man beruhigt sich bald, denn auch
124 2011 620 2070 Kannter das Licht aus¬
626 2012 1872 2078 vom andern entfernt. Das erscheint als eine billige Weis¬
1858 2033 3111 2101 hier schiebt sich ein Moment der Unwirklichkeit lindernd da¬
126 2055 622 2112 ngspoet — eher haftet
615 2071 1861 2133 heit, und doch stimmt sie nicht ganz, wenn es sich wie bei
1859 2073 3105 2127 zwischen; es handelt sich um abgeworfene Stangen und keiner
137 2098 622 2161 Kenden Resignation des
622 2119 1868 2181 Schnitzler um den positiven und negativen Lebenspol handelt,
1863 2112 3120 2191 der Geweihten ist tatsächlich auf der Strecke geblieben. Der
143 2129 610 2210 aus dem großen Kom¬
614 2160 1867 2215 um Lieben und Sterben, und wenn der Wanderer zugleich ein
1860 2166 3113 2220 Kampf um das Weibchen wird nämlich mit Worten
136 2195 622 2256 hat er nur einen Zug
623 2193 1865 2260 Dichter ist. Freilich das Positive taucht in die Zeit zurück,
1866 2207 3104 2263 geführt, und Worte treffen wohl, aber sie töten
157 2235 624 2298 daß er auch zugleich
613 2230 1873 2329 je weiter wir lebend vorwärts schreiten, und die Liebe läßt
1854 2251 3101 2328 in der Regel nicht. Jedoch ein Wort ist an sich
149 2275 616 2327 ist. Das ist die iro¬
615 2286 1861 2350 am Ende auch den Dichter allein. Aber er kommt darum,
1862 2300 3115 2355 etwas Unwirkliches, ein leerer Schall, der Falsches
157 2320 617 2380 der scheinbar tiefsten,
615 2340 1865 2389 wenigstens als Künstler, dem Gegenpole nicht näher, so daß
1855 2342 3116 2413 und Wahres, Echtes und Unechtes, Gutes und Böses mit der
124 2345 620 2431 tes Schaffen ist weiter
625 2383 1860 2446 ein Motiv das andere ablösen könnte, denn auch das Negative
1863 2393 3109 2449 gleichen Marke deckt. Auch eine Komödie der Worte ist,
143 2412 613 2481 mödie unseres eigenen
622 2421 1872 2491 zieht sich wiederum vor ihm zurück und zwar um so mehr,
1865 2436 3108 2491 genau betrachtet, überhaupt keine Komödie. Irgendwie und
617 2458 1863 2537 je näher er ihm zu kommen scheint. Ein Künstler wie Böcklin
1856 2470 3102 2551 irgendwo muß vielmehr das Wort sich so mit Lebensinhalt
122 2506 626 2578 n Schnitzler heute im
621 2515 1864 2567 lauscht nur in der Vollkraft der Jahre dem fidelnden Tod,
1864 2528 3110 2583 erfüllen, muß Wesensbestandteil eines Menschen werden daß
629 2566 1864 2615 schon an der Schwelle des Alters finden wir ihn allein. Nur
130 2558 623 2624 leiche dreibesaitete Leier
1871 2556 3113 2615 es auch wieder Schicksal wird, und es entspricht durchaus
619 2606 1865 2665 die Jugend lädt den Tod zu Gaste. Steht er aber erst hinter
136 2595 618 2669 lendert und sein altes
1871 2606 3110 2672 seinem leichten luftigen Wesen, wenn dieses Schicksal dann
618 2645 1856 2705 der Tür, dann tut man lieber so, als wäre er nicht da. Ahnlich
134 2652 634 2722 e anhebt, dann horcht
1865 2643 3104 2704 ein komisches ist. Einer entschlossenen Richtung auf die
614 2693 1863 2744 ergeht es jetzt Schnitzler. Er hat auf seinem Pilgerpfade seine
133 2688 625 2754 befremdet auf. Gerade
1859 2685 3113 2755 reine Komödie zu, die ja der Melancholie und des schwanken¬
144 2724 621 2797 etwas Schwankendes,
618 2725 1864 2793 beiden Hauptmotive verloren, das Leben selbst hat sie ihm
1858 2727 3100 2790 den Gefühls entbehren kann, steht also die letzte Phase in der
130 2775 630 2847 kliches gewesen ist, hat
620 2780 1862 2843 entwendet, und ihm bleibt nichts anderes übrig, als sich mit
1862 2787 3101 2855 dichterischen Entwicklung Schnitzlers durchaus nicht im Wege,
134 2824 623 2881 n Ausbruche uns allen
630 2826 1862 2888 Surrogaten zu behelfen. Worte für gestorbene Gefühle!
1855 2833 3108 2895 sie ist ihr eher förderlich. Das Wort ist ja in gewissem Sinne
133 2856 637 2937 hl hat das Individuum
619 2871 3107 2935 Und die Frage ist nun: wie kommt dabei die Komödie zu überhaupt das Verhängnis Schnitzlers geworden. Er ist viel¬
141 2920 3118 3002 barteien entthront. hat l ihrem Rechte, wenn sich das an sich schon Unwirkliche noch mehr ein Plauderer als ein Gestalter, seine Kunst lebt am
3147 3046 3333 3109 tiger B
1914 3052 3164 3126 reinsten in der geistreichen Antithese, und sein Dialog zeichnet
3144 3087 3329 3153 überzeu
1922 3098 3153 3173 weniger die geistigen Umrisse seiner Gestalten als daß er sie
3153 3138 3337 3196 erst schi
1922 3127 3161 3211 irrlichterierend umspielt. Das Wort ist vielleicht das ihm
3155 3181 3332 3244 Schuld
1920 3185 3162 3248 eigenste künstlerische Element. So kommt es auch, daß die
3146 3226 3359 3282 am End
1922 3227 3154 3292 Sieger in diesem Hörnerkampfe Geistesgenossen des Dichters
3155 3268 3337 3338 Fenster
1918 3254 3164 3342 sind. Alle führen neben ihrem wirklichen Leben eine andere
3149 3311 3351 3377 schwatzt,
1933 3323 3153 3374 Eristenz, die vom Worte beherrscht und bestimmt wird. Der
3147 3360 3332 3416 glaubt
1922 3353 3161 3420 erste ist Journalist, der zweite Schauspieler, der dritte Schrift¬
3149 3388 3344 3455 von alle
1932 3394 3164 3463 steller. Allerdings von dem ersten wissen wir nicht viel. Er 1
3148 3445 3340 3505 Komödi
1926 3449 3154 3505 tritt nicht auf, kaum, daß er dem geistigen Auge
3148 3491 3328 3542 die ern
1915 3493 3165 3565 sichtbar wird. Doch die lakonische Charakteristik: ein
3152 3520 3345 3588 Worting
1918 3538 3149 3590 amüsantes Luder, boshaft und sentimental, eine paetische
3145 3569 3344 3643 entgege
1914 3577 3152 3640 Seele, aber kein poetisches Talent, trifft sicher ins Schwarze.
3151 3622 3324 3677 schaft, d
1927 3627 3155 3684 Auch der dritte dieser Ritter vom Worte, der Schrift¬
3148 3662 3332 3728 einmal
1921 3669 3152 3734 steller, wiegt nicht schwer. Er vollbringt zwar eine rhetorische
3161 3712 3338 3764 sie sich
1915 3708 3157 3774 Kraftleistung allerersten Ranges. Durch die Erzählung von
3160 3745 3329 3813 Ende in
1923 3742 3155 3821 dem Bacchusfeste, jener antiken Liebesfreinacht da sich jeder
3147 3793 3349 3849 ist und
1919 3790 3165 3864 und jede zusammenfinden konnte ohne die leifeste Verpflich¬
3150 3840 3349 3897 Dänenp
1926 3844 3153 3905 tung fürs Leben, sofern sie sich beim Morgengrauen nur
3147 3883 3344 3948 Das W
1927 3888 3151 3949 wieder von einander trennten, während schon das zweite Bei¬
3152 3923 3358 3983 auch en
1917 3923 3160 3983 sammensein sie für immer aneinanderkettete, redet er seinen
3152 3970 3360 4033 zuweile
1921 3971 3160 4031 Nebenbuhler einfach von der Bildfläche weg, redet einen so¬
3148 4009 3361 4079 ten ein
1919 4017 3154 4087 eben geschlossenen Seelenbund glatt auseinander, redet die
3157 4061 3324 4122 eine H
1919 4063 3154 4123 alte Gemeinschaft von Tisch und Bett wieder zusammen. Das
3155 4094 3298 4168 Noch
3048 4099 3160 4160 zu
1917 4094 3071 4174 ganze wirkt wie ein literarisch gehobenes Gegenstück
3045 4144 3318 4211 dos sich de
2720 4145 3044 4217 er Hintergrund
