3344 4320
359 165 1455 211 det seiner unverkennbaren Aehnlichkeit mit Bahrs
369 201 1471 261 köstlichem Lustspiel „Das Konzert“ stärksten Beifall
371 260 1462 310 danongetragen. — Das dritte Stück: „Das Bachus¬
376 308 1466 367 fest“ wirkt stellenweise fast wie eine Groteske. Da
379 341 1469 407 ist eine junge Frau, die sich von einem Dr. Guido
366 399 1471 454 Wernig entführen lassen will. In der Bahnhofshalle
368 447 1470 502 trifft sie mit ihrem Manne zusammen und er, ein
368 493 1470 560 Wissender, doch ohne sein Wissen zu verraten, spricht
431 547 1464 603 spricht und gewinnt im Nu sein Weib zurück. Er
367 603 1469 655 will wie in seinem Drama „Das Bachusfest“ an
377 640 1462 698 dem er schreibt, nun fromm sein und der Verirr¬
371 684 1464 750 ten ihre Schuld vergeben! Freilich hat der Schrift¬
381 738 1466 805 steller Staufner leichtes Spiel, denn der Rivale
371 803 1475 850 Dr. Wernig sinkt in der Gegenwart des sieghaften
373 846 1469 899 Dichters in ein klägliches Nichts zusammen! Was
385 894 1464 950 sich aber in allen drei Stücken auf der Bühne ab¬
382 931 1468 995 spielt, ist gar kein Drama, sondern, wie immer bei
382 982 1463 1047 Schnitzler, eine dialogisierte Novelle, in Pastellfar¬
376 1032 1471 1090 ben, zarten leisen Tönen gemalt, und in diesen
382 1078 1466 1143 Bildern spiegelt sich das Bild des Dichters selbst
383 1138 1466 1211 mit seiner gütigen Weisheit und seiner weisheitsvol¬
371 1186 617 1256 len Güte.
473 1241 1470 1309 Es ist wohl kaum ein Zufall, daß die moder¬
376 1291 1482 1337 nen Dramen, die hier zur Aufführung gelangen,
376 1348 1480 1396 neitaus am besten dargestellt wurden. Das Neue
387 1388 1483 1443 und Ungewöhnliche, der neue Stil, reizt eben auch
383 1440 1479 1490 die Darsteller, und das ist begreiflich, wenn man
378 1487 1478 1549 auch bedauern muß, daß die edelsten Werke unserer
386 1547 1472 1599 größten Dichter nicht die gleiche Hingabe finden.
376 1588 1475 1637 Die Aufführung der „Komödie der Worte“ war
372 1630 1481 1695 ganz überraschend gelungen und Herr Haber, der
387 1690 1474 1736 alle drei Hauptvollen spielte, erreichte als der
392 1731 1475 1781 Schauspieler Herbot eine Meisterschaft, vor der man
386 1785 1472 1839 Respekt haben muß. Doch auch der Schriftsteller
390 1831 1476 1886 Staufner war so einfach, wahr und bedeutent wie
384 1877 1480 1934 seine Größe es verlangte, um glaubhaft zu sein.
383 1926 1477 1988 Die erste Rolle, der Dr. Eckold, lag Herrn Haber
390 1980 1479 2034 nicht ganz so gut, trotzdessen fehlte auch dieser Ge¬
390 2033 1478 2090 stalt nicht inneres Leben. Die weiblichen Hauptrok¬
387 2072 1487 2139 len wurden von Frl. Lothar gegeben, einer Schau¬
386 2120 1479 2175 spielerin, deren starkes Können von stärkerer Intel¬
386 2172 1487 2223 ligenz geleitet wird. Am wahrsten spielte sie die
383 2221 1487 2275 Sofie, die Gattin des Schauspielers, die die ein¬
391 2269 1477 2331 fache, klare Seele, deren ethischem Reinlichkeitsbe¬
392 2317 1470 2367 dürfnis der Schmutz der Lüge verhaßt ist. Viel¬
392 2354 1489 2427 leicht hätte die Gestalt um eine Spur weniger volks¬
390 2413 1491 2485 tümlich= derb gehalten werden können. Vortrefflich
397 2456 1483 2518 in der Feinheit des Ausdrucks war die Klara in
392 2508 1480 2568 dem ersten Stücke: „Die Stunde der Erkenntnis“,
384 2559 1485 2627 nur erschien sie wohl etwas zu jung. Die Auffas¬
381 2612 1492 2676 sung und Wiedergabe der Agnes im 3. Stücke war
386 2658 1483 2708 nicht ganz einleuchtend; der Ton führte über die
391 2708 1482 2766 geistigen Qualitäten dieser jungen Frau irre, die
381 2766 1488 2815 doch entschieden hervorragendes Verständnis und
391 2812 1488 2871 Urteil haben muß, wenn der Schriftsteller allen
383 2857 1494 2921 Ernstes mit ihr sein Stück beraten will. Herr Waß¬
391 2905 1487 2951 muth führte seine Episode, Dr. Ormin, im ersten
383 2955 1494 3012 Einakter vorzüglich, mit innerer Anteilnahme durch;
383 3004 1488 3052 geschmackvoll, ruhig und überlegen gab Herr Grü¬
386 3051 1485 3116 nau den Theaterdirektor Dr. Falk in der „Großen
388 3101 1487 3152 Szene“; ausgezeichnet spielte im gleichen Stück Frl.
385 3149 1479 3202 Marbach die junge kokette Vima Flamm. Die
387 3198 1495 3251 beiden Rollen, die Herr Mahr an diesem Abend
387 3254 1479 3309 zu gestalten hatte, waren glücklicherweise Erfüllung,
384 3296 1483 3363 nicht Enttäuschung. Sein Edgar Gley war so rüh¬
374 3346 1486 3411 rend in der Qual seines Herzens, so rührend in dem
376 3399 1483 3461 Glück wiedergewonnenen Vertrauens, daß er stärk¬
380 3446 1481 3490 stes Mitfühlen weckte, und prachtvoll gab Herr
387 3494 1483 3540 Mahr auch den unbeholfenen, ein wenig bornier¬
384 3542 1480 3588 ten Dr. Guido Wernig im „Bachusfest“. Noch einer
383 3592 1476 3647 überraschend guten, wenn auch etwas grotesken Lei¬
379 3645 1483 3685 stung muß gedacht werden, der scharf beobachtete
382 3683 1483 3747 Züge aufweisenden Gestalt des Bahnhofportiers. Mit
388 3739 1481 3799 ein Hauptverdienst an der so ungemein lebendigen,
386 3789 1490 3848 mit glücklichstem Stilgefühl durchgeführten Wieder¬
379 3833 1486 3898 gabe der geistreichen kleinen Dramen gebührt dem
386 3885 1483 3929 Spielleiter Herrn Maximilian Wolff; man spürte
387 3933 1495 3975 in dieser Inszenierung die neue Schule und die
386 3987 1514 4064 kluge und energische Durchführung ihrer „Grund¬
386 4028 520 4098 sätze.
2319 207 3004 363 Troppauer Zeitung
2200 263 2299 362 7—
2029 288 2127 362 L 110
2169 342 2283 430 7%
1868 443 2915 556 kheater, Kunst und Literatur.
2094 558 2655 657 „Komödie der Worte“.
1966 644 2912 737 Schnitzkers Stolfgebiet ist von Anfang an
2298 695 2902 765 ###r hot seine Kunst nur
1875 717 2279 779 asselbe gepyrveff“
1883 740 2911 825 ertieft, nicht etweitert. In aben seinen Wer¬
1879 789 2907 873 ten ist das erotische Problem in den Mittelpunkt
1870 840 2901 909 jerückt, alle seine Motive handeln von der
1873 860 2913 968 Phusiologiel und Psychologie der Liebe. Aber
1880 937 2902 1011 tur jelten hat der Dichter in dem bunten Rei¬
1874 990 2913 1075 jen seiner Gestatzen den großen Herzenston ge¬
1871 1039 2917 1106 unden. Ironie und Skepsis untergraben die
1881 1092 2911 1158 Stärke und aufwärtsführende Kraft der Gefühle
1879 1117 2912 1204 und die melancholische Lebensweisheit des Dich¬
1866 1186 2919 1245 ters bringt keine Befreiung und Erhebung. Mit
1864 1226 2927 1310 kalten, scharfen Augen blickt er in das vielge¬
1873 1286 2914 1354 staltige bunte Leben. Starke, überschäumende
1872 1328 2918 1402 Kraft der Leidenschaft ist ihm fremd und des
1872 1387 2870 1459 nimmt seinen Gestalten die Größe und Tiefe —
1881 1443 2927 1511 die traoische Wirkung bleibt aus. Die Schicksale
1884 1482 2919 1557 seiner Menschen vermögen uns wohl zu rühren,
1880 1531 2926 1618 doch nicht zu erschüttern. Denn zur Tragik ge¬
1878 1580 2926 1665 hört Kampf. Echte Tragik bejaht das Leben
1881 1640 2842 1713 und wenn es selbst darin zu Grunde geht
1979 1652 2941 1741 Trotz aller Einwände gegen die dramatische
1873 1742 2924 1811 Gestaltungskraft handeit es sich bei Schnitzler
1888 1773 2941 1863 um die Werke eines echten Dichters. Die Kraft
1885 1835 2919 1895 der Empfindung, die Schärfe und Feinheit der
1884 1862 2930 1964 seelischen Beobachtung und der Humor lächeln¬
1898 1923 2926 1999 der Ueberlegenheit über die Toren der Liebe ge¬
1882 1969 2933 2048 ben seinen Schöpfungen hohen künstlerischen Wert.
1987 2032 2932 2092 Schnitzler ist der unerreichte Meister des Ein¬
1896 2071 2934 2136 okters einer Kunstgattung, die sich durch fein¬
1886 2113 2932 2198 geschlifsenen, sorgsam ziselierten Dialog mit schar¬
1893 2177 2927 2234 fen Pointen und geistreichen Apercus, weniger
1892 2227 2940 2307 durch die mangelnde dramatische Handlung aus¬
1891 2273 2930 2346 zeichnet. In den drei Stücken, die unter dem
1894 2319 2932 2387 Titel „Komödie der Worte“ zusammenge¬
1904 2363 2936 2445 fußt sind, tritt die Eigenart des Dichters in der
1894 2417 2934 2481 ironisch=spöttischen und geistreich=lustigen Lebens¬
1894 2477 2934 2536 und Liebesbetrachtung scharf zu Tage. Die sorg¬
1906 2514 2934 2586 los rosenfarbene Welt der Anatol=Szenen ist ver¬
1903 2561 2940 2640 sunken. An ihre Stelle ist ein grüblerischer Ernst
1893 2611 2946 2698 getreten, aus dem oft ein recht scharfer und bitterer
1885 2710 2945 2770 Sarkasmus hervorleuchtet. Alle drei Stücke, die
1884 2751 2936 2821 ebensoont den gemeinsamen Titel „Komödie der¬
1885 2808 2943 2875 Liebe“ führen könnten, behandeln ein und das¬
1888 2853 2927 2923 seibe Thema, die Beziehungen zwischen Mann und
1898 2892 2928 2975 Weib. Weder der Stoff, noch die Art der Be¬
1893 2942 2328 3010 handlung sind neu.
1990 2993 2926 3068 Voll bitterer, grausamer Ironie ist das erste
1888 3034 2923 3121 der drei Stücke „Die Stunde des Erkennens" Ein
1890 3085 2928 3178 Ehepaar, das des Kindes wegen zehn Jahre###
1886 3145 2930 3224 mit der Lüge neben einander lebte. Solang
1891 3195 2935 3254 wartete der Mann mit bitterem Haß im Herzen
1888 3238 2914 3319 auf die Stunde seiner Rache. Und als diese ge¬
1887 3291 2925 3364 kommen ist und er seiner Lebensgenossin den
1878 3329 2934 3415 Schimpf ins Gesicht schleudert, den diese zehn¬
1886 3386 2925 3460 jährige Gemeinschaft für sie bedeutet, scheidet das
1892 3436 2923 3512 Weib vom Manne gleichfalls mit einer Lüge,
1883 3472 2926 3554 indem sie seinen falschen Verdacht bekräftigt und
1874 3549 2927 3611 die Wonnen enthüllt, die sie in den Armen eines
1888 3581 2913 3658 Anderen gefunden. Auch das zweite Stück, „Die
1878 3626 2916 3703 große Szene“, handelt von der Lüge. Ein Komö¬
1877 3690 2918 3755 diant, dessen Eitelkeit die Grenzen der Wahrheit
1879 3742 2912 3802 und der schauspielerischen Pose in seinem Fühlen
1884 3785 2910 3840 und Handeln nicht mehr erkennen läßt, entzieht
1880 3824 2912 3901 sich der Verantwortung für begangene Schuld
1872 3880 2910 3948 durch ein meisterhaftes Lügenspiel, das ihm je¬
1877 3928 2904 4000 doch der Liebe und des Vertrauens des zu ihm
1873 3953 2919 4028 wieder zurückgekehrten Weibes zu berauben droht.
1881 4015 2910 4093 Der dritte, einer der fröhlichsten und übermütigsten
1869 4078 2911 4148 Einakzer die Schnitzler geschrieben, behandelt ein
1867 4122 2645 4169 Motiv, das sich in der Ausnützung
2798 4129 2881 4171 han
