3344 4352
1299 124 1845 200 Der neue Schuligter“
1421 181 2057 241 Das Urteil über das neue Schnitz¬
1331 222 2065 293 ler=Werk, welches auch demnächst bei
1345 275 2070 345 uns aufgeführt werden soll, ist den
1346 323 2070 390 Kritiken der Berliner und Wiener
1337 379 1819 450 Rezensionen entnommen.
1166 413 2068 500 Eine Komödie der Worte nenni Schnitzler die
1089 485 2073 557 neuen Einakter, welche Dienstag an der Hofburg
1100 546 2073 607 und zugleich am Darmstädter Theater zur Erstauf¬
1106 580 2077 659 führung gelangte. Als Schnitzler dieses Werk zu
1103 641 2070 706 schreiben begann, war Frieden und so führt es in
1098 667 2073 747 die Zeit zurück, wo kleine Erlebnisse — klein im
1093 749 2076 792 Vergleich zu dem Ringen des Weltkrieges, zu den
1106 776 2076 855 Tagesereignissen von heute, — „Schicksale“ hießen.
1102 829 2086 897 Der Titel sagt schon viel, fast alles: Worte die nur
1103 868 2087 940 Komödie spielen, leere Klänge sind, also von Men¬
1113 921 2082 1006 schen gesprochen werden, welche Masken angeligt ha¬
1111 970 2085 1042 ben. Menschen, wie sie vor dem Kriege waren, oder
1110 1031 2093 1103 zu sein vorgaben. Mit feinem Verständnis hat Schnitz¬
1114 1065 2087 1146 ler die entsprechenden Gesellschaftskreise gewählt;
1113 1118 2092 1202 das eine Stück spielt in schriftstellerischen, das zweite
1119 1166 2094 1254 in ärztlichen Kreisen, das dritte hat die Kulissenwelt
1111 1232 2087 1305 zum Hintergrund. Und alle Menschen haben das eine
1114 1261 2094 1346 gemeinsam, daß sie durch Lug und Trug, durch Wider¬
1128 1322 2088 1397 setzung gegen das eigene Gefühl unglücklich werden.
1115 1364 2092 1440 Alle gehen gebrochen ab, aber mit Pose. Schnitzler
1127 1414 2097 1499 hat diese Krankheit unserer Zeit, die vor Ausbruch
1127 1463 2104 1546 des Krieges ihren Höhepunkt erreicht hatte, behandelt.
1118 1514 2095 1575 Aber er hat eine Komödie daraus gemacht. „Große
1132 1559 2104 1646 Szene“ heißt der Einakter, welcher der Kritik nach
1133 1617 2098 1695 zu schließen, den größten Erfolg hatte. An Konrad
1136 1661 2099 1743 Herbot, einem berühmten Schauspieler wird gezeigt,
1139 1709 2109 1793 wie manche Menschen das Recht des Lebensgenießers
1135 1761 2105 1843 des Verführers ohne Rücksicht und ohne Verantwor¬
1138 1813 2105 1890 tung für sich in Anspruch nehmen. Ihr Nimbus und
1136 1872 2114 1939 ihre Berühmtheit — Beredsamkeit, „Komödie der
1144 1907 2105 1993 Worte“ — waschen sie vor sich selbst wieder rein. Kon¬
1127 1952 2131 2040 rad Herbot hat eine Frau, die ihn liebt, wie Schnitz¬
1153 2108 2151 2181 lers idealste Frauengestalten eben lieben. Aber er ist
1165 2187 2150 2222 der echte Künstler, durchdrungen von seiner Unwider¬
1171 2211 2148 2285 stehlichkeit und Berühmtheit, trotz seiner Glatze und
1170 2264 2151 2335 seiner fünfundvierzig Jahre ein Verführer. Und er
1166 2324 2150 2391 betört die Braut eines jungen Mannes, bis der Bräu¬
1171 2378 2146 2421 tigam zu ihm kommt, um die Wahrheit zu hören.
1175 2425 2155 2470 Kein Duell, keine Ehrenbezeugungen, die Wahrheit.
1170 2463 2149 2529 Und Herbot wickelt ihn in ein Gewebe von Worten,
1175 2519 2154 2571 erklärt ihm, daß das Mädchen seinem Ruhm, seiner
1177 2563 2162 2628 Kunst nicht widerstehen konnte und treibt ihn zum
1177 2627 2152 2672 Traualtar in eine auf eine Lüge aufgebaute Ehe.
1173 2664 2158 2724 Herbots Frau weiß es. Sie weiß, daß sie betrogen
1169 2716 2158 2766 wurde, daß es oftmals geschah und oftmals geschehen
1166 2759 2150 2815 wird, aber sie kann auf eine Scheidung nicht ein¬
1177 2823 2162 2880 gehen.. Auch sie ist seinem Ruhm unterworfen. Eine
1175 2857 2159 2927 Komödie ist dieses Zusammenleben, aber es ist un¬
1183 2904 2166 2975 abwendbar. Auch die beiden anderen Einakter „Stunde
1182 2966 2160 3019 des Erkennens" und „Bachusfest“ behandeln solche
1176 3013 2161 3069 „wurmstichige Ehen, als welche der Kritiker der N. F.
1186 3058 2160 3130 Presse diese Schnitzlerprobleme bezeichnet. Und den
1177 3107 2157 3165 Sieg, oftmals den unbewußten Sieg des Phraseurs.
1263 3152 2159 3223 Dr. Bettelheim schreibt in der Voss. Ztg.: „Schon
1175 3206 2164 3274 einmal, im „Freiwild“ hat Schnitzler Schmierenvolk
1179 3251 2165 3324 mit überlegener Laune vor Augen gestellt. Seine
1191 3303 2159 3376 Charakteristik von Konrad Herbott und seinen Leuten
1189 3364 2162 3420 ist ein weit höher stehendes Virtuosenstück, dem glück¬
1178 3402 2165 3475 lichste Beobachtung der Wirklichkeit zu Grunde liegt.
1191 3452 2166 3520 Schnitzler war niemals witziger, als in diesem Wirbel¬
1192 3499 2161 3571 sturm von parodistischen Einfällen.“ Dr. Bettelheim
1183 3550 2173 3623 hat dabei das Komische an der Stelle im Auge, wo
1186 3599 2172 3665 Herbot seine Frau dadurch beschwichtigt, daß er ihr
1183 3649 2176 3717 erklärt, er wolle den „Hamlet“ für sie spielen.
1184 3701 2161 3768 Und sie ist stolz, daß er von allen Leuten im Zu¬
1195 3757 2172 3818 schauerraum für sie allein den Hamlet darstellt. Ko¬
1193 3812 2084 3881 mödie der Worte, Unnatürlichkeit der Gefühle!
1275 3854 2174 3914 Die „Vossische Zeitung“ schließt die Besprechung
1181 3899 2177 3962 der Einakter: „Wie lange diese Gaben Schnitzlers
1177 3949 2165 4009 die Theatergänger anziehen werden, ist leicht zu sa¬
1190 3994 2172 4065 gen. Solange sie so meisterhaft gegeben werden, wie
2022 4044 2110 4104 F.
1188 4063 1522 4122 im Burgtheater.
