3392 4352
280 268 1987 362 26.1. Kongedieder-Jorte zuklus
366 815 1398 921 Ausschnifligmeiner Tiroler Anseige.
564 899 1156 1001 3Ck11916 Innsbruck
382 937 566 1021 (vom:
656 1072 1023 1176 Theater.
368 1166 1358 1245 Stadtheater Innsbruck. Heute, Dienstag, „Das
323 1216 1357 1282 Drejmäderlhaus“, Singspiel. — Morgen Wohl¬
323 1260 1321 1343 tätigkeitsvorstellung zu Gunsten der Opfertage.
364 1305 1364 1388 „Komödie der Worte“ Drei Einakter von Artur
329 1355 1357 1415 Schnitzler. — Artur Schnitzler hat sich wieder einmal
327 1409 1363 1464 bewogen gefühlt, etwas von sich hören zu lassen und
317 1454 1358 1517 hat drei Einakter geschrieben, die er mit „Stunde des
319 1489 1361 1539 Erkennens“ — „Große Szene“ — „Bachusfest“ und
330 1523 1362 1569 alle drei zusammen mit „Komödie der Worte“ betitelt.
330 1567 1358 1616 Da er der jüdischen Literaturgesellschaft für gegensei¬
334 1606 1371 1665 tige Lobhudelei angehört, hat sich die gesamte hebräi¬
330 1643 1362 1700 sche Wiener Schmockerei, allen natürlich voran die
336 1684 1366 1736 „Neue Freie Presse“ verpflichtet gefühlt, im Schweiße
325 1727 1374 1774 des Angesichtes für das „geniale" Werk ihres Leib¬
332 1765 1366 1816 dichters die Werbetrommel zu rühren. Und so ist's ge¬
333 1802 1369 1854 kommen, daß die drei Einakter im k. k. Hofburgthea¬
337 1846 1368 1901 ter der Haupt= und Residenzstadt Wien zuerst Ram¬
327 1894 1365 1949 penlicht gesehen und kolossalen Beifall in der gesam¬
337 1923 1371 1976 ten „literarischen“ Welt eingeheimst haben. In der
335 1954 1373 2009 anständigen allerdings nur lauten Widerspruch und
342 2003 1366 2054 lebhaften Protest. Und so hat's auch kommen können,
337 2049 1367 2103 daß unsere Stadtbühne am Beginn ihrer neuen Aera
337 2082 1363 2141 „unter großen materiellen Opfern“ das „humorvolle“
342 2124 1362 2171 Werk erworben und auf die Bretter gebracht hat.
345 2162 1373 2211 Gestern also ist es uns vorgesetzt worden. Wenn ich
345 2198 1384 2248 nun Inhalt und Gehalt der neuesten Schnitzler'schen
339 2243 1380 2295 Leistung andeuten soll, so brauche ich nur kurz und
341 2285 1379 2332 bündig zu sagen: Erster Einakter — vermeintlicher
951 2322 1372 2383 wirklicher Ehebruch
352 2327 960 2384 Ehebruch, zweiter Einakter —
345 2352 1373 2408 unter gemeinsten Umständen, dritter Einakter —
348 2409 1378 2453 versuchter, aber rechtzeitig verhinderter Ehebruch.
345 2436 1379 2493 Etwas eintönig, nicht wahr? Aber es ist so. Wenn
340 2474 1383 2540 wenigstens diese drei Einakter wirkliche Komödien
354 2535 1380 2575 wären, wenn sie uns traurig oder grimmig lächelnd
351 2561 1377 2616 sagen würden: „Seht, so ist diese „elegante“ Welt,
355 2597 1379 2652 so sind ihre Ehen, die ohne gegenseitige Ehrfurcht vor
353 2650 1381 2695 den beiden Geschlechtern geschlossen werden“, dann
350 2687 1376 2736 könnte man vielleicht von einem Daseinszweck spre¬
347 2714 1379 2773 chen. Aber so sind es nur drei Nichtigkeiten, drei küm¬
345 2768 1389 2817 merliche Ausschnitte aus dem kümmerlichen Dasein
348 2805 1382 2852 einer durch und durch kernfaulen Gesellschaftsschicht,
344 2838 1376 2896 vorgetragen mit behaglichem, faunischem Schmunzeln.
356 2890 1373 2935 Vielleicht haben sie aber doch irgendeinen literarischen
354 2895 1390 2976 oder künstlerischen Wert? Nein. Im ersten Einakter
348 2958 1383 3009 versucht es der Verfasser — Dichter kann man in
356 2995 1380 3050 solchem Fall wohl nicht sagen —, den großen Norweger
355 3037 1385 3097 Ibsen nachzuahmen, wie dieser „sich rauspert und wie
1255 3078 1382 3127 nach
359 3078 1264 3127 er spuckt“, der zweite schmeckt ganz bedenklich
362 3111 1379 3174 französischer Küche, nach Sardou oder Dumas oder
363 3169 1385 3213 Seribe, der dritte endlich ist ganz „Schnitzler“, näm¬
361 3183 1387 3255 lich herzlich bedeutungslos. Aber warum wird denn
351 3231 1375 3297 solches Zeüg überhaupt aufgeführt? wird man erstaunt
354 3265 1382 3335 fragen. Na ja — weils vom Schnitzler ist, weils die
353 3308 1396 3395 Judenpresse gan zMitteleuropas u. ihr blinder Anhang
344 3367 1380 3430 eifrig beklatscht hat. Es ist traurig, tieftrautig, daß
339 3419 1369 3467 man solch anrüchige, schmierige Geschichten aus einer
339 3454 1381 3507 bis ins Mark verderbten Gesellschaft erzählt zu einer
335 3499 1375 3550 Zeit, da noch immer die furchtbaren Schrecken des
338 3530 1368 3592 Weltkrieges uns umtosen, da unsere Söhne, unsere
332 3571 1373 3629 Brüder und unsere Väter auf fernen Schlachtfeldern
325 3613 1376 3670 bluten und ihr Leben opfern müssen für Heimat, Volk
340 3659 1372 3713 und tiefeingewurzelte Volksideale. Direktor Curt Se¬
341 3695 1378 3741 der hätte mit Leichtigkeit ein anderes, viel besseres
333 3737 1374 3791 und viel reinlicheres Werk finden können, in welchem
331 3778 1374 3819 er seine prächtige Regiekunst und sein hervorragendes,
326 3819 1377 3869 von hinreißendem Temperament beseeltes Können
332 3857 1378 3907 hätte zeigen können. Und seinen Schauspielern und
332 3897 1370 3953 Schauspielerinnen, die gestern das erstemal vor das
327 3929 1369 3983 Innsbrucker Publikum treten mußten, hätte er bessere
321 3974 1383 4022 Aufgaben zuweisen können, als Paten zu sein bei der
1201 4012 1324 4065 —81.
330 4025 1168 4067 Wiedertause einer dramatischen Totgeburt.
2144 260 2594 343 box 32/5
2044 449 2296 542 Ausschig
2272 477 2909 626 mhchfücker Nachriehten
2038 537 2270 605 vom:
2054 574 2621 668 D B
2669 609 2746 665 1—
2077 721 3121 786 „Komödie der Worte.“ Drei Akte von Arthurs:
2038 754 2570 813 Schitzter Erstaufführung.
2668 769 3077 831 Für den literarisch
2040 795 3072 872 interessierteren Teil unseres Publikums war der ge¬
2051 842 3081 892 strige Theaterabend sehr dankbar und auregend, denn er
2035 878 3104 938 brachte als willkommene Neuheit Schnitzlers jüngstes:
2039 921 3098 977 Bühnenwerk, die „Komödie der Worte“. Der auch bei
2041 954 3084 1033 uns wohlbekannte Autor, einer der hervorragendsten
2034 1013 3077 1064 Vertieter jener typisch wienerischen literarischen Rich¬
2039 1038 3082 1106 tung, die eine Zeit lang auf die gesamte österreichische
2033 1085 3073 1150 und auch auf die reichsdeutsche Bühnenproduktion großen
2032 1118 3077 1191 Einfluß ausübte und in gewissem Sinne auch heute noch,
2034 1159 3079 1223 namentlich bei den ungarischen Literaten, Schule macht,
2031 1200 3063 1263 hat sich seine Eigenart, die jedem seiner Werle die unver¬
2030 1234 3070 1307 kennbare persönliche Note gab, vom Beginn seines
2032 1275 3054 1335 Schaffens bis zum heutigen Tag sozusagen in Reinkultur
2026 1331 3074 1382 gewahrt. Diese Eigenart hat ihre Vorzüge so gut wie
2036 1366 3060 1425 ihre Schwächen immer beibehalten und sie ist beute noch
2025 1398 3059 1448 so verhältnismäßig eng umgrenzt wie ehedem. Seine
2031 1430 3062 1499 Domäne ist das Ehe= und Ehebruchsproblem in ver¬
2033 1480 3063 1532 feinerter, gewissermaßen überkultivierter Form. Es gab
2036 1515 3062 1582 bekanntlich eine Zeit, da solche Fragen „modern“ waren
2038 1553 3059 1616 und die Bühnendichter sich nicht genug tun konnten, dieses
2039 1589 3067 1645 Thema zu variieren und bis zum Ueberdruß, ja bis zur
2031 1633 3069 1694 Peinlichkeit zu behandeln. In dieser Zeit begründete
2030 1675 3060 1736 Schnitzler seinen Ruhm. Woyl weil er zu den wenigen
2037 1710 3067 1757 gehörte, die das heikle Thema mit Delikatesse, Geist und
2027 1763 3059 1807 Geschmack zu diskutieren und durch die feingeschlissene
2035 1791 3048 1851 äußere Form vieles andere gutzumachen wußten. Auch
2022 1833 3059 1893 in seinem neuen Stücke ist er sich treu geblieben. Und
2032 1875 3056 1938 eben weil die „Komödie der Worte“ wieder ein echter
2029 1910 3068 1986 Schnitzler ist, darf sie, trotzdem wir ihrem Thema heute
2026 1949 3054 2001 ablehnender gegenüberstehen, immer auf erfolgreiche
2023 1987 3055 2057 Wirkung rechnen. Freilich danken dies die drei Ein¬
2024 2026 3056 2107 akter mehr noch als sonst den formellen Vorzügen;
2025 2076 3071 2136 eigentliche dramatische Vorgänge gibt es da gar nicht.
2022 2114 3063 2179 Genau genommen sind es nur Szenen mit gesprochener
2025 2155 3053 2212 Handlung — Konversation. Wenige Autoren können
2028 2191 3057 2249 sich derlei erlauben. Schnitzler kann es, denn er hat
2023 2225 3051 2295 nicht umsonst seinen Ruf als Meister des sprachlich und
2029 2269 3049 2327 gedanklich gleich glänzenden, manchmal freilich auch nur
2022 2302 3052 2374 blendenden Dialogs. Uebrigens gibt der Dichter selbst
2022 2340 3047 2398 seinen drei Akten die treffendste Bezeichnung: Komödie
2019 2384 3053 2446 der Worte. Es ist wirklich nichts anderes. Der erste
2018 2422 3048 2488 Einakter „Stunde der Erkenntnis“ bringt die Aus¬
2021 2456 3053 2527 einandersetzung zwischen einem Ehepaar, dessen Tochter
2020 2500 3059 2583 soeben geheiratet hat. Dr. Eckold hat zehn Jahre lang
2022 2547 3052 2617 auf dieses Wiederalleinsein mit seiner Frau gewartet,
2031 2586 3055 2638 um sich scheiden zu lassen. Das Warum dieses Ent¬
2030 2619 3054 2688 schlusses, das sich aus Rede und Gegenrede ergibt, wobei
2017 2663 3043 2727 es an Verwicklungen nicht fehlt, macht die „Handlung“
2020 2698 3063 2764 des Stückes aus. Der 2. Akt „Große Szene“ faßt die
2014 2735 3059 2807 Sache von der anderen Seite an. Die Frau eines be¬
2019 2777 3047 2841 rühmten Schauspielers ist im Begriffe, die Unwahr¬
2014 2822 3051 2884 haftigkeit und Treulosigkeit ihres Gatten als unabänder¬
2013 2859 3059 2920 liche Künstlerschwäche zu verzeihen. Da wird sie
2014 2899 3042 2958 Zeugin eines neuen Beweises für die rettungslose Un¬
2021 2935 3047 3002 verbesserlichkeit ihres Mannes und gibt ihre Hoffnungen
2018 2973 3059 3035 endgültig auf. Im 3. Akte („Das Bacchusfest“) erobert
2021 3015 3057 3089 sich der Schriftsteller Staufner seine junge Frau, die
2014 3055 3055 3121 eben daran ist, ihn um eines andern willen zu verlassen,
2024 3089 3057 3167 in Gegenwart des unbedeutenden Nebenbuhlers zurück.
2019 3131 3058 3196 Auch hier wieder eine richtige Komödie der Worte, deren
2009 3175 3052 3240 Wirkung, wie bei den anderen Akten auf eine tadellose
2018 3207 3053 3278 Darstellung sehr angewiesen ist. Die gestrige Auf¬
2013 3252 3046 3326 führung ließ in dieser Hinsicht kaum etwas zu wünschen
2015 3302 3041 3354 übrig. Jedes Schnitzlerstück ist ein guter Prüfstemn für
2004 3322 3047 3411 die Qualitäten eines Schauspielers. Herr Direktor
2021 3368 3045 3441 Seder, der gestern zum ersten Male auftrat, hat diese
2018 3404 3037 3473 Probe wieder glänzend bestanden. Die drei großen
2013 3448 3048 3513 Rollen gaben ihm Gelegenheit, sein reiches, noch von
2018 3485 3044 3553 seinem früheren Wirken an der hiesigen Bühne her
2006 3523 3046 3601 bestens bekanntes Können nach allen Seiten hin, neuer¬
1999 3556 3052 3634 dings zu bestätigen. Zunächst im 1. Akt als Dr. Eckold,
2010 3603 3044 3670 der seine „Rache“ kalt und in aller Ruhe genießen will;
1999 3640 3054 3715 besonders aber in der „Großen Szene“ als verwöhnter
2004 3682 3040 3752 Schauspieler und liebenswürdig=treuloser Ehemann, der
2009 3728 3040 3792 im Leben ebenso gut Komödie spielt wie auf der Bühne
2002 3757 3054 3831 und noch stolz darauf ist. Direktor Seder stattete diese
2001 3805 3031 3847 Rolle mit allen Mitteln und Mittelchen eines voll¬
1995 3843 3030 3911 blütigen, überschäumenden Künstlertemperamentes sehr
2005 3887 3035 3953 wirkungsvoll aus. Auch im „Bacchusfest“ ging er als
2011 3922 3037 3996 selbstsicherer Schriftsteller und Ehegatte ganz in seiner
2001 3967 3034 4026 Rolle auf; nur dann und wann hing ihm von der vorher
2004 3992 3032 4062 gespielten Rolle vom pathetischen Poseur noch etwas
2009 4045 3023 4100 nach. Jedenfalls aber war Direktor Seder der Löwe des
2003 4079 3031 4143 Abends. Von den übrigen Schauspielern lernten wir im
2010 4122 3028 4184 1. Akt Fräulein Marianne Karina, die sich als Frau
2006 4157 3102 4235 Klara äußerlich allerdings etwas zu jung gab, und Herrn #
2002 4198 3016 4249 Otto Braun (Professor Ornim), als anscheinend rocht
