3344 4352
207 180 484 278 26.1
2073 175 2516 266 box 32/1
489 188 1962 268 Konoedieder NorteZuklus
358 519 564 602 Seite 6
861 531 1170 617 Donnerstag
311 643 1378 715 sprechen durften, und man gewinnt den Eindruck, als
308 685 1376 754 hätte der Schriftsteller absichtlich seine Frau mit einem
309 729 1375 790 jungen Chemiker auf Reisen geschickt, um sie durch das ihr
2062 753 2593 843 (Quellenangabe ohne Gewähr.)
311 767 1389 851 freiwillig gewährte Bacchusfest desto fester an sich zu
304 822 1377 891 binden. Man mag dies frei, kühn und geistreich finden,
1769 805 2594 903 Ausschnitt audte Werter sctuc er
304 846 1382 925 es gab aber Leute, die sich davon nur angewidert fühlten.
304 904 1385 962 In der „Großen Szene“ schwebte Schnitzler offenbar
1778 914 1955 994 vom:
304 955 1374 1021 Josef Kainz vor. Herr Walden hat aber mehr Zeska
2054 934 2357 1012 140K7 1975
298 994 1377 1067 als Kainz gespielt. Im ersten Stück hatte er für den
310 1030 1371 1108 Mann der kalten Rache nicht viel übrig und im letzten
1767 1048 2880 1101 —„  Schaganfauts aufgeseh.
304 1082 1374 1144 fehlte es ihm an geistiger Ueberlegenheit. In den weiblichen
1881 1084 3024 1164 * Der Kritiker der klerikalen „Reichspost“ leistete sich gestern
299 1122 1371 1180 Rollen taten Frau Bleibtreu, Frau Medelsky und
1764 1136 3025 1211 am Schlusse einer Besprechung über die neuen, im Burgtheater
300 1173 1379 1215 Fräulein Wohlgemuth ihr Bestes und in Episoden
1767 1181 3026 1253 aufgeführten Einakter Artur Schni####r##folgende Sätze, die
300 1215 1380 1275 erfreuten Fräulein Kutschera und Herr Tiedtke.
1764 1233 3017 1297 man um ihrer Schwachköpfigteit willen aus dem Dunkel jenes
300 1259 1370 1312 Trotz dem Beifall, der gestern reichlich gespendet wurde,
1758 1284 3024 1351 Feuilletonteiles ans Licht ziehen muß: „... So wenig gepflegte
297 1311 1364 1366 wird von den drei Einaktern sich bestenfalles die „Große
1769 1332 3017 1399 Fingernägel einen seelisch verluderten Menschen rein machen
302 1337 810 1408 Szene" behaupten können.
1766 1379 3025 1439 können, ebensowenig macht (diese) rein äußerliche Kultur einen
390 1387 1365 1448 Residenzbühne. Einen nicht üblen Spaß brachte
1759 1423 3022 1487 Dichter. Wir sind nun einmal so altmodisch gründlich, allen
291 1441 1370 1491 gestern die Residenzbühne: „Generalprobe zu Ein
1757 1478 3015 1534 Dingen auf den Kern zu gehen und uns durch keinen komö¬
294 1482 1371 1547 kostbares Leben“, Lustspiel in drei Akten von
1759 1522 3014 1582 diantischen Schein betören zu lassen. Der Kern fast aller
295 1533 1366 1595 H. Vosberg. Aus dem Titel ist unschwer zu erraten,
284 1561 1365 1621 daß es wieder einmal Theater im Theater gibt. Aber diese
1765 1575 3019 1649 Schnitzlerschen Dichtungen aber ist: Tiefernste Wurm¬
283 1610 1364 1682 Entzauberung des Kulissenzaubers geschieht mit einem
1763 1616 2103 1682 stichigkeit.
2155 1620 3024 1698 Wollen wir wirklich an deutschem
289 1641 1362 1719 sachlichen Witz, der den ältesten Theaterhasen verblüfft.
1760 1663 2122 1728 Wesen genesen,
2174 1659 2740 1740 so werden wir diesen
2827 1673 3016 1735 ngeb¬
291 1701 1365 1773 Ein ausgewachsener Schwank, dessen Lustigkeit für sich
1753 1705 2961 1771 lich deutschen Dichter mundtot mache
281 1739 1364 1812 allein bestehen könnte, wird im Rahmen einer Hauptprobe
1758 1766 3020 1834 müssen. Unseren herrlichen deutschen Frauen, deren Herzblut
290 1792 1361 1845 mit ihren heiteren Zwischenfällen, mit allen Tücken des
1765 1812 3016 1865 in diesem Kriege schmerzlicher, qualvoller ver¬
281 1841 1360 1885 Objektes und den mitunterlaufenden Meinungsverschie¬
1752 1861 3014 1931 rinnt, als das Blut sterbender Helden (1),
286 1875 1362 1942 denheiten zwischen den Darstellern, dem Direktor und dem
1760 1915 3014 1972 unseren großen deutschen Müttern, Frauen, Schwestern, Töchtern,
288 1917 1352 1990 Dichter vorgeführt und der Schwank selber ist so angelegt,
1764 1952 3023 2006 die leidend ihren Tribut opfern auf den Altären des Vaterlandes,
283 1957 1351 2019 daß ein Akt in die Bühnenkanzlei führt und Gelegenheit
1752 2006 3029 2073 ihnen weihen wir diesen feierlichen Schwur: Daß
272 2010 1353 2079 bietet, allerhand Intimes aus der Schule der Dramaturgen¬
1749 2044 3028 2136 wir nicht ruhen wollen, ehe diese Schmach
281 2059 1348 2108 tätigkeit zu schwätzen. Das kostbäre Leben, von dem er handelt,
283 2101 1353 2166 ist ein verschuldeter Sportgraf, der von seinen Gläubigern
1723 2139 3011 2211 die ihnen hier ein Dichter antut, aus¬
278 2152 1345 2205 überwacht und bedrängt wird. Sie nehmen nicht nur seine
273 2185 1352 2239 Sportpreise in Beschlag, sie haben auch einen Lichtbildner
1726 2192 2984 2257 sgelöschtist, getilgt ist aus dem Spiegel der Welt, der dar
274 2234 1353 2300 gemietet, der alles, was der Graf unternimmt, schwarz
1743 2237 2977 2304 heißt: Deutsches Theater. Als eine hohe Lebensauf¬
271 2279 1350 2319 auf Weiß festhält. Versteht sich, daß aus den Lichtbildern
1734 2272 2988 2349 [gabe wollen wir es betrachten, der deutschen
278 2323 1348 2384 ein Rattenkönig von Mißverständnissen und Verlegen¬
1726 2333 2986 2404 [Bühne die Wege zu weisen, die sie zurückführen
270 2363 1347 2427 heiten erwächst, die sich in einem unblutigen Zweikampf
1743 2376 2982 2456 aus Schmutz und Schmach zu den reinen Quellen ihrer Be¬
262 2402 1345 2471 zu aller Wohlgefallen auflösen. Wie sehr Theater und
2098 2433 2146 2475 —
1730 2419 1997 2484 stimmung
2148 2414 2981 2495 Der deutsche Mann, der diesen Schwur ge¬
272 2456 1346 2502 Wirklichkeit, Scherz, Satire und Ironie im wildesten
1730 2469 3084 2555 leistet hat, ist nicht der kleine Moritz, sondern Herr Hans!
272 2493 1340 2560 Kunterbunt durcheinanderpurzeln, bleibt dem Zuschauer
1735 2513 2005 2595 [Brecka.
269 2535 1343 2605 doch alles so durchsichtig, daß er sich lachend, schmunzelnd
2370 2564 2675 2647 nigeen
2767 2573 2836 2655 4
270 2577 1343 2647 und kichernd stets als Herr der Situation fühlt. Und das
265 2618 1344 2681 ist bei einem Schwank, der nicht mehr als theatralischer
259 2660 1349 2735 Unsinn sein will, die sicherste Voraussetzung für einen
262 2702 1339 2766 Erfolg. Der Ulk wird auf der Residenzbühne überaus ultig
2117 2721 2636 2811 eekungune oune-Genkur-
269 2765 1335 2809 gegeben. Herr Fritz Odemar allein schon ist in der drei¬
261 2809 1332 2861 fachen Rolle eines jüdischen Wucherers und des wirklichen
1805 2793 2969 2903 Ausschnitt aus: Salzburger Volksblati
260 2846 1336 2907 und nur gespielten Theaterdirektors sehenswert. Nicht
259 2887 1333 2948 minder Paula Janower, die als Portiersfrau an die
254 2934 1336 2987 besten Leistungen der Else Lehmann erinnerte. Auch die
1812 2935 2264 3009 vom: (40KT·
252 2972 1333 3038 Herren Wurmser, Baron, Strauß, Wreede und
252 3022 1332 3082 Günther sowie Fräulein Lona Schmidt dürfen sich
1880 3020 3061 3118 8 „Komödie der Worte“, drei neue Einakter von Artub
260 3053 1338 3135 berühmen, zur Erheiterung der Zuhörerschaft beigetragen
254 3102 477 3160 zu haben.
1822 3100 3057 3167 Schnitzler sind im Wiener Burgtheater und gleichzeitig an
1824 3140 3059 3205 mehreren reichsdeutschen Bühnen zur Aufführung gelangt. Die
356 3140 1330 3214 60. Geburtstag Nikisch'. Artur Nikisch feierte
1813 3189 3039 3254 Einakter haben im Mittelpunkt die Frau in der Ehe schlaglicht¬
256 3195 1326 3246 gestern seinen 60. Geburtstag und war berechtigterweise
265 3240 1324 3288 Gegenstand großer Sympathiekundgebungen aus nah und
1827 3239 3049 3311 artig und geschickt beleuchtet. Es ist ein wechselndes, bald ernstes,
257 3264 1324 3339 fern. Wir erkennen in ihm den größten lebenden deutschen
1824 3290 3068 3347 bald heiteres Spiel zwischen Mann und Frau in drei äußerlich
261 3311 1324 3374 Dirigenten und müssen bedauernd feststellen, daß er,
1825 3341 3087 3383 wohl getrennten Einaktern, die aber innerlich wie mit geheimenst
251 3355 1323 3399 obzwar ein Oesterreicher, uns doch völlig an Deutschland
1817 3391 3103 3446 Fäden verbunden sind. Die „Stunde des Erkennens“, eine quä¬ K¬
252 3396 1321 3440 verloren gegangen ist. Nikisch wurde als Sohn eines
263 3433 1311 3491 Oberbuchhalters des Freiherrn v. Sina am 12. Oktober
1816 3445 3034 3493 lende Szene zwischen ihm und ihr, obendrein noch häßlich en¬
3028 3423 3099 3509 50
258 3468 1321 3518 1855 im Wieselburger Komitate geboren. Mit sieben
1820 3481 3046 3554 dend, fand nur ein zurückhaltendes Publikum, während die
3049 3498 3116 3551 4
254 3515 1318 3567 Jahren kam er nach Oesterreich. Mit elf Jahren besuchte er
1815 3525 3048 3593 „Große Szene" und das „Bacchusfest“ in welchen Stücken
254 3549 1320 3614 schon das Wiener Konservatorium als musikalisches Wunder¬
1820 3588 3043 3632 Schnitzler meisterlich die Menschen sich gegenseitig belügen und
252 3582 1320 3645 lind und war Schüler von Hellmesberger, Schenner und Des¬
256 3624 1321 3682 sow. Mit 18 Jahren verließ er preisgekrönt die ausgezeichnete
1818 3625 3055 3694 verspotten läßt, sehr gut gefielen. In Wien spielte Walden
244 3667 1313 3718 Lehraustalt und wurde Geiger im Wiener Hofopernorchester.
1817 3681 2921 3757 in allen drei Stücken die Hauptrolle mit starkem Erfolg.
245 3712 1327 3743 1878 lam er als Chordirektor an das Leipziger Stadt¬
1939 3728 2047 3787 —
253 3739 1321 3800 theater und wurde dort in kürzester Zeit erster Kapell¬
255 3783 1316 3837 meister. Sein Ruf war bald ein glänzender. 1889 trat er
247 3823 1313 3858 an die Spitze des berühmten Bostoner Symphonie¬
236 3866 1319 3919 orchesters, 1893 kam er als Direktor an die Ofen=Pester Oper.
250 3893 1320 3942 nach zwei Jahren übernahm er die Leitung der Leipziger
254 3940 1315 3993 Gewandhauskonzerte und zugleich der phil¬
238 3981 1317 4020 harmonischen Konzerte in Berlin und Hamburg. In Wien
238 4021 1306 4068 hat man Nikisch, der große Vorliebe für unsere Stadt hat,
244 4057 1308 4098 nur selten gesehen. Das letzte Mal gelegentlich der Musik¬
253 4092 1307 4137 festwoche im Juni 1912, wo er mit der dritten „Leonoren“¬
249 4136 1304 4169 Ouvertüre, der vierten Symphonie von Brahms und
