3344 4320
2027 129 2225 181 ——
2073 186 2532 279 box 32/7
202 190 1921 280 26.1. Konoedie der Worte Zyklus
321 697 478 774 ch
97 749 497 834 Reich der Schlu¬
1756 792 2961 873 billerung über die stündigen Angriffe und Beleidigungen der
103 818 499 899 rt- und Import¬
1754 863 2972 919 Nationalsozialisten gegen die Jungdeutschen zum Ausdruck. Der
124 860 490 937 und, über be¬
599 839 1623 948 Franzen-Koalition geht zu Bruch?
1748 882 2968 972 Komtur für Braunschweig, Westermeyer, erklärte, dass seine Ver¬
110 903 488 985 ern; dazu kamen
1765 927 2968 1002 einigung bei Fortsezung der Angriffe gezwungen.sei, an ihren
613 947 1641 1052 (Telegramm unseres Korrespondenten.)
112 962 495 1040 n Plantagen- und
1755 974 2976 1052 Abgeordneten im Landtag Forderungen zu stellen, die er nach
1757 1031 2815 1094 seinem eigenen Gewissen in die Tat umzusetzen habe.
1091 1012 1687 1102 L BRAUNSCHWEIG, 13. Juni.
128 1044 505 1125 scheint, in den
1807 1033 2970 1131 Das bedeutet also die Ansage einer Koalitionskündigung, falls
581 1081 1728 1161 In einer Braunschweiger Versammlung der Jungdeutschen,
112 1111 505 1182 bersicht über den
1758 1113 2979 1191 nicht Schraders Erwartung, der Minister Franzen möge von den
520 1128 1736 1205 deren Abgeordneter Schrader das Zünglein an der Waage der
1756 1154 2694 1235 Angriffen der Presse abrücken, in Erfüllung geht.
135 1160 497 1228 Die Vielgestal¬
522 1176 1725 1258 Franzen-Regierung bildet, kam grosse Unzufriedenheit und Er¬
129 1197 491 1284 Risiken“, gab in
1464 1240 1557 1309 1
1765 1274 2957 1357 hat in seiner Abwesenheit ein Liebesverhältnis mit einen an¬
524 1306 1736 1372 Geistigkeit dieses Arztes für menschliche Leidenschaft, und der
1763 1329 2974 1393 deren Mann gehabt; die Liebenden wollen dem Gatten alles ge¬
530 1364 1073 1431 Zweifler gibt sich gefangen.
1758 1365 2969 1446 stehen, aber es kommt nicht dazu, denn der Mann hat nach der
580 1374 1730 1464 Neugierig darf man aber darauf sein, wie die Pariser Kritik
1757 1408 2976 1484 Ankunft auch ohne Geständnis alles erralen. Deshalb erzählt
123 1368 477 1491 in Paris.
535 1448 1728 1507 diese drei Einakter beurteilen wird, aus deren jedem der fran¬
1763 1455 2979 1519 er die Geschichte des „Bacchusfestes“, das den illegilim ver¬
533 1487 1736 1555 zösische „Meister“- Henry Bernstein ein Drama in fünf Akten
1756 1495 2978 1574 liebten Galtinnen eine Nacht der Freiheit freiliess. Seine Ueber¬
126 1502 335 1578 Worte“,
534 1522 1742 1594 oder, nach neuem Schema, in zehn Bildern gemacht haben würde.
1759 1537 2978 1612 legenheit wird dadurch erleichtert, dass er seibst kein reines
539 1566 1747 1631 Wer dem für Franzosen schwer versländlichen Dialog in allen
121 1560 480 1659 (Nachdruck verboten.)
1768 1592 2980 1661 Gewissen hat. Der Zug pfeift, der Geliebte reist fort (inen kann
545 1605 1747 1686 Feinheiten folgen konnte, der musste zu der Entdeckung ge¬
1765 1635 2976 1696 auch reisst aus sagen), die Ehegatten bleiben zusammen. Wirk¬
531 1654 1745 1738 langen, dass Schnitzler mit dem französischen Theater geislig
1769 1658 2979 1742 lich? Unabähderlich? Wird es aus sein? Wird es weitergehen?
527 1705 1746 1764 nahe verbunden ist. Auch Schnitzler redet viel über die Liebe
106 1710 509 1785 apferen Schweizerin
1769 1709 2988 1784 Die Bühne und die Zukunft werden dunkel. Aber aus der
535 1745 1733 1814 und alles Drum und Dran der Liebe, alle seine Gestalten setzen
110 1767 509 1824 hen Mitarbeiter im
1772 1775 2346 1838 Dunkelheit tönte der Beifall.
530 1794 1734 1856 ihre Gefühle analytisch auseinander, und was den alten Glanz
1812 1795 2983 1864 In dieser spitzfindigen Szenenfolge hatten drei bereits zus den
126 1811 514 1871 Oesterreich, Schau¬
541 1827 1738 1899 des französischen Schauspiels aus der grossen Periode ausmächt,
1774 1841 2979 1917 Aufführung von Bruckners „Krankheit der Jugend“ bekannte
104 1859 507 1923 ie Spielordnerin aus
542 1870 1732 1950 das pointierte Wort, der auf geistige Wirkung ausgearbeitete
95 1900 519 1962 tsch alles zusammen,
1773 1895 2991 1963 Schauspieler, Eugen Jensen, Emil Ritter und Alfons Steinfeld, die
544 1917 1738 1992 Satz, die innere Problemalik einer ganz äusserlichen Gesell¬
109 1939 513 1995 #ches Kollektiv. Poli¬
1772 1935 2993 2006 Gelegenheit, sich in drei verschiedenen Rollen zu zeigen. Eugen
543 1967 1746 2035 schaft, das glitzert und blendet auch bei dem Arthur Schnitzler
96 1984 509 2057 Etionen deutscher Art
1776 1974 2994 2044 Jensen trat vor das Publikum als Professor, als Künstler und als
536 2001 1752 2092 der vorletzten Periode. Es-ist aber doch ein echteres Leuchten
110 2029 521 2091 es, weniger lärmen¬
1774 2020 2998 2089 Bahnhofsportier, immer sehr sicher, diskret in Melancholie und
549 2058 1090 2119 und ein schöneres Funkeln.
133 2066 521 2134 Es war also wieder
1775 2064 2995 2138 Humor, ein reifer Künstler. Emil Ritter halte die undankbare
595 2070 1751 2171 Der erste Einakter „Stunde der Erkenntnis“ zeigt (soll man
109 2112 514 2178 pieler und die Spiel¬
1770 2118 2998 2179 Aufgabe, ein Ekel von Ehemann glaubhaft zu machen und er
545 2133 1742 2207 für das junge Deutschland „bekanntlich“ sagen?) das Ehepaar,
1779 2138 2990 2224 durfte sich dann mit der amüsanten Charge des Theaterdirektors
110 2145 527 2221 hr Schnitzler; obwohl
546 2190 1747 2251 das auseinander geht, nachdem es sich auseinander gelebt hat.
1782 2207 3000 2265 entschädigen und schliesslich seine Entsagung durch die Ueber¬
113 2196 521 2267 schon anders heissen
542 2217 1754 2293 Zehn Jahre lang glaubte der Mann sich betrogen, von dem glück¬
107 2241 519 2310 ern „Tragödie allzu:
1763 2237 2982 2298 nahme einer Kellner-Rolle beweisen. Sehr grosser Beifall, nach
552 2266 1746 2337 lichen Freund, der ihn auf allen Feldern des Lebens geschlagen
71 2292 521 2348 n und wo diese drei
1782 2297 2996 2348 Verdienst. Alfons Steinfeld, zweimal ein Licbhaber zwischen
540 2305 1750 2384 hat. Zehn Jahre lang liebte di. Frau diesen Freund, ohne ihm
1771 2322 2990 2383 Glück und Malheur, sah modern aus und sprach Such modern,
117 2331 522 2395 Biud. Es muss im
545 2350 1751 2415 anzugehören. Sie. schenkte sich einem anderen, aus Barmherzig¬
92 2375 527 2432 Ed wir hatten damals
1777 2383 2989 2432 ohne Pathos, mit der Ruhe des Gentleman. Ein neuer Mann a 3
547 2388 1756 2471 keit, um einem Unglücklichen etwas Glück zu geben, aber sie
109 2411 520 2480 jener Zeit der Erfolg
1774 2411 2991 2482 Wien, Jaro Fürth,hatte als Schriftsteller Staufner im „Bacchus¬
553 2420 1757 2514 blieb sonst dem Gatten treu, weil sie meinte, ihm unentbehrlich
114 2462 527 2526 uch ganz gleichgiltig;
1774 2473 2055 2533 fest“ Erfolg.
548 2480 1762 2557 zu sein. Nach der Aussprache mit dem scheidenden Freund bricht
111 2507 522 2584 in Jahren an, sondern
1838 2482 2995 2566 Unter den Frauen trat auch diesmal Alice Lach hervor, eine
553 2524 1762 2606 dieses schwankende Gerüst einer Ehe zusammen. Der Mann
1759 2541 2997 2599 I kluge, jeder Wirkung sichere Künstlerin, Emmi Wendt hatte Bei¬
564 2570 1748 2641 weist die Frau brutal von sich, weil er ihrer nicht mehr bedarf.
105 2571 522 2658 aren respektvoll für
1773 2582 2994 2668 fall als Vilma Flamm in der „Grossen Szene“, Käte Förder gefiel
547 2608 1755 2680 Die Frau geht, von Enttäuschungen zerschlagen, im Herzen den
99 2637 523 2693 ei mehr an den jün¬
1778 2639 2494 2699 als die junge Frau im „Bacchusfest“
554 2648 1747 2729 Kummer, nicht schon früher gegangen zu sein. Ein Wort könnte
1835 2663 2994 2740 Die Entschlossenheit des Versuchs und-der Opfermut der Dar¬
119 2672 533 2737 weisen Schnitzler der
551 2718 1760 2770 alles klären, aber das Wort käme zu spät, weil es nichts mehr
115 2727 531 2787 dass alles im Leben
1781 2716 2990 2788 steller, die ohne die Lockung grosser Einnahmen spielen, ver¬
560 2756 962 2830 zu klären gibt. Aus.
114 2767 536 2834 Tass, die Treue, die
1776 2762 3003 2832 dienen hohes Lob. Mag auch im einzelnen einiges einzuwenden
602 2767 1746 2851 Im zweiten Stück spielt der geniale Schauspieler die „Grosse
109 2806 531 2875 is trägt, mit Schmerz,
1778 2823 3000 2878 sein, jede Kritik wird erschlagen durch den Gedanken, dass eine
562 2825 1763 2902 Szene“. Er kann nicht anders, als Komödie spielen, mit allen
92 2853 536 2915 n. Na ja, das ist alles
1778 2848 2992 2913 solche Anzahl wertvoller Schauspieler an den Bühnen in Deutsch¬
557 2868 1763 2943 Frauen, also auch mit der eigenen. Sie geht weg, sie kommt
98 2895 527 2961 en könnte, würd ich
1779 2893 2992 2960 land keine Beschäftigung finden. Respekt vor der „Deutschen
557 2923 1758 2981 wieder, sie will aufs neue fort, weil der letzte Betrug schon eine
109 2940 527 3007 it, und das Leben ist
1765 2940 3009 3010 Bühne“ in Paris, die neben ihrem künstlerischen Zweck auch einen
562 2957 1754 3029 starke Nuance gewissenloser Gemeinheit zeigt — und sie bleibt
110 2983 534 3041 hat zwei Generationen
1785 2987 2505 3052 sozialen Aufgabe zu dienen versucht!
555 3002 1753 3068 doch wieder, als der Mann im Kostüm des Hamlet ver ihr auf die
106 3029 541 3088 bares und Erfrischen¬
558 3040 1762 3112 Knie fällt. Auch diese Frau ist dem Manne unentbehrlich, auch
1835 3034 3002 3128 X Gedenkausstellung Ernst Pickardt. Einige Wochen nach
118 3074 539 3134 ie wir keine vereidig¬
557 3102 1762 3162 sie opfert sich als Heldin, aber ihr Opfer wird angenommen.
1788 3102 2996 3167 dem allzufrühen Hinscheiden des Malers Ernst Pickardt stellt die
111 3114 534 3180 allem Zweifel steht.
556 3134 1519 3213 Diesmal ist es nicht aus, es geht weiter. Wie lange?
1795 3162 3000 3216 Witwe des Künstlers eine Kollektion seiner Werke bei Casper,
105 3155 540 3248 drei Einakter zu ver¬
611 3166 1761 3240 Nummer Drei heisst „das Bacchusfest“, nicht weil es auf der
1779 3189 2992 3255 Lützowufer, aus. Es ist gut, dass sie es tut. Denn diese fünf¬
125 3199 543 3268 weniger komplizierte
570 3214 1763 3296 Bühne bacchantisch zugeht, sondern weil der Dichter im Stück
1782 3230 3002 3300 undzwanzig Oelstücke aus den Jahren 1915—31 und die Serie der
112 3247 543 3315 lten Psychologie der
572 3260 1756 3338 ein Werk geschrieben hat, welches „Das Bacchusfest“ betitelt
1787 3281 3008 3341 Pasteile und Zeichnungen geben ein höchst beachtenswertes Bild
122 3290 546 3356 würde alles nur halb
562 3306 1759 3373 ist. Diese bequeme Manier, einen wirksamen Titel zu finden,
1790 3326 2998 3386 von dem Schaffen des Malers, von dem Max J. Frledländer, der
104 3331 539 3399 Mann einmal über den
562 3343 1757 3420 wäre Schnitzlers nicht würdig, wenn sie nicht durch das Erlebnis
1777 3367 3010 3451 Direktor der staatlichen Gemäldegalerie, sagt, dass er niemals
111 3382 541 3440 hinweg sprängen: die
112 3371 1776 3507 lenschengüte und die 1 eine liefere Bedeutung gewänne. Die Frau des Sebriftstellers !
2332 3589 2409 3697 0
1335 3507 1491 3721 M0
