<?xml version="1.0" encoding="UTF-8" standalone="yes"?>
<PcGts xmlns="http://schema.primaresearch.org/PAGE/gts/pagecontent/2013-07-15" xmlns:xsi="http://www.w3.org/2001/XMLSchema-instance" xsi:schemaLocation="http://schema.primaresearch.org/PAGE/gts/pagecontent/2013-07-15 http://schema.primaresearch.org/PAGE/gts/pagecontent/2013-07-15/pagecontent.xsd">
    <Metadata>
        <Creator>prov=University of Rostock/Institute of Mathematics/CITlab/Gundram Leifert/gundram.leifert@uni-rostock.de:name=ONB_Newseye_GT_M1+(htr_id=10810)::::v=2.4.2
prov=University of Rostock/Institute of Mathematics/CITlab/Tobias Gruening/tobias.gruening@uni-rostock.de:name=de.uros.citlab.module.baseline2polygon.B2PSeamMultiOriented:v=2.4.2
prov=University of Rostock/Institute of Mathematics/CITlab/Tobias Gruening/tobias.gruening@uni-rostock.de:name=/mnt/transkribus/LA/DEA/URO/LA_news_onb_att.pb:de.uros.citlab.segmentation.CITlab_LA_ML:v=2.4.2
Transkribus</Creator>
        <Created>2019-10-07T11:08:54.178+02:00</Created>
        <LastChange>2019-10-07T19:09:47.047+02:00</LastChange>
        <TranskribusMetadata docId="223960" pageId="9493833" pageNr="9" tsid="16414662" status="IN_PROGRESS" userId="40391" imgUrl="https://files.transkribus.eu/Get?id=GIBWRLNHCWNRCQZDNEAEMKVR&amp;fileType=view" xmlUrl="https://files.transkribus.eu/Get?id=ZSYOTUSTGKGGAFVWQCHUTJUY" imageId="6184060"/>
    </Metadata>
    <Page imageFilename="223960_0009.jpeg" imageWidth="3344" imageHeight="4256">
        <ReadingOrder>
            <OrderedGroup id="ro_1711443050907" caption="Regions reading order">
                <RegionRefIndexed index="0" regionRef="r1"/>
                <RegionRefIndexed index="1" regionRef="r2"/>
            </OrderedGroup>
        </ReadingOrder>
        <TextRegion orientation="0.0" id="r1" custom="readingOrder {index:0;}">
            <Coords points="264,186 264,3850 1964,3850 1964,186"/>
            <TextLine id="r1l1" custom="readingOrder {index:0;}">
                <Coords points="254,242 1784,274 1974,249 1975,196 255,167"/>
                <Baseline points="264,209 349,215 434,219 519,223 604,226 689,229 774,231 859,232 944,234 1029,234 1114,235 1199,235 1284,236 1369,236 1454,236 1539,237 1624,237 1709,238 1794,239 1879,241 1964,243"/>
                <TextEquiv>
                    <Unicode>26.1. Kongedie der Norte—zyklus</Unicode>
                </TextEquiv>
            </TextLine>
            <TextLine id="r1l2" custom="readingOrder {index:1;}">
                <Coords points="687,473 773,493 832,472 918,488 957,469 1068,465 1149,480 1223,458 1222,426 1167,432 1147,416 1069,436 686,426"/>
                <Baseline points="697,473 722,472 748,471 774,470 800,469 826,467 851,466 877,465 903,463 929,462 955,461 980,460 1006,459 1032,458 1058,457 1084,457 1109,456 1135,456 1161,456 1187,457 1213,457"/>
                <TextEquiv>
                    <Unicode>(ouellenangass onne Gewahr.)</Unicode>
                </TextEquiv>
            </TextLine>
            <TextLine id="r1l3" custom="readingOrder {index:2;}">
                <Coords points="408,578 466,598 570,572 623,588 672,576 723,588 759,570 799,572 798,497 689,491 592,534 569,517 517,516 473,534 407,533"/>
                <Baseline points="418,572 444,570 470,569 497,567 523,566 550,565 576,564 603,564 629,564 655,564 682,563 708,563 735,563 761,563 788,562"/>
                <TextEquiv>
                    <Unicode>Ausschnitt aus:</Unicode>
                </TextEquiv>
            </TextLine>
            <TextLine id="r1l4" custom="readingOrder {index:3;}">
                <Coords points="717,647 743,648 755,637 776,657 817,657 853,630 902,656 928,648 944,655 962,640 1019,641 1020,599 996,601 963,579 895,578 852,556 718,583"/>
                <Baseline points="728,622 753,623 778,624 804,624 829,625 855,625 880,625 906,626 931,626 957,626 982,627 1008,627"/>
                <TextEquiv>
                    <Unicode>130KT 1375</Unicode>
                </TextEquiv>
            </TextLine>
            <TextLine id="r1l5" custom="readingOrder {index:4;}">
                <Coords points="399,682 465,683 486,687 498,700 522,694 532,699 550,682 577,676 578,629 533,641 484,632 478,638 438,642 429,633 399,631"/>
                <Baseline points="410,671 436,673 462,674 488,673 514,673 540,674 566,675"/>
                <TextEquiv>
                    <Unicode>vom:</Unicode>
                </TextEquiv>
            </TextLine>
            <TextLine id="r1l6" custom="readingOrder {index:5;}">
                <Coords points="376,753 1544,750 1543,708 1363,694 376,693"/>
                <Baseline points="387,746 444,749 501,751 559,753 616,754 673,755 731,755 788,755 845,755 903,754 960,753 1017,753 1075,752 1132,751 1189,750 1247,749 1304,748 1361,747 1419,746 1476,746 1534,746"/>
                <TextEquiv>
                    <Unicode>Artur Schnitzlers „Komödie der Worte“ eine neue</Unicode>
                </TextEquiv>
            </TextLine>
            <TextLine id="r1l7" custom="readingOrder {index:6;}">
                <Coords points="335,815 1541,778 1419,740 971,776 335,758"/>
                <Baseline points="345,794 404,795 463,796 522,796 582,797 641,797 700,798 759,798 819,798 878,798 937,798 996,798 1056,797 1115,796 1174,796 1233,795 1293,794 1352,793 1411,791 1470,790 1530,788"/>
                <TextEquiv>
                    <Unicode>Reihe von Einaktern, hat gestern gleichzeitig mit Darmstadt die</Unicode>
                </TextEquiv>
            </TextLine>
            <TextLine id="r1l8" custom="readingOrder {index:7;}">
                <Coords points="338,831 981,858 1555,825 1554,783 338,805"/>
                <Baseline points="348,838 407,839 467,841 527,842 587,842 647,843 707,843 766,843 826,843 886,843 946,843 1006,842 1066,841 1126,840 1185,839 1245,838 1305,836 1365,835 1425,833 1485,831 1545,829"/>
                <TextEquiv>
                    <Unicode>Wiener Uraufführung gehabt. Von Anton Bettel¬</Unicode>
                </TextEquiv>
            </TextLine>
            <TextLine id="r1l9" custom="readingOrder {index:8;}">
                <Coords points="335,890 1552,877 1468,833 335,858"/>
                <Baseline points="347,891 406,890 466,889 526,889 586,888 645,888 705,888 765,888 825,888 884,888 944,888 1004,888 1064,887 1123,887 1183,886 1243,885 1303,884 1362,882 1422,880 1482,878 1542,875"/>
                <TextEquiv>
                    <Unicode>heim wird uns dazu gedrahtet: „Kranke Ehen“ zeigt Schnitz¬</Unicode>
                </TextEquiv>
            </TextLine>
            <TextLine id="r1l10" custom="readingOrder {index:9;}">
                <Coords points="330,995 1410,977 1511,926 329,959"/>
                <Baseline points="342,1002 400,999 458,997 516,994 574,992 632,990 690,988 748,986 806,984 864,982 922,980 980,978 1038,976 1096,975 1154,972 1212,971 1270,969 1328,967 1386,964 1444,962 1502,960"/>
                <TextEquiv>
                    <Unicode>ler in jedem Einakter. In der „Stunde des Erkennens“</Unicode>
                </TextEquiv>
            </TextLine>
            <TextLine id="r1l11" custom="readingOrder {index:10;}">
                <Coords points="322,1053 1495,1019 1513,967 320,994"/>
                <Baseline points="332,1045 390,1043 449,1040 507,1037 566,1035 625,1032 683,1030 742,1028 800,1027 859,1025 918,1023 976,1021 1035,1020 1093,1018 1152,1016 1211,1014 1269,1012 1328,1010 1386,1009 1445,1007 1504,1004"/>
                <TextEquiv>
                    <Unicode>treibt ein grausamer Arzt nach der Verheiratung seiner Tochter</Unicode>
                </TextEquiv>
            </TextLine>
            <TextLine id="r1l12" custom="readingOrder {index:11;}">
                <Coords points="333,1101 1525,1054 1498,1016 1400,1011 332,1056"/>
                <Baseline points="343,1089 401,1087 460,1084 518,1082 577,1080 636,1077 694,1076 753,1073 811,1071 870,1069 929,1067 987,1065 1046,1064 1104,1061 1163,1060 1222,1058 1280,1055 1339,1053 1397,1050 1456,1048 1515,1045"/>
                <TextEquiv>
                    <Unicode>seine Gattin wegen ihres verjährten Treubruches aus seinem</Unicode>
                </TextEquiv>
            </TextLine>
            <TextLine id="r1l13" custom="readingOrder {index:12;}">
                <Coords points="339,1140 1531,1093 1529,1057 1465,1049 337,1102"/>
                <Baseline points="350,1133 408,1130 467,1127 525,1124 584,1121 642,1119 701,1117 759,1115 818,1112 876,1110 935,1108 993,1106 1052,1104 1110,1102 1169,1100 1227,1098 1286,1096 1344,1094 1403,1091 1461,1089 1520,1087"/>
                <TextEquiv>
                    <Unicode>Haus. Im „Bachusfest“ versucht ein Literat seine Frau, die</Unicode>
                </TextEquiv>
            </TextLine>
            <TextLine id="r1l14" custom="readingOrder {index:13;}">
                <Coords points="340,1179 1522,1148 1529,1107 338,1141"/>
                <Baseline points="350,1172 408,1171 466,1170 525,1168 583,1166 642,1164 700,1162 758,1160 817,1157 875,1155 934,1153 992,1150 1050,1148 1109,1146 1167,1144 1226,1141 1284,1139 1342,1137 1401,1135 1459,1133 1518,1131"/>
                <TextEquiv>
                    <Unicode>Seitensprung mit Seitensprung heimzahlt, durch wunderliche</Unicode>
                </TextEquiv>
            </TextLine>
            <TextLine id="r1l15" custom="readingOrder {index:14;}">
                <Coords points="327,1220 1456,1194 1529,1145 326,1182"/>
                <Baseline points="338,1220 397,1216 456,1213 515,1211 574,1208 633,1206 692,1203 751,1201 810,1199 869,1197 928,1195 987,1193 1046,1191 1105,1189 1164,1187 1223,1185 1282,1184 1341,1181 1400,1179 1459,1177 1518,1175"/>
                <TextEquiv>
                    <Unicode>Theorien der Saturnalien=Freiheit umzustimmen. In dem weit¬</Unicode>
                </TextEquiv>
            </TextLine>
            <TextLine id="r1l16" custom="readingOrder {index:15;}">
                <Coords points="335,1277 1415,1241 1521,1181 333,1232"/>
                <Baseline points="346,1264 404,1260 462,1257 520,1254 579,1251 637,1249 695,1246 754,1244 812,1242 870,1240 929,1238 987,1237 1045,1235 1103,1233 1162,1231 1220,1229 1278,1227 1337,1224 1395,1221 1453,1219 1512,1216"/>
                <TextEquiv>
                    <Unicode>aus wirksamsten witzigen Schauspielerstück „Große Szene“</Unicode>
                </TextEquiv>
            </TextLine>
            <TextLine id="r1l17" custom="readingOrder {index:16;}">
                <Coords points="341,1307 1536,1270 1517,1217 340,1273"/>
                <Baseline points="351,1305 409,1302 468,1300 526,1297 585,1294 644,1292 702,1290 761,1287 820,1285 878,1283 937,1281 996,1278 1054,1277 1113,1275 1172,1273 1230,1271 1289,1270 1348,1268 1406,1267 1465,1266 1524,1265"/>
                <TextEquiv>
                    <Unicode>parodierte Schnitzler die Komödiennatur eines Wandervirtuosen.</Unicode>
                </TextEquiv>
            </TextLine>
            <TextLine id="r1l18" custom="readingOrder {index:17;}">
                <Coords points="341,1350 1528,1329 1525,1263 340,1303"/>
                <Baseline points="352,1347 410,1345 468,1344 526,1342 585,1339 643,1337 701,1335 759,1333 818,1330 876,1328 934,1325 992,1323 1051,1321 1109,1319 1167,1317 1225,1315 1284,1314 1342,1312 1400,1311 1458,1310 1517,1309"/>
                <TextEquiv>
                    <Unicode>Die Darstellung des Burgtheaters war mustergültig; zumal Harry</Unicode>
                </TextEquiv>
            </TextLine>
            <TextLine id="r1l19" custom="readingOrder {index:18;}">
                <Coords points="343,1391 1164,1379 1162,1334 1032,1322 341,1351"/>
                <Baseline points="353,1388 393,1387 433,1386 473,1385 513,1383 553,1381 593,1379 633,1378 673,1376 713,1374 753,1372 793,1371 833,1369 873,1368 913,1366 953,1364 993,1363 1033,1362 1073,1362 1113,1361 1153,1361"/>
                <TextEquiv>
                    <Unicode>Walden triumphierte in drei Hauptrollen.</Unicode>
                </TextEquiv>
            </TextLine>
            <TextLine id="r1l20" custom="readingOrder {index:19;}">
                <Coords points="691,1975 818,1990 957,1961 1033,1990 1091,1961 1173,1984 1212,1969 1212,1924 1186,1918 1154,1933 1125,1916 1008,1929 969,1912 691,1920"/>
                <Baseline points="701,1958 726,1957 751,1957 776,1956 801,1956 826,1956 851,1956 876,1956 901,1956 926,1956 951,1956 976,1956 1001,1956 1026,1956 1051,1956 1076,1956 1101,1956 1126,1957 1151,1957 1176,1957 1201,1957"/>
                <TextEquiv>
                    <Unicode>(Quellenangabe ohne-Gewähr.)</Unicode>
                </TextEquiv>
            </TextLine>
            <TextLine id="r1l21" custom="readingOrder {index:20;}">
                <Coords points="1285,2009 1298,2011 1310,2002 1353,2016 1379,2013 1392,2023 1413,2012 1436,2020 1458,2019 1468,2010 1492,2016 1489,1938 1464,1928 1445,1937 1434,1931 1422,1944 1376,1926 1353,1933 1336,1927 1315,1943 1283,1935"/>
                <Baseline points="1296,1995 1322,1996 1348,1997 1374,1996 1401,1995 1427,1994 1453,1992 1480,1991"/>
                <TextEquiv>
                    <Unicode>S </Unicode>
                </TextEquiv>
            </TextLine>
            <TextLine id="r1l22" custom="readingOrder {index:21;}">
                <Coords points="395,2037 439,2057 493,2049 527,2062 667,2048 703,2070 741,2051 760,2066 805,2048 806,2018 702,2002 667,2010 612,1984 572,2005 551,1992 521,2004 462,1980 395,2022"/>
                <Baseline points="405,2044 431,2043 457,2043 483,2042 509,2043 535,2043 561,2043 587,2044 613,2044 639,2045 665,2046 691,2046 717,2046 743,2046 769,2046 795,2045"/>
                <TextEquiv>
                    <Unicode>Ausschnitt aus:</Unicode>
                </TextEquiv>
            </TextLine>
            <TextLine id="r1l23" custom="readingOrder {index:22;}">
                <Coords points="397,2152 437,2159 455,2153 469,2160 482,2154 520,2163 527,2157 542,2164 559,2156 565,2163 580,2163 581,2136 564,2137 532,2106 523,2112 478,2107 469,2116 449,2102 400,2101"/>
                <Baseline points="408,2147 435,2146 462,2146 489,2147 516,2149 543,2151 570,2155"/>
                <TextEquiv>
                    <Unicode>vom:</Unicode>
                </TextEquiv>
            </TextLine>
            <TextLine id="r1l24" custom="readingOrder {index:23;}">
                <Coords points="667,2150 697,2149 722,2166 803,2157 831,2165 844,2152 933,2164 950,2151 971,2153 971,2102 928,2094 862,2110 841,2097 807,2106 751,2083 666,2084"/>
                <Baseline points="677,2152 702,2153 728,2153 754,2153 779,2152 805,2151 831,2150 857,2150 882,2150 908,2150 934,2151 960,2153"/>
                <TextEquiv>
                    <Unicode>130KT 1275</Unicode>
                </TextEquiv>
            </TextLine>
            <TextLine id="r1l25" custom="readingOrder {index:24;}">
                <Coords points="1020,2236 1042,2233 1071,2249 1108,2237 1167,2250 1180,2238 1203,2250 1242,2238 1316,2241 1318,2188 1262,2199 1226,2195 1208,2177 1195,2183 1184,2174 1065,2187 1023,2166"/>
                <Baseline points="1032,2210 1059,2213 1086,2214 1113,2216 1141,2217 1168,2218 1195,2218 1223,2219 1250,2220 1277,2221 1305,2222"/>
                <TextEquiv>
                    <Unicode>gsres</Unicode>
                </TextEquiv>
            </TextLine>
            <TextLine id="r1l26" custom="readingOrder {index:25;}">
                <Coords points="508,2303 1465,2317 1466,2270 1392,2253 510,2240"/>
                <Baseline points="520,2287 566,2289 613,2291 660,2293 707,2295 753,2296 800,2298 847,2298 894,2300 940,2301 987,2301 1034,2302 1081,2303 1127,2304 1174,2305 1221,2306 1268,2307 1314,2309 1361,2310 1408,2312 1455,2314"/>
                <TextEquiv>
                    <Unicode>Schnitzlers „Komödie der Worte“.</Unicode>
                </TextEquiv>
            </TextLine>
            <TextLine id="r1l27" custom="readingOrder {index:26;}">
                <Coords points="413,2347 1516,2387 1609,2376 1611,2312 926,2329 414,2294"/>
                <Baseline points="424,2345 482,2347 541,2349 600,2351 659,2352 717,2354 776,2355 835,2357 894,2358 952,2359 1011,2360 1070,2361 1129,2362 1187,2364 1246,2365 1305,2366 1364,2368 1422,2369 1481,2370 1540,2372 1599,2374"/>
                <TextEquiv>
                    <Unicode>Ueber die Uraufführung von Arthur Schnitzlers neuem</Unicode>
                </TextEquiv>
            </TextLine>
            <TextLine id="r1l28" custom="readingOrder {index:27;}">
                <Coords points="373,2379 1550,2426 1604,2376 373,2347"/>
                <Baseline points="382,2387 442,2389 503,2391 563,2393 624,2394 684,2395 745,2397 805,2398 866,2399 926,2400 987,2401 1048,2402 1108,2404 1169,2405 1229,2406 1290,2407 1350,2408 1411,2409 1471,2411 1532,2412 1593,2414"/>
                <TextEquiv>
                    <Unicode>Einakterzyklus „Komödie der Worte“ am Wen Burg¬</Unicode>
                </TextEquiv>
            </TextLine>
            <TextLine id="r1l29" custom="readingOrder {index:28;}">
                <Coords points="374,2443 1618,2447 1599,2404 375,2382"/>
                <Baseline points="385,2428 446,2431 507,2433 568,2435 629,2436 690,2438 751,2439 812,2441 873,2442 934,2443 996,2444 1057,2445 1118,2445 1179,2446 1240,2447 1301,2447 1362,2448 1423,2449 1484,2449 1545,2450 1607,2451"/>
                <TextEquiv>
                    <Unicode>theater (auch am Darmstädter Hoftheater ist die Ko¬</Unicode>
                </TextEquiv>
            </TextLine>
            <TextLine id="r1l30" custom="readingOrder {index:29;}">
                <Coords points="371,2483 1440,2511 1570,2499 1618,2453 372,2440"/>
                <Baseline points="381,2472 442,2472 503,2473 564,2474 626,2476 687,2477 748,2478 810,2480 871,2481 932,2483 994,2485 1055,2486 1116,2488 1177,2489 1239,2490 1300,2491 1361,2492 1423,2492 1484,2493 1545,2493 1607,2492"/>
                <TextEquiv>
                    <Unicode>mödie mit Beifall in Szene gegangen) telegraphiert uns unser Kor¬</Unicode>
                </TextEquiv>
            </TextLine>
            <TextLine id="r1l31" custom="readingOrder {index:30;}">
                <Coords points="373,2521 1574,2550 1611,2503 374,2479"/>
                <Baseline points="383,2515 443,2515 504,2516 565,2517 626,2518 687,2519 748,2521 808,2522 869,2523 930,2525 991,2526 1052,2527 1113,2529 1174,2530 1234,2531 1295,2533 1356,2534 1417,2535 1478,2535 1539,2536 1600,2536"/>
                <TextEquiv>
                    <Unicode>respondent: Drei kleine meisterhafte Theaterstücke, die freilich</Unicode>
                </TextEquiv>
            </TextLine>
            <TextLine id="r1l32" custom="readingOrder {index:31;}">
                <Coords points="378,2558 858,2580 912,2557 982,2582 1097,2566 1097,2541 1027,2531 379,2521"/>
                <Baseline points="388,2555 424,2556 461,2558 498,2559 535,2560 571,2561 608,2562 645,2562 682,2563 719,2563 755,2563 792,2564 829,2564 866,2564 903,2565 939,2565 976,2566 1013,2566 1050,2567 1087,2568"/>
                <TextEquiv>
                    <Unicode>alle das Problem der ehelichen</Unicode>
                </TextEquiv>
            </TextLine>
            <TextLine id="r1l33" custom="readingOrder {index:32;}">
                <Coords points="1091,2572 1206,2585 1249,2558 1323,2588 1334,2579 1344,2590 1376,2579 1416,2594 1455,2586 1455,2548 1419,2537 1166,2545 1091,2536"/>
                <Baseline points="1102,2570 1128,2572 1154,2573 1180,2574 1207,2574 1233,2574 1259,2573 1286,2573 1312,2572 1338,2572 1365,2572 1391,2573 1417,2574 1444,2576"/>
                <TextEquiv>
                    <Unicode>Treue erörtern.</Unicode>
                </TextEquiv>
            </TextLine>
            <TextLine id="r1l34" custom="readingOrder {index:33;}">
                <Coords points="1476,2580 1489,2581 1498,2575 1514,2587 1531,2585 1550,2591 1557,2585 1567,2588 1584,2584 1597,2592 1607,2592 1610,2552 1599,2551 1591,2544 1582,2548 1557,2547 1534,2541 1508,2541 1497,2551 1478,2548"/>
                <Baseline points="1488,2573 1515,2574 1542,2576 1569,2577 1597,2580"/>
                <TextEquiv>
                    <Unicode>Eine</Unicode>
                </TextEquiv>
            </TextLine>
            <TextLine id="r1l35" custom="readingOrder {index:34;}">
                <Coords points="367,2595 1611,2625 1592,2589 1463,2578 368,2555"/>
                <Baseline points="377,2599 438,2599 499,2599 560,2600 621,2600 682,2601 743,2603 805,2604 866,2606 927,2608 988,2609 1049,2611 1110,2612 1171,2614 1233,2615 1294,2616 1355,2617 1416,2617 1477,2617 1538,2617 1600,2616"/>
                <TextEquiv>
                    <Unicode>bürgerliche Ehe, die vor vielen Jahren einmal gebrochen</Unicode>
                </TextEquiv>
            </TextLine>
            <TextLine id="r1l36" custom="readingOrder {index:35;}">
                <Coords points="362,2645 1606,2668 1590,2625 363,2611"/>
                <Baseline points="373,2640 434,2640 495,2640 556,2641 617,2642 678,2643 739,2644 801,2646 862,2648 923,2650 984,2651 1045,2654 1106,2655 1167,2657 1229,2659 1290,2659 1351,2660 1412,2661 1473,2661 1534,2660 1596,2659"/>
                <TextEquiv>
                    <Unicode>wurde und die nun etwas verspätet gleichsam mit einem</Unicode>
                </TextEquiv>
            </TextLine>
            <TextLine id="r1l37" custom="readingOrder {index:36;}">
                <Coords points="371,2675 1604,2707 1590,2669 1340,2655 372,2643"/>
                <Baseline points="381,2681 441,2681 502,2682 562,2683 623,2684 684,2686 744,2687 805,2689 866,2690 926,2692 987,2693 1048,2695 1108,2696 1169,2698 1230,2699 1290,2701 1351,2702 1412,2703 1472,2704 1533,2704 1594,2705"/>
                <TextEquiv>
                    <Unicode>plötzlichen Knall auseinanderfällt, bringt das erste Stück „Stunde</Unicode>
                </TextEquiv>
            </TextLine>
            <TextLine id="r1l38" custom="readingOrder {index:37;}">
                <Coords points="369,2728 1535,2761 1610,2745 1611,2709 369,2683"/>
                <Baseline points="380,2721 441,2723 502,2724 563,2725 624,2726 685,2728 746,2729 807,2731 868,2732 929,2734 990,2735 1051,2736 1112,2737 1173,2739 1234,2740 1295,2741 1356,2742 1417,2743 1478,2744 1539,2745 1600,2746"/>
                <TextEquiv>
                    <Unicode>der Erkenntnis“. Zwei Künstlerehen, die gleichfalls gebrochen</Unicode>
                </TextEquiv>
            </TextLine>
            <TextLine id="r1l39" custom="readingOrder {index:38;}">
                <Coords points="371,2772 1613,2794 1592,2751 372,2734"/>
                <Baseline points="381,2764 442,2765 503,2765 564,2767 625,2768 686,2769 747,2771 808,2772 869,2773 930,2775 991,2776 1052,2777 1113,2779 1174,2780 1235,2781 1296,2782 1357,2783 1418,2784 1479,2785 1540,2785 1602,2785"/>
                <TextEquiv>
                    <Unicode>werden, die sich aber trotzdem als haltbar erweisen, sehen wir in den </Unicode>
                </TextEquiv>
            </TextLine>
            <TextLine id="r1l40" custom="readingOrder {index:39;}">
                <Coords points="367,2814 1598,2815 368,2771"/>
                <Baseline points="378,2803 438,2805 499,2807 559,2809 620,2811 680,2812 741,2813 801,2815 862,2816 922,2817 983,2818 1043,2818 1104,2820 1164,2820 1225,2821 1285,2822 1346,2823 1406,2824 1467,2825 1527,2827 1588,2828"/>
                <TextEquiv>
                    <Unicode>anderen Stücken: „Die große Szene" und „Das Bachusfest“.</Unicode>
                </TextEquiv>
            </TextLine>
            <TextLine id="r1l41" custom="readingOrder {index:40;}">
                <Coords points="417,2844 1536,2882 1603,2875 1604,2830 417,2818"/>
                <Baseline points="428,2844 486,2847 544,2848 602,2851 660,2853 718,2855 776,2856 835,2858 893,2859 951,2860 1009,2862 1067,2863 1125,2864 1183,2865 1242,2866 1300,2866 1358,2867 1416,2868 1474,2868 1532,2869 1591,2870"/>
                <TextEquiv>
                    <Unicode>Was allen drei Stücken ihren großen Wert verleiht, das ist die</Unicode>
                </TextEquiv>
            </TextLine>
            <TextLine id="r1l42" custom="readingOrder {index:41;}">
                <Coords points="372,2892 1598,2936 1599,2887 1546,2874 373,2839"/>
                <Baseline points="383,2884 443,2887 503,2889 563,2891 623,2893 684,2895 744,2897 804,2898 864,2900 924,2901 985,2903 1045,2904 1105,2905 1165,2906 1225,2907 1286,2908 1346,2909 1406,2910 1466,2910 1526,2911 1587,2912"/>
                <TextEquiv>
                    <Unicode>außerordentliche Kraft der Menschenzeichnung; sie war kaum jemals</Unicode>
                </TextEquiv>
            </TextLine>
            <TextLine id="r1l43" custom="readingOrder {index:42;}">
                <Coords points="371,2936 1598,2951 1530,2915 372,2892"/>
                <Baseline points="382,2927 442,2930 502,2931 562,2933 623,2935 683,2937 743,2938 803,2939 864,2941 924,2942 984,2943 1044,2944 1105,2945 1165,2946 1225,2947 1285,2948 1346,2949 1406,2950 1466,2952 1526,2953 1587,2954"/>
                <TextEquiv>
                    <Unicode>in anderen Werken Schnitzlers lebensvoller. Hervorzuheben sind</Unicode>
                </TextEquiv>
            </TextLine>
            <TextLine id="r1l44" custom="readingOrder {index:43;}">
                <Coords points="361,2986 1441,3016 1507,2985 1611,3021 1612,2951 362,2924"/>
                <Baseline points="371,2972 432,2973 493,2975 555,2977 616,2978 678,2980 739,2981 801,2982 862,2984 924,2985 985,2986 1046,2987 1108,2988 1169,2989 1231,2989 1292,2990 1354,2991 1415,2992 1477,2993 1538,2994 1600,2994"/>
                <TextEquiv>
                    <Unicode>auch die Anmut des Dialoges, die hohe geistige Kultur und die</Unicode>
                </TextEquiv>
            </TextLine>
            <TextLine id="r1l45" custom="readingOrder {index:44;}">
                <Coords points="357,3032 1032,3020 1252,3044 1284,3041 1286,2979 358,2993"/>
                <Baseline points="368,3013 413,3014 458,3015 503,3016 549,3016 594,3017 639,3018 685,3020 730,3021 775,3022 821,3023 866,3024 911,3025 956,3026 1002,3027 1047,3028 1092,3029 1138,3029 1183,3030 1228,3030 1274,3030"/>
                <TextEquiv>
                    <Unicode>reine, gütige Menschlichkeit, die ihn durchleuchten.</Unicode>
                </TextEquiv>
            </TextLine>
            <TextLine id="r1l46" custom="readingOrder {index:45;}">
                <Coords points="409,3060 1598,3076 1497,3027 410,3020"/>
                <Baseline points="420,3055 478,3056 536,3057 594,3059 653,3060 711,3061 769,3063 828,3064 886,3065 944,3067 1003,3068 1061,3070 1119,3071 1177,3072 1236,3073 1294,3074 1352,3075 1411,3076 1469,3076 1527,3077 1586,3077"/>
                <TextEquiv>
                    <Unicode>Im ersten Stück halten drei Menschen, die eigentlich unauflösbar</Unicode>
                </TextEquiv>
            </TextLine>
            <TextLine id="r1l47" custom="readingOrder {index:46;}">
                <Coords points="368,3105 1597,3134 1598,3076 369,3058"/>
                <Baseline points="378,3098 438,3098 498,3099 559,3099 619,3100 680,3101 740,3103 801,3104 861,3106 922,3108 982,3110 1042,3111 1103,3113 1163,3115 1224,3116 1284,3117 1345,3118 1405,3119 1466,3119 1526,3119 1587,3119"/>
                <TextEquiv>
                    <Unicode>zusammengehören, die aber doch längst einander fern und fremd ge¬</Unicode>
                </TextEquiv>
            </TextLine>
            <TextLine id="r1l48" custom="readingOrder {index:47;}">
                <Coords points="367,3153 1598,3184 1599,3133 1556,3125 368,3104"/>
                <Baseline points="377,3141 437,3141 498,3141 558,3142 619,3143 679,3144 740,3145 800,3147 861,3148 921,3150 982,3151 1042,3153 1103,3155 1163,3156 1224,3158 1284,3159 1345,3160 1405,3161 1466,3161 1526,3162 1587,3162"/>
                <TextEquiv>
                    <Unicode>worden sind, eine Abrechnung, die erschütternd wirkt, weil sie im</Unicode>
                </TextEquiv>
            </TextLine>
            <TextLine id="r1l49" custom="readingOrder {index:48;}">
                <Coords points="363,3178 1589,3217 1590,3175 363,3156"/>
                <Baseline points="373,3181 433,3181 493,3182 553,3183 614,3184 674,3185 734,3186 795,3188 855,3190 915,3191 976,3193 1036,3194 1096,3196 1156,3198 1217,3199 1277,3201 1337,3202 1398,3204 1458,3205 1518,3205 1579,3206"/>
                <TextEquiv>
                    <Unicode>engsten Nahmen drei Lebensschicksale bis zum tiefsten Grund aufrollt.</Unicode>
                </TextEquiv>
            </TextLine>
            <TextLine id="r1l50" custom="readingOrder {index:49;}">
                <Coords points="358,3219 1363,3262 1563,3258 1598,3218 359,3191"/>
                <Baseline points="369,3223 429,3224 490,3224 551,3225 612,3226 673,3227 734,3229 795,3229 856,3231 917,3232 978,3234 1038,3235 1099,3237 1160,3239 1221,3240 1282,3241 1343,3243 1404,3244 1465,3245 1526,3246 1587,3247"/>
                <TextEquiv>
                    <Unicode>Der Höhepunkt des Abends, wie der drei Stücke, ist aber im zweiten¬</Unicode>
                </TextEquiv>
            </TextLine>
            <TextLine id="r1l51" custom="readingOrder {index:50;}">
                <Coords points="365,3262 1540,3300 1593,3295 1594,3244 365,3226"/>
                <Baseline points="375,3267 435,3267 495,3268 556,3268 616,3269 677,3270 737,3271 797,3272 858,3273 918,3274 979,3276 1039,3277 1099,3278 1160,3279 1220,3281 1281,3282 1341,3283 1401,3284 1462,3285 1522,3285 1583,3286"/>
                <TextEquiv>
                    <Unicode>Einakter, der die Ehe eines großen Schauspielers schildert. Der große</Unicode>
                </TextEquiv>
            </TextLine>
            <TextLine id="r1l52" custom="readingOrder {index:51;}">
                <Coords points="361,3309 1596,3329 1569,3290 361,3264"/>
                <Baseline points="372,3306 432,3307 493,3308 553,3310 614,3311 675,3313 735,3314 796,3316 857,3317 917,3319 978,3320 1039,3321 1099,3322 1160,3323 1221,3324 1281,3325 1342,3325 1403,3325 1463,3325 1524,3325 1585,3325"/>
                <TextEquiv>
                    <Unicode>Schauspieler überzeugt einen jungen Mann, dessen Braut er verführt</Unicode>
                </TextEquiv>
            </TextLine>
            <TextLine id="r1l53" custom="readingOrder {index:52;}">
                <Coords points="362,3347 1595,3386 1549,3332 363,3315"/>
                <Baseline points="373,3349 433,3351 494,3353 554,3354 615,3355 675,3356 736,3357 796,3358 857,3359 917,3360 978,3361 1039,3362 1099,3363 1160,3364 1220,3365 1281,3366 1341,3367 1402,3368 1462,3370 1523,3371 1584,3373"/>
                <TextEquiv>
                    <Unicode>hat, mit kunstvoller Lüge von der Unschuld des schuldigen Mädchens.</Unicode>
                </TextEquiv>
            </TextLine>
            <TextLine id="r1l54" custom="readingOrder {index:53;}">
                <Coords points="357,3394 1437,3427 1591,3389 358,3347"/>
                <Baseline points="368,3391 428,3392 489,3394 549,3395 610,3396 671,3397 731,3398 792,3399 852,3400 913,3401 974,3402 1034,3403 1095,3403 1155,3404 1216,3405 1277,3407 1337,3408 1398,3409 1458,3410 1519,3412 1580,3413"/>
                <TextEquiv>
                    <Unicode>Er entzündet sich im Verlauf seiner Rede an seiner eigenen Plauderei,</Unicode>
                </TextEquiv>
            </TextLine>
            <TextLine id="r1l55" custom="readingOrder {index:54;}">
                <Coords points="352,3422 1383,3466 1559,3465 1594,3422 352,3392"/>
                <Baseline points="362,3433 423,3434 484,3435 545,3437 606,3438 667,3439 728,3440 789,3441 850,3442 911,3444 972,3444 1033,3445 1094,3446 1155,3447 1216,3447 1277,3448 1338,3448 1399,3449 1460,3449 1521,3449 1582,3449"/>
                <TextEquiv>
                    <Unicode>er bewundert sein eigenes Spiel und ist davon so hingerissen, daß er</Unicode>
                </TextEquiv>
            </TextLine>
            <TextLine id="r1l56" custom="readingOrder {index:55;}">
                <Coords points="357,3491 1586,3492 1523,3452 358,3434"/>
                <Baseline points="368,3473 428,3475 488,3477 549,3478 609,3480 669,3481 730,3482 790,3483 850,3484 911,3485 971,3486 1031,3487 1092,3488 1152,3488 1212,3489 1273,3490 1333,3491 1393,3491 1454,3492 1514,3493 1575,3495"/>
                <TextEquiv>
                    <Unicode>stellenweise selbst all die Lügen glaubt, die er sagt. Seine Frau, die</Unicode>
                </TextEquiv>
            </TextLine>
            <TextLine id="r1l57" custom="readingOrder {index:56;}">
                <Coords points="349,3528 1540,3550 1592,3502 350,3477"/>
                <Baseline points="360,3513 421,3516 482,3519 543,3521 604,3523 665,3524 726,3525 787,3526 848,3527 909,3527 970,3528 1031,3528 1092,3528 1153,3528 1214,3528 1275,3529 1336,3529 1397,3530 1458,3531 1519,3532 1580,3533"/>
                <TextEquiv>
                    <Unicode>ihm den Betrug fast schon verziehen hat, ist von hellem Entsetzen erfaßt,</Unicode>
                </TextEquiv>
            </TextLine>
            <TextLine id="r1l58" custom="readingOrder {index:57;}">
                <Coords points="346,3568 1596,3595 1597,3529 347,3532"/>
                <Baseline points="356,3556 417,3559 478,3561 540,3563 601,3565 663,3566 724,3567 786,3568 847,3569 909,3570 970,3570 1031,3570 1093,3571 1154,3571 1216,3571 1277,3571 1339,3572 1400,3572 1462,3573 1523,3573 1585,3574"/>
                <TextEquiv>
                    <Unicode>da sie ihn mit solcher Bravour lügen hört. Ihr bürgerliches Wesen</Unicode>
                </TextEquiv>
            </TextLine>
            <TextLine id="r1l59" custom="readingOrder {index:58;}">
                <Coords points="355,3623 1525,3622 1525,3588 1468,3577 356,3563"/>
                <Baseline points="366,3601 423,3603 480,3605 538,3606 595,3607 652,3608 710,3609 767,3610 824,3611 882,3611 939,3611 996,3612 1054,3612 1111,3612 1168,3612 1226,3613 1283,3613 1340,3614 1398,3615 1455,3615 1513,3617"/>
                <TextEquiv>
                    <Unicode>erschauert nun, da sie tief in die Quellen der Künstlernatur schaut.</Unicode>
                </TextEquiv>
            </TextLine>
            <TextLine id="r1l60" custom="readingOrder {index:59;}">
                <Coords points="407,3645 1587,3664 1570,3617 407,3616"/>
                <Baseline points="418,3642 475,3644 533,3646 591,3647 649,3648 707,3649 765,3650 822,3650 880,3650 938,3651 996,3651 1054,3651 1112,3652 1170,3652 1227,3653 1285,3653 1343,3655 1401,3656 1459,3657 1517,3659 1575,3662"/>
                <TextEquiv>
                    <Unicode>In der Darstellung schien die alte Burgtheatertradition des künst¬</Unicode>
                </TextEquiv>
            </TextLine>
            <TextLine id="r1l61" custom="readingOrder {index:60;}">
                <Coords points="349,3687 1587,3709 1564,3659 350,3648"/>
                <Baseline points="360,3677 420,3681 481,3684 542,3686 603,3688 664,3690 724,3691 785,3692 846,3692 907,3693 968,3693 1028,3694 1089,3694 1150,3694 1211,3695 1272,3696 1332,3697 1393,3698 1454,3700 1515,3702 1576,3705"/>
                <TextEquiv>
                    <Unicode>lerischen Gesprächstones wieder aufgeblüht. Harry Walden. der</Unicode>
                </TextEquiv>
            </TextLine>
            <TextLine id="r1l62" custom="readingOrder {index:61;}">
                <Coords points="347,3724 1595,3752 1577,3701 348,3686"/>
                <Baseline points="358,3721 419,3724 480,3727 541,3729 603,3732 664,3733 725,3734 787,3735 848,3736 909,3737 971,3737 1032,3737 1093,3737 1154,3738 1216,3738 1277,3739 1338,3739 1400,3740 1461,3741 1522,3743 1584,3745"/>
                <TextEquiv>
                    <Unicode>die drei Hauptrollen gab, überraschte durch seine Wandlungsfä#leit,</Unicode>
                </TextEquiv>
            </TextLine>
            <TextLine id="r1l63" custom="readingOrder {index:62;}">
                <Coords points="341,3771 1589,3800 1590,3749 342,3731"/>
                <Baseline points="352,3769 413,3772 474,3774 535,3776 597,3777 658,3778 719,3779 781,3779 842,3779 903,3779 965,3779 1026,3779 1087,3779 1148,3779 1210,3779 1271,3780 1332,3781 1394,3782 1455,3784 1516,3786 1578,3789"/>
                <TextEquiv>
                    <Unicode>der Erfolg war, besonders nach dem zweiten Stück, ein stürmischer.</Unicode>
                </TextEquiv>
            </TextLine>
            <TextLine id="r1l64" custom="readingOrder {index:63;}">
                <Coords points="1217,3838 1272,3848 1304,3836 1344,3848 1364,3838 1414,3848 1442,3840 1534,3847 1534,3817 1511,3821 1486,3803 1464,3807 1433,3793 1352,3801 1333,3790 1248,3797 1218,3787"/>
                <Baseline points="1228,3830 1254,3831 1281,3832 1308,3832 1335,3833 1362,3834 1389,3834 1416,3835 1443,3836 1470,3837 1497,3837 1524,3839"/>
                <TextEquiv>
                    <Unicode>Felix Salten.</Unicode>
                </TextEquiv>
            </TextLine>
            <TextEquiv>
                <Unicode>26.1. Kongedie der Norte—zyklus
(ouellenangass onne Gewahr.)
Ausschnitt aus:
130KT 1375
vom:
Artur Schnitzlers „Komödie der Worte“ eine neue
Reihe von Einaktern, hat gestern gleichzeitig mit Darmstadt die
Wiener Uraufführung gehabt. Von Anton Bettel¬
heim wird uns dazu gedrahtet: „Kranke Ehen“ zeigt Schnitz¬
ler in jedem Einakter. In der „Stunde des Erkennens“
treibt ein grausamer Arzt nach der Verheiratung seiner Tochter
seine Gattin wegen ihres verjährten Treubruches aus seinem
Haus. Im „Bachusfest“ versucht ein Literat seine Frau, die
Seitensprung mit Seitensprung heimzahlt, durch wunderliche
Theorien der Saturnalien=Freiheit umzustimmen. In dem weit¬
aus wirksamsten witzigen Schauspielerstück „Große Szene“
parodierte Schnitzler die Komödiennatur eines Wandervirtuosen.
Die Darstellung des Burgtheaters war mustergültig; zumal Harry
Walden triumphierte in drei Hauptrollen.
(Quellenangabe ohne-Gewähr.)
S 
Ausschnitt aus:
vom:
130KT 1275
gsres
Schnitzlers „Komödie der Worte“.
Ueber die Uraufführung von Arthur Schnitzlers neuem
Einakterzyklus „Komödie der Worte“ am Wen Burg¬
theater (auch am Darmstädter Hoftheater ist die Ko¬
mödie mit Beifall in Szene gegangen) telegraphiert uns unser Kor¬
respondent: Drei kleine meisterhafte Theaterstücke, die freilich
alle das Problem der ehelichen
Treue erörtern.
Eine
bürgerliche Ehe, die vor vielen Jahren einmal gebrochen
wurde und die nun etwas verspätet gleichsam mit einem
plötzlichen Knall auseinanderfällt, bringt das erste Stück „Stunde
der Erkenntnis“. Zwei Künstlerehen, die gleichfalls gebrochen
werden, die sich aber trotzdem als haltbar erweisen, sehen wir in den 
anderen Stücken: „Die große Szene" und „Das Bachusfest“.
Was allen drei Stücken ihren großen Wert verleiht, das ist die
außerordentliche Kraft der Menschenzeichnung; sie war kaum jemals
in anderen Werken Schnitzlers lebensvoller. Hervorzuheben sind
auch die Anmut des Dialoges, die hohe geistige Kultur und die
reine, gütige Menschlichkeit, die ihn durchleuchten.
Im ersten Stück halten drei Menschen, die eigentlich unauflösbar
zusammengehören, die aber doch längst einander fern und fremd ge¬
worden sind, eine Abrechnung, die erschütternd wirkt, weil sie im
engsten Nahmen drei Lebensschicksale bis zum tiefsten Grund aufrollt.
Der Höhepunkt des Abends, wie der drei Stücke, ist aber im zweiten¬
Einakter, der die Ehe eines großen Schauspielers schildert. Der große
Schauspieler überzeugt einen jungen Mann, dessen Braut er verführt
hat, mit kunstvoller Lüge von der Unschuld des schuldigen Mädchens.
Er entzündet sich im Verlauf seiner Rede an seiner eigenen Plauderei,
er bewundert sein eigenes Spiel und ist davon so hingerissen, daß er
stellenweise selbst all die Lügen glaubt, die er sagt. Seine Frau, die
ihm den Betrug fast schon verziehen hat, ist von hellem Entsetzen erfaßt,
da sie ihn mit solcher Bravour lügen hört. Ihr bürgerliches Wesen
erschauert nun, da sie tief in die Quellen der Künstlernatur schaut.
In der Darstellung schien die alte Burgtheatertradition des künst¬
lerischen Gesprächstones wieder aufgeblüht. Harry Walden. der
die drei Hauptrollen gab, überraschte durch seine Wandlungsfä#leit,
der Erfolg war, besonders nach dem zweiten Stück, ein stürmischer.
Felix Salten.</Unicode>
            </TextEquiv>
        </TextRegion>
        <TextRegion orientation="0.0" id="r2" custom="readingOrder {index:1;}">
            <Coords points="2059,197 2059,4167 3266,4167 3266,197"/>
            <TextLine id="r2l1" custom="readingOrder {index:0;}">
                <Coords points="2134,243 2262,253 2319,226 2345,243 2419,242 2459,257 2494,236 2557,241 2558,171 2350,165 2322,183 2218,176 2197,188 2167,160 2135,154"/>
                <Baseline points="2146,221 2171,220 2196,220 2221,221 2246,221 2271,222 2296,222 2321,223 2347,223 2372,223 2397,224 2422,224 2447,224 2472,224 2497,224 2522,224 2548,223"/>
                <TextEquiv>
                    <Unicode>box 32/1</Unicode>
                </TextEquiv>
            </TextLine>
            <TextLine id="r2l2" custom="readingOrder {index:1;}">
                <Coords points="2338,489 2394,508 2453,508 2534,479 2613,492 2755,477 2810,492 2810,445 2745,428 2668,428 2638,449 2534,426 2506,443 2421,425 2338,444"/>
                <Baseline points="2348,476 2373,474 2398,473 2423,473 2448,472 2473,472 2498,472 2523,472 2548,472 2573,472 2598,472 2623,472 2648,473 2673,473 2698,473 2723,474 2748,474 2773,474 2799,473"/>
                <TextEquiv>
                    <Unicode>(Suellenangabe Stle Se.E.</Unicode>
                </TextEquiv>
            </TextLine>
            <TextLine id="r2l3" custom="readingOrder {index:2;}">
                <Coords points="2473,548 2668,556 2728,530 2754,549 2945,543 2994,563 3039,534 3040,489 2887,471 2814,489 2753,479 2716,500 2642,481 2610,500 2536,479 2474,495"/>
                <Baseline points="2484,534 2511,534 2538,533 2565,533 2592,533 2620,533 2647,533 2674,532 2701,532 2728,532 2756,532 2783,533 2810,533 2837,533 2864,535 2892,537 2919,538 2946,540 2973,542 3000,546 3028,549"/>
                <TextEquiv>
                    <Unicode>Neues 8 Uhr Blatt,</Unicode>
                </TextEquiv>
            </TextLine>
            <TextLine id="r2l4" custom="readingOrder {index:3;}">
                <Coords points="2049,579 2157,593 2176,578 2204,592 2240,575 2468,577 2467,545 2399,518 2340,532 2295,511 2222,514 2189,533 2148,527 2048,547"/>
                <Baseline points="2059,568 2085,568 2111,568 2138,568 2164,567 2191,567 2217,566 2244,565 2270,565 2297,564 2323,564 2350,564 2376,564 2403,565 2429,566 2456,568"/>
                <TextEquiv>
                    <Unicode>Lusschnitt aus:</Unicode>
                </TextEquiv>
            </TextLine>
            <TextLine id="r2l5" custom="readingOrder {index:4;}">
                <Coords points="2248,630 2425,672 2487,672 2513,669 2520,608 2457,611 2433,585 2398,592 2351,571 2315,588 2276,573 2254,575"/>
                <Baseline points="2258,631 2285,632 2312,635 2340,638 2367,642 2394,646 2422,649 2449,653 2476,654 2504,655"/>
                <TextEquiv>
                    <Unicode>150K1 1915</Unicode>
                </TextEquiv>
            </TextLine>
            <TextLine id="r2l6" custom="readingOrder {index:5;}">
                <Coords points="2054,669 2069,669 2077,678 2094,680 2202,676 2204,618 2180,624 2167,616 2150,632 2131,617 2101,625 2055,615"/>
                <Baseline points="2065,668 2090,670 2115,670 2141,671 2166,671 2192,671"/>
                <TextEquiv>
                    <Unicode>vom:</Unicode>
                </TextEquiv>
            </TextLine>
            <TextLine id="r2l7" custom="readingOrder {index:6;}">
                <Coords points="2431,836 2603,854 2665,830 2690,852 2873,833 2873,775 2839,756 2731,758 2669,735 2573,764 2537,745 2527,756 2431,753"/>
                <Baseline points="2441,826 2467,828 2493,828 2520,829 2546,830 2572,831 2599,831 2625,832 2652,832 2678,832 2704,831 2731,831 2757,831 2783,830 2810,829 2836,828 2863,827"/>
                <TextEquiv>
                    <Unicode>Burgtheater.</Unicode>
                </TextEquiv>
            </TextLine>
            <TextLine id="r2l8" custom="readingOrder {index:7;}">
                <Coords points="2203,894 2305,920 3228,907 3242,828 2560,868 2203,848"/>
                <Baseline points="2213,890 2266,892 2320,895 2373,897 2427,899 2481,900 2534,901 2588,902 2642,902 2695,902 2749,901 2802,901 2856,900 2910,899 2963,898 3017,896 3071,895 3124,893 3178,892 3232,890"/>
                <TextEquiv>
                    <Unicode>Artur Schnitzler hat unter dem verbindender</Unicode>
                </TextEquiv>
            </TextLine>
            <TextLine id="r2l9" custom="readingOrder {index:8;}">
                <Coords points="2078,942 2801,941 2856,969 3226,942 3226,908 3130,897 2290,915 2156,872 2078,906"/>
                <Baseline points="2088,940 2144,940 2200,940 2257,941 2313,942 2369,943 2426,944 2482,945 2538,946 2595,946 2651,947 2707,947 2764,947 2820,947 2876,947 2933,946 2989,945 3045,944 3102,942 3158,940 3215,937"/>
                <TextEquiv>
                    <Unicode>Titt „Komödié der Worte“ Ahi Einakter zur Auf¬</Unicode>
                </TextEquiv>
            </TextLine>
            <TextLine id="r2l10" custom="readingOrder {index:9;}">
                <Coords points="2077,1010 3177,1003 3228,991 3228,940 2077,959"/>
                <Baseline points="2089,992 2145,992 2201,992 2258,992 2314,993 2371,993 2427,993 2484,994 2540,994 2597,994 2653,994 2709,994 2766,994 2822,994 2879,994 2935,994 2992,993 3048,993 3105,992 3161,991 3218,990"/>
                <TextEquiv>
                    <Unicode>fühlung bringen lassen. Komödie der Worte? Ist das nicht</Unicode>
                </TextEquiv>
            </TextLine>
            <TextLine id="r2l11" custom="readingOrder {index:10;}">
                <Coords points="2083,1032 3222,1052 3222,997 3107,988 2083,1002"/>
                <Baseline points="2094,1034 2149,1037 2205,1039 2261,1040 2317,1042 2373,1043 2429,1044 2485,1044 2541,1045 2597,1045 2653,1044 2708,1044 2764,1044 2820,1043 2876,1043 2932,1042 2988,1041 3044,1041 3100,1040 3156,1040 3212,1039"/>
                <TextEquiv>
                    <Unicode>einfTitel, der an sich gegen die Werke spricht? Mit Worten</Unicode>
                </TextEquiv>
            </TextLine>
            <TextLine id="r2l12" custom="readingOrder {index:11;}">
                <Coords points="2078,1089 3229,1105 3229,1052 3063,1039 2078,1061"/>
                <Baseline points="2089,1083 2145,1085 2202,1086 2258,1087 2315,1089 2371,1090 2428,1091 2484,1091 2541,1092 2597,1092 2654,1093 2710,1093 2767,1092 2823,1092 2880,1091 2936,1091 2993,1090 3049,1088 3106,1087 3162,1086 3219,1083"/>
                <TextEquiv>
                    <Unicode>läßt sich bekanntlich wacker streiten, läßt sich ein System</Unicode>
                </TextEquiv>
            </TextLine>
            <TextLine id="r2l13" custom="readingOrder {index:12;}">
                <Coords points="2078,1128 2379,1161 3168,1151 3222,1102 2078,1087"/>
                <Baseline points="2089,1132 2145,1133 2201,1134 2257,1135 2313,1136 2369,1137 2425,1137 2481,1138 2537,1139 2593,1140 2650,1140 2706,1141 2762,1141 2818,1141 2874,1141 2930,1141 2986,1140 3042,1139 3098,1139 3154,1138 3211,1136"/>
                <TextEquiv>
                    <Unicode>bereiten, die zünftige Kritik, erlaubt aber nicht, daß das</Unicode>
                </TextEquiv>
            </TextLine>
            <TextLine id="r2l14" custom="readingOrder {index:13;}">
                <Coords points="2090,1194 3206,1203 3234,1139 2090,1141"/>
                <Baseline points="2100,1178 2156,1181 2212,1183 2268,1184 2324,1186 2381,1186 2437,1187 2493,1188 2549,1188 2605,1188 2662,1188 2718,1188 2774,1187 2830,1187 2886,1187 2943,1187 2999,1186 3055,1186 3111,1187 3167,1187 3224,1187"/>
                <TextEquiv>
                    <Unicode>Theater allein nur aus Worten bestehe. Selbstverständlich</Unicode>
                </TextEquiv>
            </TextLine>
            <TextLine id="r2l15" custom="readingOrder {index:14;}">
                <Coords points="2081,1250 3110,1258 3221,1238 3221,1195 2081,1197"/>
                <Baseline points="2092,1229 2147,1230 2203,1231 2259,1233 2315,1234 2371,1235 2427,1235 2482,1236 2538,1236 2594,1236 2650,1237 2706,1237 2762,1237 2818,1237 2873,1236 2929,1236 2985,1236 3041,1236 3097,1235 3153,1235 3209,1234"/>
                <TextEquiv>
                    <Unicode>ist der Sinn des Titels im Schnitzlerschen Sinne, in seiner</Unicode>
                </TextEquiv>
            </TextLine>
            <TextLine id="r2l16" custom="readingOrder {index:15;}">
                <Coords points="2076,1282 3220,1291 3219,1244 3058,1238 2076,1250"/>
                <Baseline points="2087,1284 2143,1284 2199,1284 2255,1284 2311,1284 2367,1284 2423,1284 2479,1284 2535,1284 2591,1284 2648,1284 2704,1284 2760,1284 2816,1283 2872,1283 2928,1283 2984,1283 3040,1283 3096,1282 3152,1282 3209,1281"/>
                <TextEquiv>
                    <Unicode>seinen gedanklichen Art schon ein Gleichnis; das erste, dem</Unicode>
                </TextEquiv>
            </TextLine>
            <TextLine id="r2l17" custom="readingOrder {index:16;}">
                <Coords points="2078,1328 2171,1363 2339,1328 2677,1354 2824,1331 2939,1360 2982,1311 2078,1283"/>
                <Baseline points="2088,1327 2132,1328 2176,1329 2220,1330 2264,1330 2308,1331 2352,1332 2396,1332 2440,1333 2484,1333 2529,1334 2573,1334 2617,1334 2661,1335 2705,1335 2749,1335 2793,1335 2837,1334 2881,1334 2925,1334 2970,1333"/>
                <TextEquiv>
                    <Unicode>dann in den Stücken selbst viele, viele folgen.</Unicode>
                </TextEquiv>
            </TextLine>
            <TextLine id="r2l18" custom="readingOrder {index:17;}">
                <Coords points="2194,1391 3181,1397 3221,1384 3221,1331 2194,1347"/>
                <Baseline points="2205,1379 2255,1379 2305,1380 2355,1380 2406,1381 2456,1381 2506,1382 2557,1382 2607,1382 2657,1382 2708,1383 2758,1383 2808,1383 2858,1383 2909,1383 2959,1383 3009,1383 3060,1383 3110,1382 3160,1382 3211,1382"/>
                <TextEquiv>
                    <Unicode>Unser Wiener Dichter der Wiener Seele, wie sie heute</Unicode>
                </TextEquiv>
            </TextLine>
            <TextLine id="r2l19" custom="readingOrder {index:18;}">
                <Coords points="2077,1440 3149,1449 3234,1434 3234,1383 2077,1395"/>
                <Baseline points="2087,1431 2143,1431 2200,1431 2257,1431 2314,1431 2371,1431 2428,1432 2484,1432 2541,1432 2598,1432 2655,1433 2712,1433 2769,1433 2826,1433 2882,1433 2939,1433 2996,1432 3053,1432 3110,1431 3167,1430 3224,1428"/>
                <TextEquiv>
                    <Unicode>zwischen dem Burgtheater und den traulichen, behaglichen</Unicode>
                </TextEquiv>
            </TextLine>
            <TextLine id="r2l20" custom="readingOrder {index:19;}">
                <Coords points="2083,1486 3036,1498 3229,1468 3208,1434 2083,1439"/>
                <Baseline points="2093,1480 2149,1479 2205,1479 2261,1478 2318,1478 2374,1478 2430,1478 2486,1478 2543,1478 2599,1479 2655,1479 2711,1479 2768,1479 2824,1479 2880,1479 2936,1479 2993,1479 3049,1478 3105,1478 3161,1476 3218,1475"/>
                <TextEquiv>
                    <Unicode>Häuschen an den Gehängen des Kahlenberges oder Hermanns¬</Unicode>
                </TextEquiv>
            </TextLine>
            <TextLine id="r2l21" custom="readingOrder {index:20;}">
                <Coords points="2076,1525 3224,1538 3192,1481 2076,1491"/>
                <Baseline points="2087,1525 2143,1526 2199,1527 2256,1527 2312,1528 2368,1528 2425,1528 2481,1528 2537,1528 2594,1528 2650,1528 2706,1528 2763,1528 2819,1527 2875,1527 2932,1526 2988,1526 3044,1526 3101,1525 3157,1525 3214,1524"/>
                <TextEquiv>
                    <Unicode>kogels auf und nieder schwebt, ist in den drei Akten, die er</Unicode>
                </TextEquiv>
            </TextLine>
            <TextLine id="r2l22" custom="readingOrder {index:21;}">
                <Coords points="2083,1590 3180,1592 3219,1583 3219,1534 2083,1548"/>
                <Baseline points="2093,1576 2148,1576 2204,1576 2260,1576 2316,1576 2372,1576 2427,1576 2483,1577 2539,1577 2595,1577 2651,1578 2706,1578 2762,1578 2818,1579 2874,1579 2930,1579 2985,1579 3041,1579 3097,1578 3153,1578 3209,1577"/>
                <TextEquiv>
                    <Unicode>zu einem Theaterabend vereinigte, über die geistige und</Unicode>
                </TextEquiv>
            </TextLine>
            <TextLine id="r2l23" custom="readingOrder {index:22;}">
                <Coords points="2076,1635 3124,1640 3214,1627 3214,1582 2076,1589"/>
                <Baseline points="2087,1626 2142,1626 2198,1627 2254,1627 2310,1627 2366,1626 2422,1626 2477,1626 2533,1626 2589,1626 2645,1626 2701,1626 2757,1625 2813,1625 2868,1625 2924,1625 2980,1625 3036,1625 3092,1625 3148,1625 3204,1625"/>
                <TextEquiv>
                    <Unicode>materielle Welt seiner letzten Werke nicht hinausgegangen.</Unicode>
                </TextEquiv>
            </TextLine>
            <TextLine id="r2l24" custom="readingOrder {index:23;}">
                <Coords points="2082,1682 3094,1690 3226,1671 3226,1635 2082,1639"/>
                <Baseline points="2093,1673 2149,1673 2205,1673 2261,1673 2317,1673 2373,1673 2429,1673 2485,1673 2541,1673 2597,1674 2654,1674 2710,1674 2766,1674 2822,1674 2878,1674 2934,1674 2990,1673 3046,1673 3102,1673 3158,1672 3215,1671"/>
                <TextEquiv>
                    <Unicode>Irgend welche kritische Bemerkungen sind unangebracht. Der</Unicode>
                </TextEquiv>
            </TextLine>
            <TextLine id="r2l25" custom="readingOrder {index:24;}">
                <Coords points="2085,1725 3219,1733 3183,1674 2085,1685"/>
                <Baseline points="2095,1719 2150,1720 2206,1720 2262,1721 2317,1721 2373,1721 2429,1722 2484,1722 2540,1722 2596,1722 2652,1723 2707,1723 2763,1723 2819,1722 2874,1722 2930,1722 2986,1722 3041,1722 3097,1722 3153,1721 3209,1721"/>
                <TextEquiv>
                    <Unicode>Dichter datiert ihr Entstehen nicht: wer weiß, wann und</Unicode>
                </TextEquiv>
            </TextLine>
            <TextLine id="r2l26" custom="readingOrder {index:25;}">
                <Coords points="2082,1779 3226,1780 3226,1729 3179,1722 2082,1730"/>
                <Baseline points="2093,1768 2149,1769 2205,1770 2261,1771 2317,1772 2373,1772 2429,1773 2485,1773 2541,1773 2597,1772 2653,1772 2709,1771 2765,1771 2821,1771 2877,1770 2933,1770 2989,1770 3045,1769 3101,1769 3157,1770 3214,1770"/>
                <TextEquiv>
                    <Unicode>seit welcher Zeit die drei Akte, innerhalb und zwischen der</Unicode>
                </TextEquiv>
            </TextLine>
            <TextLine id="r2l27" custom="readingOrder {index:26;}">
                <Coords points="2088,1833 3176,1838 3225,1831 3225,1778 2088,1780"/>
                <Baseline points="2099,1816 2154,1818 2210,1820 2266,1821 2322,1822 2378,1823 2433,1823 2489,1823 2545,1822 2601,1822 2657,1821 2712,1821 2768,1820 2824,1820 2880,1820 2936,1819 2991,1819 3047,1820 3103,1821 3159,1822 3215,1823"/>
                <TextEquiv>
                    <Unicode>Entstehung großer Stücke sie ihm erwuchsen? Diese drei</Unicode>
                </TextEquiv>
            </TextLine>
            <TextLine id="r2l28" custom="readingOrder {index:27;}">
                <Coords points="2091,1878 3239,1881 3201,1823 3001,1811 2091,1836"/>
                <Baseline points="2101,1865 2157,1867 2213,1868 2270,1869 2326,1870 2383,1870 2439,1871 2495,1871 2552,1871 2608,1870 2665,1870 2721,1869 2777,1869 2834,1868 2890,1868 2947,1868 3003,1867 3059,1867 3116,1867 3172,1867 3229,1868"/>
                <TextEquiv>
                    <Unicode>Komödien der Worte muten an wie Paraphrasen, Variationen</Unicode>
                </TextEquiv>
            </TextLine>
            <TextLine id="r2l29" custom="readingOrder {index:28;}">
                <Coords points="2082,1930 3226,1921 3198,1873 2081,1875"/>
                <Baseline points="2093,1912 2149,1914 2205,1917 2261,1918 2317,1919 2373,1919 2429,1920 2485,1920 2541,1920 2597,1919 2654,1919 2710,1918 2766,1918 2822,1917 2878,1916 2934,1916 2990,1915 3046,1915 3102,1915 3158,1915 3215,1915"/>
                <TextEquiv>
                    <Unicode>des „weiten Land“ des „Zwischenspiel“. Man muß das</Unicode>
                </TextEquiv>
            </TextLine>
            <TextLine id="r2l30" custom="readingOrder {index:29;}">
                <Coords points="2088,1987 2369,1957 3168,1984 3228,1964 3228,1924 2088,1930"/>
                <Baseline points="2098,1964 2154,1966 2210,1967 2266,1967 2322,1968 2378,1968 2434,1968 2490,1968 2546,1968 2602,1968 2658,1967 2714,1967 2770,1966 2826,1966 2882,1965 2938,1965 2994,1964 3050,1964 3106,1964 3162,1964 3218,1964"/>
                <TextEquiv>
                    <Unicode>verstehen: es mag den Dichter gelockt haben, unmittelbar</Unicode>
                </TextEquiv>
            </TextLine>
            <TextLine id="r2l31" custom="readingOrder {index:30;}">
                <Coords points="2081,2035 3174,2034 3225,1974 2081,1982"/>
                <Baseline points="2093,2015 2149,2016 2205,2017 2261,2017 2317,2018 2373,2018 2429,2018 2485,2018 2541,2017 2597,2017 2654,2016 2710,2016 2766,2016 2822,2015 2878,2015 2934,2014 2990,2014 3046,2014 3102,2015 3158,2015 3215,2015"/>
                <TextEquiv>
                    <Unicode>nach Vollendung eines großen Werkes, seine Gestalten noch</Unicode>
                </TextEquiv>
            </TextLine>
            <TextLine id="r2l32" custom="readingOrder {index:31;}">
                <Coords points="2081,2067 3217,2085 3216,2015 2081,2035"/>
                <Baseline points="2091,2063 2146,2065 2202,2066 2258,2066 2314,2067 2369,2067 2425,2067 2481,2066 2537,2066 2592,2065 2648,2064 2704,2063 2760,2063 2815,2062 2871,2062 2927,2061 2983,2061 3038,2061 3094,2062 3150,2063 3206,2064"/>
                <TextEquiv>
                    <Unicode>einmal, nur auf anderen Schicksalsbahnen wandeln zu</Unicode>
                </TextEquiv>
            </TextLine>
            <TextLine id="r2l33" custom="readingOrder {index:32;}">
                <Coords points="2086,2128 3181,2127 3230,2118 3230,2048 3171,2078 2086,2071"/>
                <Baseline points="2096,2113 2152,2113 2208,2113 2264,2113 2320,2113 2377,2113 2433,2113 2489,2113 2545,2113 2601,2113 2658,2113 2714,2113 2770,2113 2826,2113 2882,2112 2939,2112 2995,2111 3051,2111 3107,2110 3163,2109 3220,2108"/>
                <TextEquiv>
                    <Unicode>lassen. Wie naheliegend bei einem Dichter von dem immer</Unicode>
                </TextEquiv>
            </TextLine>
            <TextLine id="r2l34" custom="readingOrder {index:33;}">
                <Coords points="2085,2172 3110,2178 3195,2170 3227,2125 2085,2129"/>
                <Baseline points="2096,2163 2152,2162 2208,2161 2264,2161 2320,2160 2376,2160 2432,2160 2488,2160 2544,2160 2600,2160 2656,2160 2712,2160 2768,2160 2824,2160 2880,2159 2936,2159 2992,2159 3048,2158 3104,2158 3160,2157 3216,2156"/>
                <TextEquiv>
                    <Unicode>vergeistigter, raffinierter werdenden inneren Gesicht Schnitzlers!</Unicode>
                </TextEquiv>
            </TextLine>
            <TextLine id="r2l35" custom="readingOrder {index:34;}">
                <Coords points="2088,2226 3179,2227 3226,2214 3226,2155 2088,2171"/>
                <Baseline points="2099,2211 2154,2210 2210,2210 2266,2210 2322,2210 2378,2210 2433,2210 2489,2209 2545,2209 2601,2209 2657,2209 2712,2209 2768,2209 2824,2209 2880,2209 2936,2209 2991,2208 3047,2208 3103,2207 3159,2207 3215,2206"/>
                <TextEquiv>
                    <Unicode>Erinnern wir uns: Schnitzler, ein Geist und Gemüt, erfüllt</Unicode>
                </TextEquiv>
            </TextLine>
            <TextLine id="r2l36" custom="readingOrder {index:35;}">
                <Coords points="2084,2259 2673,2286 3143,2259 3236,2288 3236,2203 2084,2229"/>
                <Baseline points="2095,2259 2151,2259 2208,2259 2264,2260 2321,2260 2377,2260 2434,2260 2490,2259 2547,2259 2603,2259 2660,2259 2717,2258 2773,2258 2830,2258 2886,2257 2943,2257 2999,2257 3056,2256 3112,2256 3169,2256 3226,2256"/>
                <TextEquiv>
                    <Unicode>von den Schönheiten. Melancholien, (ich muß leider das</Unicode>
                </TextEquiv>
            </TextLine>
            <TextLine id="r2l37" custom="readingOrder {index:36;}">
                <Coords points="2083,2308 2957,2332 3133,2302 3231,2336 3231,2268 3191,2262 2083,2270"/>
                <Baseline points="2093,2307 2149,2307 2205,2308 2262,2308 2318,2308 2375,2308 2431,2308 2487,2308 2544,2308 2600,2308 2657,2307 2713,2307 2769,2307 2826,2306 2882,2306 2939,2306 2995,2306 3051,2306 3108,2307 3164,2307 3221,2308"/>
                <TextEquiv>
                    <Unicode>verdächtige Wort gebrauchen!) Kulturen Wiens, ging, wie</Unicode>
                </TextEquiv>
            </TextLine>
            <TextLine id="r2l38" custom="readingOrder {index:37;}">
                <Coords points="2090,2366 3236,2366 3236,2334 3134,2302 2090,2322"/>
                <Baseline points="2101,2355 2157,2355 2213,2355 2269,2354 2325,2354 2382,2354 2438,2354 2494,2355 2550,2355 2606,2355 2663,2355 2719,2355 2775,2355 2831,2355 2887,2355 2944,2355 3000,2355 3056,2355 3112,2354 3168,2354 3225,2353"/>
                <TextEquiv>
                    <Unicode>alle Dramatiker Oesterreichs von altersher, vom Theater</Unicode>
                </TextEquiv>
            </TextLine>
            <TextLine id="r2l39" custom="readingOrder {index:38;}">
                <Coords points="2095,2411 3220,2418 3243,2366 2095,2373"/>
                <Baseline points="2106,2407 2162,2406 2218,2405 2274,2405 2331,2405 2387,2404 2443,2404 2500,2405 2556,2405 2612,2405 2669,2405 2725,2405 2781,2406 2837,2406 2894,2405 2950,2405 3006,2405 3063,2404 3119,2403 3175,2402 3232,2401"/>
                <TextEquiv>
                    <Unicode>aus. Die „Liebelei“ ist erfüllt vom Theaterwelt (der alte</Unicode>
                </TextEquiv>
            </TextLine>
            <TextLine id="r2l40" custom="readingOrder {index:39;}">
                <Coords points="2082,2466 2897,2451 2962,2482 2994,2453 3169,2469 3226,2431 3037,2395 2784,2432 2082,2411"/>
                <Baseline points="2092,2453 2148,2453 2204,2453 2260,2453 2316,2454 2372,2454 2428,2454 2485,2454 2541,2454 2597,2455 2653,2455 2709,2455 2765,2455 2821,2455 2878,2454 2934,2454 2990,2454 3046,2453 3102,2452 3158,2451 3215,2449"/>
                <TextEquiv>
                    <Unicode>Weyrin, Logenbesuch im Burgtheater u. s. w.): „Freiwild“.</Unicode>
                </TextEquiv>
            </TextLine>
            <TextLine id="r2l41" custom="readingOrder {index:40;}">
                <Coords points="2090,2521 3228,2519 3210,2434 2964,2482 2090,2466"/>
                <Baseline points="2101,2501 2156,2502 2212,2503 2268,2504 2324,2504 2379,2504 2435,2505 2491,2505 2547,2504 2602,2504 2658,2504 2714,2503 2770,2503 2825,2502 2881,2502 2937,2501 2993,2501 3048,2501 3104,2500 3160,2500 3216,2500"/>
                <TextEquiv>
                    <Unicode>ist bekanntlich völlig ein Stück vom Theater. Dann ward</Unicode>
                </TextEquiv>
            </TextLine>
            <TextLine id="r2l42" custom="readingOrder {index:41;}">
                <Coords points="2085,2560 3146,2565 3231,2520 2085,2528"/>
                <Baseline points="2096,2554 2152,2553 2208,2553 2264,2553 2320,2553 2377,2553 2433,2553 2489,2552 2545,2552 2601,2552 2658,2552 2714,2551 2770,2551 2826,2551 2882,2551 2939,2551 2995,2550 3051,2550 3107,2550 3163,2549 3220,2549"/>
                <TextEquiv>
                    <Unicode>aus dem Theater die Welt der Masken und Schnitzler</Unicode>
                </TextEquiv>
            </TextLine>
            <TextLine id="r2l43" custom="readingOrder {index:42;}">
                <Coords points="2096,2612 3191,2612 3222,2550 2095,2556"/>
                <Baseline points="2107,2600 2162,2601 2217,2601 2272,2601 2328,2602 2383,2602 2438,2602 2493,2602 2549,2602 2604,2601 2659,2601 2714,2601 2770,2600 2825,2600 2880,2599 2935,2599 2991,2599 3046,2598 3101,2598 3156,2598 3212,2598"/>
                <TextEquiv>
                    <Unicode>schrieb jene seinen psychologischen Dramen in Helldunkel,</Unicode>
                </TextEquiv>
            </TextLine>
            <TextLine id="r2l44" custom="readingOrder {index:43;}">
                <Coords points="2090,2652 3222,2652 3221,2605 3170,2601 2090,2608"/>
                <Baseline points="2101,2647 2156,2649 2212,2650 2267,2651 2323,2651 2378,2651 2434,2651 2489,2651 2545,2650 2600,2650 2656,2649 2712,2648 2767,2648 2823,2647 2878,2646 2934,2646 2989,2645 3045,2645 3100,2645 3156,2646 3212,2646"/>
                <TextEquiv>
                    <Unicode>die für alle Zeiten seine Art und Natur bleiben werden.</Unicode>
                </TextEquiv>
            </TextLine>
            <TextLine id="r2l45" custom="readingOrder {index:44;}">
                <Coords points="2090,2715 3230,2709 3230,2653 3183,2649 2090,2652"/>
                <Baseline points="2101,2699 2156,2698 2212,2698 2268,2697 2324,2697 2380,2696 2436,2696 2492,2696 2548,2696 2604,2696 2660,2696 2715,2696 2771,2696 2827,2696 2883,2696 2939,2695 2995,2695 3051,2694 3107,2694 3163,2693 3219,2692"/>
                <TextEquiv>
                    <Unicode>Fortschreitend in die Versenkung der Seele, kan und kommt</Unicode>
                </TextEquiv>
            </TextLine>
            <TextLine id="r2l46" custom="readingOrder {index:45;}">
                <Coords points="2091,2753 2913,2770 3232,2752 3232,2709 2090,2706"/>
                <Baseline points="2102,2748 2158,2747 2214,2746 2270,2746 2326,2745 2382,2745 2438,2745 2494,2744 2550,2744 2606,2744 2662,2744 2718,2744 2774,2744 2830,2744 2886,2744 2942,2744 2998,2744 3054,2744 3110,2744 3166,2744 3222,2744"/>
                <TextEquiv>
                    <Unicode>er heute zu den nun schon fast branndunkeln Spielen mit</Unicode>
                </TextEquiv>
            </TextLine>
            <TextLine id="r2l47" custom="readingOrder {index:46;}">
                <Coords points="2099,2801 3236,2806 3211,2749 2099,2754"/>
                <Baseline points="2109,2793 2164,2794 2220,2794 2276,2795 2332,2795 2388,2795 2444,2795 2499,2796 2555,2796 2611,2796 2667,2796 2723,2795 2779,2795 2835,2795 2890,2795 2946,2795 3002,2794 3058,2794 3114,2794 3170,2793 3226,2793"/>
                <TextEquiv>
                    <Unicode>Symbolen und Abstrakten. Zumeist jener der Liebe und</Unicode>
                </TextEquiv>
            </TextLine>
            <TextLine id="r2l48" custom="readingOrder {index:47;}">
                <Coords points="2089,2842 3178,2854 3252,2849 3252,2777 3142,2811 2089,2798"/>
                <Baseline points="2099,2845 2156,2844 2213,2843 2270,2842 2327,2842 2384,2842 2441,2842 2499,2842 2556,2842 2613,2843 2670,2843 2727,2843 2784,2843 2841,2844 2899,2844 2956,2843 3013,2843 3070,2842 3127,2842 3184,2840 3242,2839"/>
                <TextEquiv>
                    <Unicode>ihrem Fluche — der gebrochenen Treue. Komödien der</Unicode>
                </TextEquiv>
            </TextLine>
            <TextLine id="r2l49" custom="readingOrder {index:48;}">
                <Coords points="2088,2901 3141,2911 3272,2893 3272,2833 2088,2859"/>
                <Baseline points="2098,2897 2156,2896 2214,2894 2272,2893 2330,2893 2389,2893 2447,2893 2505,2894 2563,2894 2621,2894 2680,2895 2738,2895 2796,2895 2854,2895 2912,2894 2971,2893 3029,2891 3087,2889 3145,2885 3203,2881 3262,2876"/>
                <TextEquiv>
                    <Unicode>Treue sind auch die neuen Einakter „Stunde de###</Unicode>
                </TextEquiv>
            </TextLine>
            <TextLine id="r2l50" custom="readingOrder {index:49;}">
                <Coords points="2094,2946 3206,2951 3236,2949 3236,2894 2094,2904"/>
                <Baseline points="2105,2939 2161,2940 2217,2940 2273,2941 2329,2941 2385,2941 2441,2942 2497,2942 2553,2942 2609,2942 2665,2941 2721,2941 2777,2941 2833,2941 2889,2940 2945,2940 3001,2940 3057,2940 3113,2939 3169,2939 3226,2939"/>
                <TextEquiv>
                    <Unicode>Erkennens“, „Große Szene“, „Das Bacchust</Unicode>
                </TextEquiv>
            </TextLine>
            <TextLine id="r2l51" custom="readingOrder {index:50;}">
                <Coords points="2089,2995 3191,2999 3227,2994 3227,2950 2089,2959"/>
                <Baseline points="2099,2988 2154,2988 2210,2988 2266,2988 2322,2988 2378,2988 2434,2988 2490,2988 2546,2988 2602,2988 2658,2988 2713,2989 2769,2989 2825,2989 2881,2989 2937,2988 2993,2988 3049,2988 3105,2987 3161,2987 3217,2986"/>
                <TextEquiv>
                    <Unicode>fest“. Sie zeigen uns den Dichter von keiner neuen Seite.</Unicode>
                </TextEquiv>
            </TextLine>
            <TextLine id="r2l52" custom="readingOrder {index:51;}">
                <Coords points="2096,3092 3228,3093 3227,3051 3129,3034 2096,3045"/>
                <Baseline points="2107,3087 2162,3087 2218,3086 2273,3086 2329,3085 2384,3085 2440,3085 2495,3084 2551,3084 2606,3084 2662,3083 2717,3083 2773,3083 2828,3083 2884,3083 2939,3082 2995,3082 3050,3082 3106,3082 3161,3082 3217,3082"/>
                <TextEquiv>
                    <Unicode>anziehendstem Gewinn, eine neue Arbeit Schnißlers zu</Unicode>
                </TextEquiv>
            </TextLine>
            <TextLine id="r2l53" custom="readingOrder {index:52;}">
                <Coords points="2089,3138 2104,3138 2125,3157 2136,3148 2164,3157 2208,3146 2225,3153 2232,3146 2287,3142 2293,3149 2308,3136 2327,3142 2327,3093 2295,3093 2270,3106 2242,3091 2213,3102 2178,3095 2164,3104 2117,3099 2108,3091 2089,3095"/>
                <Baseline points="2100,3132 2127,3133 2154,3133 2181,3133 2208,3133 2235,3133 2262,3133 2289,3133 2316,3133"/>
                <TextEquiv>
                    <Unicode>empfangen.</Unicode>
                </TextEquiv>
            </TextLine>
            <TextLine id="r2l54" custom="readingOrder {index:53;}">
                <Coords points="2211,3194 3189,3200 3227,3188 3228,3139 3017,3117 2790,3154 2211,3147"/>
                <Baseline points="2221,3178 2270,3180 2320,3181 2370,3182 2420,3184 2470,3185 2519,3185 2569,3186 2619,3186 2669,3186 2719,3186 2768,3186 2818,3186 2868,3186 2918,3186 2968,3186 3017,3186 3067,3185 3117,3185 3167,3185 3217,3186"/>
                <TextEquiv>
                    <Unicode>Stücke der ehelichen Treue, vom erotischen Krieg,</Unicode>
                </TextEquiv>
            </TextLine>
            <TextLine id="r2l55" custom="readingOrder {index:54;}">
                <Coords points="2082,3257 2967,3229 3043,3256 3231,3244 3231,3199 2082,3202"/>
                <Baseline points="2093,3229 2149,3230 2205,3231 2261,3231 2318,3232 2374,3233 2430,3233 2487,3234 2543,3234 2599,3235 2656,3235 2712,3235 2768,3235 2824,3235 2881,3235 2937,3234 2993,3234 3050,3233 3106,3232 3162,3231 3219,3230"/>
                <TextEquiv>
                    <Unicode>Bekenntnisse aus der ehelichen Gefangenschaft sind die drei</Unicode>
                </TextEquiv>
            </TextLine>
            <TextLine id="r2l56" custom="readingOrder {index:55;}">
                <Coords points="2095,3288 3228,3295 3228,3236 2095,3244"/>
                <Baseline points="2105,3280 2160,3281 2216,3281 2271,3282 2327,3282 2383,3283 2438,3283 2494,3283 2549,3283 2605,3283 2661,3283 2716,3283 2772,3283 2827,3283 2883,3283 2939,3283 2994,3282 3050,3282 3105,3282 3161,3282 3217,3281"/>
                <TextEquiv>
                    <Unicode>Akte. In „Stunde des Erkennens“ in tragischer Tönung,</Unicode>
                </TextEquiv>
            </TextLine>
            <TextLine id="r2l57" custom="readingOrder {index:56;}">
                <Coords points="2090,3336 3234,3330 3234,3294 3168,3284 2090,3279"/>
                <Baseline points="2100,3331 2156,3330 2212,3329 2268,3329 2324,3329 2381,3329 2437,3329 2493,3329 2549,3329 2605,3329 2662,3329 2718,3329 2774,3329 2830,3329 2886,3328 2943,3328 2999,3327 3055,3326 3111,3324 3167,3323 3224,3321"/>
                <TextEquiv>
                    <Unicode>in „Große Szene“ komödienhaft, in „Das Bacchusfest“</Unicode>
                </TextEquiv>
            </TextLine>
            <TextLine id="r2l58" custom="readingOrder {index:57;}">
                <Coords points="2101,3392 3175,3400 3237,3385 3237,3334 2101,3341"/>
                <Baseline points="2111,3379 2166,3379 2222,3379 2278,3379 2334,3379 2389,3379 2445,3379 2501,3379 2557,3378 2612,3378 2668,3378 2724,3378 2780,3378 2835,3378 2891,3377 2947,3377 3003,3377 3058,3376 3114,3375 3170,3375 3226,3374"/>
                <TextEquiv>
                    <Unicode>satirisch-ironisch. Wundervoll, pointiert, tiefgeschürft die Auf¬</Unicode>
                </TextEquiv>
            </TextLine>
            <TextLine id="r2l59" custom="readingOrder {index:58;}">
                <Coords points="2096,3437 3242,3438 3241,3383 2095,3397"/>
                <Baseline points="2106,3431 2162,3430 2218,3430 2274,3430 2331,3429 2387,3429 2443,3428 2500,3428 2556,3427 2612,3427 2669,3427 2725,3426 2781,3426 2837,3425 2894,3425 2950,3425 3006,3425 3063,3424 3119,3424 3175,3424 3232,3424"/>
                <TextEquiv>
                    <Unicode>deckung der Mannesfeele. Wahrhaft ein Verrat an den</Unicode>
                </TextEquiv>
            </TextLine>
            <TextLine id="r2l60" custom="readingOrder {index:59;}">
                <Coords points="2091,3477 3235,3485 3235,3442 3078,3422 2091,3438"/>
                <Baseline points="2102,3478 2158,3477 2214,3477 2270,3476 2326,3476 2382,3476 2438,3475 2494,3475 2550,3475 2606,3475 2663,3475 2719,3474 2775,3474 2831,3474 2887,3474 2943,3474 2999,3474 3055,3473 3111,3473 3167,3473 3224,3472"/>
                <TextEquiv>
                    <Unicode>letzten Geheimnissen der Mannesart! Was bleibt benn den</Unicode>
                </TextEquiv>
            </TextLine>
            <TextLine id="r2l61" custom="readingOrder {index:60;}">
                <Coords points="2105,3545 3238,3516 3238,3486 3181,3478 2105,3486"/>
                <Baseline points="2115,3525 2170,3525 2226,3525 2281,3525 2337,3525 2393,3525 2448,3525 2504,3525 2560,3525 2615,3525 2671,3524 2727,3524 2782,3524 2838,3524 2894,3524 2949,3523 3005,3523 3061,3522 3116,3522 3172,3521 3228,3521"/>
                <TextEquiv>
                    <Unicode>Frauen an uns zu erkennen übrig, wenn ein Schnitzler so</Unicode>
                </TextEquiv>
            </TextLine>
            <TextLine id="r2l62" custom="readingOrder {index:61;}">
                <Coords points="2102,3584 3242,3582 3242,3516 2102,3550"/>
                <Baseline points="2112,3576 2167,3574 2223,3573 2279,3572 2335,3571 2391,3571 2447,3571 2503,3571 2559,3571 2615,3571 2671,3571 2726,3571 2782,3571 2838,3571 2894,3572 2950,3572 3006,3572 3062,3572 3118,3571 3174,3571 3230,3570"/>
                <TextEquiv>
                    <Unicode>alle Schleier lüftet? Indes — es geschieht mit der</Unicode>
                </TextEquiv>
            </TextLine>
            <TextLine id="r2l63" custom="readingOrder {index:62;}">
                <Coords points="2088,3619 3170,3645 3240,3625 3240,3580 2088,3591"/>
                <Baseline points="2099,3625 2155,3624 2212,3624 2268,3623 2325,3623 2381,3622 2438,3622 2494,3621 2551,3621 2607,3621 2664,3620 2721,3620 2777,3619 2834,3619 2890,3618 2947,3618 3003,3617 3060,3616 3116,3615 3173,3614 3230,3613"/>
                <TextEquiv>
                    <Unicode>kultiviertesten Geste, mit einem goldenen Schlüssel mensch¬</Unicode>
                </TextEquiv>
            </TextLine>
            <TextLine id="r2l64" custom="readingOrder {index:63;}">
                <Coords points="2096,3685 2194,3684 2213,3669 2277,3690 2300,3679 2496,3678 2496,3632 2383,3636 2349,3620 2328,3635 2200,3627 2175,3642 2096,3625"/>
                <Baseline points="2107,3668 2132,3668 2157,3668 2182,3668 2208,3668 2233,3668 2258,3668 2283,3668 2309,3668 2334,3668 2359,3667 2384,3667 2410,3667 2435,3667 2460,3666 2486,3666"/>
                <TextEquiv>
                    <Unicode>lichen Scharfsinnes.</Unicode>
                </TextEquiv>
            </TextLine>
            <TextLine id="r2l65" custom="readingOrder {index:64;}">
                <Coords points="2207,3718 3175,3732 3232,3707 3232,3673 3078,3652 2692,3686 2207,3671"/>
                <Baseline points="2218,3719 2268,3718 2318,3718 2368,3718 2418,3717 2469,3717 2519,3716 2569,3716 2619,3716 2669,3715 2720,3715 2770,3715 2820,3714 2870,3714 2920,3714 2971,3714 3021,3714 3071,3714 3121,3714 3171,3714 3222,3714"/>
                <TextEquiv>
                    <Unicode>Das Burgtheater läßt den Stücken eine tüchtige Dar¬</Unicode>
                </TextEquiv>
            </TextLine>
            <TextLine id="r2l66" custom="readingOrder {index:65;}">
                <Coords points="2092,3770 3238,3770 3237,3729 3159,3721 2091,3714"/>
                <Baseline points="2103,3766 2159,3766 2215,3766 2271,3766 2328,3766 2384,3766 2440,3766 2496,3766 2553,3765 2609,3765 2665,3765 2721,3764 2778,3764 2834,3764 2890,3764 2946,3764 3003,3764 3059,3764 3115,3764 3171,3765 3228,3766"/>
                <TextEquiv>
                    <Unicode>stellung angedeihen. Herr Walden spielte den messerscharfen,</Unicode>
                </TextEquiv>
            </TextLine>
            <TextLine id="r2l67" custom="readingOrder {index:66;}">
                <Coords points="2096,3818 2721,3803 2782,3830 2950,3794 3097,3827 3210,3820 3237,3782 2095,3776"/>
                <Baseline points="2106,3816 2162,3815 2218,3815 2274,3815 2330,3814 2386,3814 2442,3813 2498,3813 2554,3813 2610,3812 2666,3812 2722,3812 2778,3811 2834,3811 2890,3811 2946,3811 3002,3811 3058,3811 3114,3811 3170,3812 3226,3812"/>
                <TextEquiv>
                    <Unicode>kalten Arzt der „Stunde des Erkennens“ den „tollen</Unicode>
                </TextEquiv>
            </TextLine>
            <TextLine id="r2l68" custom="readingOrder {index:67;}">
                <Coords points="2101,3870 3206,3879 3234,3819 2100,3824"/>
                <Baseline points="2111,3863 2166,3862 2222,3861 2277,3861 2333,3861 2389,3860 2444,3860 2500,3860 2555,3860 2611,3860 2667,3860 2722,3860 2778,3860 2833,3860 2889,3860 2945,3859 3000,3859 3056,3858 3111,3858 3167,3857 3223,3856"/>
                <TextEquiv>
                    <Unicode>Hanswurst“ des Stückes vom Komödianten und endlich</Unicode>
                </TextEquiv>
            </TextLine>
            <TextLine id="r2l69" custom="readingOrder {index:68;}">
                <Coords points="2099,3919 3247,3904 3246,3860 2098,3868"/>
                <Baseline points="2109,3911 2165,3911 2221,3910 2278,3910 2334,3910 2390,3910 2447,3910 2503,3910 2559,3910 2616,3910 2672,3910 2728,3910 2785,3910 2841,3909 2897,3909 2954,3909 3010,3908 3066,3908 3123,3907 3179,3906 3236,3904"/>
                <TextEquiv>
                    <Unicode>den Schriftsteller des „Bacchusfest“. Er steht immer irgend¬</Unicode>
                </TextEquiv>
            </TextLine>
            <TextLine id="r2l70" custom="readingOrder {index:69;}">
                <Coords points="2093,3968 3237,3973 3221,3910 2092,3921"/>
                <Baseline points="2103,3961 2159,3961 2215,3961 2271,3961 2327,3961 2384,3961 2440,3960 2496,3960 2552,3959 2608,3959 2665,3958 2721,3958 2777,3957 2833,3956 2889,3956 2946,3955 3002,3955 3058,3954 3114,3954 3170,3954 3227,3953"/>
                <TextEquiv>
                    <Unicode>wie im Stande einer ge= und zerbrochenen Ehe. Walden</Unicode>
                </TextEquiv>
            </TextLine>
            <TextLine id="r2l71" custom="readingOrder {index:70;}">
                <Coords points="2095,4013 3158,4023 3241,4003 3241,3969 2095,3977"/>
                <Baseline points="2105,4009 2161,4009 2217,4009 2273,4009 2330,4009 2386,4008 2442,4008 2499,4007 2555,4007 2611,4006 2668,4006 2724,4005 2780,4005 2836,4005 2893,4004 2949,4004 3005,4004 3062,4004 3118,4004 3174,4005 3231,4005"/>
                <TextEquiv>
                    <Unicode>ist eindringlich und bedeutend als Arzt, interessant, scharf¬</Unicode>
                </TextEquiv>
            </TextLine>
            <TextLine id="r2l72" custom="readingOrder {index:71;}">
                <Coords points="3082,4059 3112,4056 3119,4062 3155,4055 3193,4067 3217,4047 3245,4050 3246,4001 3234,4001 3210,4019 3203,4015 3195,4021 3155,4008 3139,4019 3125,4009 3112,4017 3084,4012"/>
                <Baseline points="3094,4049 3122,4050 3150,4051 3178,4053 3206,4054 3234,4053"/>
                <TextEquiv>
                    <Unicode>Grau¬</Unicode>
                </TextEquiv>
            </TextLine>
            <TextLine id="r2l73" custom="readingOrder {index:72;}">
                <Coords points="2093,4066 3076,4060 3054,4007 2093,4015"/>
                <Baseline points="2104,4062 2152,4061 2200,4060 2248,4059 2296,4059 2344,4058 2392,4057 2440,4057 2488,4056 2536,4055 2584,4055 2632,4054 2680,4053 2728,4053 2776,4052 2824,4051 2872,4051 2920,4050 2968,4049 3016,4048 3065,4048"/>
                <TextEquiv>
                    <Unicode>kantig und von der angestrebten verversen</Unicode>
                </TextEquiv>
            </TextLine>
            <TextLine id="r2l74" custom="readingOrder {index:73;}">
                <Coords points="2106,4128 3220,4110 3250,4080 3066,4052 2105,4067"/>
                <Baseline points="2116,4108 2172,4107 2228,4106 2284,4106 2340,4104 2397,4104 2453,4103 2509,4102 2565,4101 2621,4100 2678,4100 2734,4099 2790,4098 2846,4098 2902,4098 2959,4097 3015,4097 3071,4097 3127,4097 3183,4097 3240,4097"/>
                <TextEquiv>
                    <Unicode>samkeit als Autor des „Bacchusfest" und Mann</Unicode>
                </TextEquiv>
            </TextLine>
            <TextLine id="r2l75" custom="readingOrder {index:74;}">
                <Coords points="2095,4146 3162,4135 3237,4162 3277,4104 2095,4123"/>
                <Baseline points="2106,4156 2164,4155 2222,4153 2280,4152 2338,4151 2396,4150 2454,4149 2512,4148 2570,4148 2628,4147 2686,4146 2744,4146 2802,4146 2860,4145 2918,4144 2976,4144 3034,4143 3092,4142 3150,4142 3208,4141 3266,4139"/>
                <TextEquiv>
                    <Unicode>einer im Durchgehen begriffenen Frau. Walden ist</Unicode>
                </TextEquiv>
            </TextLine>
            <TextEquiv>
                <Unicode>box 32/1
(Suellenangabe Stle Se.E.
Neues 8 Uhr Blatt,
Lusschnitt aus:
150K1 1915
vom:
Burgtheater.
Artur Schnitzler hat unter dem verbindender
Titt „Komödié der Worte“ Ahi Einakter zur Auf¬
fühlung bringen lassen. Komödie der Worte? Ist das nicht
einfTitel, der an sich gegen die Werke spricht? Mit Worten
läßt sich bekanntlich wacker streiten, läßt sich ein System
bereiten, die zünftige Kritik, erlaubt aber nicht, daß das
Theater allein nur aus Worten bestehe. Selbstverständlich
ist der Sinn des Titels im Schnitzlerschen Sinne, in seiner
seinen gedanklichen Art schon ein Gleichnis; das erste, dem
dann in den Stücken selbst viele, viele folgen.
Unser Wiener Dichter der Wiener Seele, wie sie heute
zwischen dem Burgtheater und den traulichen, behaglichen
Häuschen an den Gehängen des Kahlenberges oder Hermanns¬
kogels auf und nieder schwebt, ist in den drei Akten, die er
zu einem Theaterabend vereinigte, über die geistige und
materielle Welt seiner letzten Werke nicht hinausgegangen.
Irgend welche kritische Bemerkungen sind unangebracht. Der
Dichter datiert ihr Entstehen nicht: wer weiß, wann und
seit welcher Zeit die drei Akte, innerhalb und zwischen der
Entstehung großer Stücke sie ihm erwuchsen? Diese drei
Komödien der Worte muten an wie Paraphrasen, Variationen
des „weiten Land“ des „Zwischenspiel“. Man muß das
verstehen: es mag den Dichter gelockt haben, unmittelbar
nach Vollendung eines großen Werkes, seine Gestalten noch
einmal, nur auf anderen Schicksalsbahnen wandeln zu
lassen. Wie naheliegend bei einem Dichter von dem immer
vergeistigter, raffinierter werdenden inneren Gesicht Schnitzlers!
Erinnern wir uns: Schnitzler, ein Geist und Gemüt, erfüllt
von den Schönheiten. Melancholien, (ich muß leider das
verdächtige Wort gebrauchen!) Kulturen Wiens, ging, wie
alle Dramatiker Oesterreichs von altersher, vom Theater
aus. Die „Liebelei“ ist erfüllt vom Theaterwelt (der alte
Weyrin, Logenbesuch im Burgtheater u. s. w.): „Freiwild“.
ist bekanntlich völlig ein Stück vom Theater. Dann ward
aus dem Theater die Welt der Masken und Schnitzler
schrieb jene seinen psychologischen Dramen in Helldunkel,
die für alle Zeiten seine Art und Natur bleiben werden.
Fortschreitend in die Versenkung der Seele, kan und kommt
er heute zu den nun schon fast branndunkeln Spielen mit
Symbolen und Abstrakten. Zumeist jener der Liebe und
ihrem Fluche — der gebrochenen Treue. Komödien der
Treue sind auch die neuen Einakter „Stunde de###
Erkennens“, „Große Szene“, „Das Bacchust
fest“. Sie zeigen uns den Dichter von keiner neuen Seite.
anziehendstem Gewinn, eine neue Arbeit Schnißlers zu
empfangen.
Stücke der ehelichen Treue, vom erotischen Krieg,
Bekenntnisse aus der ehelichen Gefangenschaft sind die drei
Akte. In „Stunde des Erkennens“ in tragischer Tönung,
in „Große Szene“ komödienhaft, in „Das Bacchusfest“
satirisch-ironisch. Wundervoll, pointiert, tiefgeschürft die Auf¬
deckung der Mannesfeele. Wahrhaft ein Verrat an den
letzten Geheimnissen der Mannesart! Was bleibt benn den
Frauen an uns zu erkennen übrig, wenn ein Schnitzler so
alle Schleier lüftet? Indes — es geschieht mit der
kultiviertesten Geste, mit einem goldenen Schlüssel mensch¬
lichen Scharfsinnes.
Das Burgtheater läßt den Stücken eine tüchtige Dar¬
stellung angedeihen. Herr Walden spielte den messerscharfen,
kalten Arzt der „Stunde des Erkennens“ den „tollen
Hanswurst“ des Stückes vom Komödianten und endlich
den Schriftsteller des „Bacchusfest“. Er steht immer irgend¬
wie im Stande einer ge= und zerbrochenen Ehe. Walden
ist eindringlich und bedeutend als Arzt, interessant, scharf¬
Grau¬
kantig und von der angestrebten verversen
samkeit als Autor des „Bacchusfest" und Mann
einer im Durchgehen begriffenen Frau. Walden ist</Unicode>
            </TextEquiv>
        </TextRegion>
    </Page>
</PcGts>
