3392 4352
2120 176 2601 275 box 32/3
289 190 2004 287 26.1. Konoedie der Norte—zyklus
1499 1527 1642 1598 —
752 1523 1462 1604 ————
2079 1560 2506 1648 Die Dornenkrone.“
471 1587 1689 1654 —trogenen kleinen Beamten und Herr Forest als Berliner
1741 1611 3036 1684 Am Vorabend des Geburtstages der Kaiserin fand im Stadt= er sich
469 1631 1696 1706 Theaterdirektor, in dessen Geschäftszynismus der Unterton längst!
475 1683 1672 1761 verlorener Idcale ganz von ferne mitschwingt. Die Uebrigen ver¬
1687 1676 3039 1738 theater zu Posen die Uraufführung der „Dichtung aus eines zum C
1683 1712 3041 1779 Volkes Schicksalsstunde“ statt. Der Verfasser Felix Neumann,s so wal
471 1737 683 1803 blaßten.
1479 1750 3013 1854 B—r. augenblicklich Hauptmann im Großen Generalstab, setzt jene einen
2875 1799 3051 1859 merksa
1670 1802 2873 1877 Dornenkrone einem edlen Herrscher aufs Haupt, der kraftvoll sein
2873 1820 3375 1900 lungen, Literatur=Studien
763 1828 1411 1922 „Wenn zwei Hochzeit machen.“
1668 1849 2871 1927 Volk zum Gipfel des Ruhmes führt. Aber diese Höhe wird ihm
2874 1886 3366 1948 Zeit in Wien nieder, das
547 1885 1679 1951 Rudolf Bernauer und Schanzer haben im Verein
1681 1894 2878 1968 von neidischen Feinden streitig gemacht, und nichts bleibt ihm
2870 1923 3371 1996 zigerjahre des vorigen I#
1685 1942 2876 1997 andres übrig als sein Schwert. Mit ziefgehender psychologischer
471 1940 1687 1994 mit den Hausmusikern Kollo und Bretschneider alle Re¬
2882 1966 3372 2028 Blüte stand. Es folgten
1688 1975 2882 2042 Kenntnis zeichnet Neumann den schweren inneren Kampf des
479 1984 1679 2054 gister aufgezogen, um mit ihrem neuen Scherzspiel mit Gesang
2873 2007 3383 2073 lichen Studien nach Paris
1682 2032 2876 2092 Königs; erschütternd wirkt des Monarchen Zuflucht zu dem All¬
476 2032 1691 2107 „Wenn zwei Hochzeit machen“ das Publikum zu erfreuen. Um
2880 2065 3372 2125 ten. Der Mangel an Seßt
1690 2063 2890 2131 mächtigen im Gebet. Troyoem die Handlung offenbar im Sinne
484 2078 1687 2134 eine sehr nette Idee, daß in der Hetz einer Kriegstrauung der
2878 2101 3371 2170 günstig. Inzwischen ließ
1688 2115 2882 2177 der Gegenwart spielt, ist dies Stück dennoch in die Zeit der Sage
482 2114 1694 2181 junge Ehemann seiner Schwiegermutter angetraut wird, rankt
2886 2152 3372 2207 und vermittelte uns in sol
1685 2153 2873 2213 und des Mystizismus verlegt Ein schöner Gedanke des Verfassers,
481 2170 1681 2227 sich ein üppiges Wirrwarr von allerhand lustigem und tollem
2879 2193 3365 2248 schaft mit neueren italieni
1690 2208 2893 2264 der uns damit unsere reinste Liebe, die Vaterlandsliebe, gewisser¬
486 2208 1680 2270 Blödsinn, eine angenhme, den Berliner Lokalton treffende Musik
2870 2236 3369 2290 erstaunliche Formgewandt
1696 2227 2884 2299 maßen angeboren sein lassen will. Aber nicht nur die tiefsten
489 2253 1689 2312 und sehr hübsche Tänze. Gespielt wird natürlich dieser Unsinn
2875 2270 3383 2353 geschliffenen Verse auszeich
1693 2289 2881 2343 Saiten der Seele läßt der Verfasser erklingen, er packt auch da,
474 2295 1677 2366 ganz ausgezeichnet. Oscar Sabo und Lisa Weise werden
2951 2323 3378 2377 Als Kenner aller Lite
1689 2324 2892 2387 wo es nötig ist, derb zu. So weiß er aus den einfachen Volks¬
479 2340 1687 2395 stets stürmisch bejubelt, Frau Dora spielt die liebesbedürftige
2883 2368 3366 2428 lei kritischen Versuchen bei
1685 2366 2888 2430 szenen durch plastische Darstellung der Personen ein realistisches
488 2383 1688 2447 Schwiegermutter hinreichend komisch. Herr Beckersachs, der
2879 2412 3366 2475 ein Dichter zu sein, „der
1685 2410 2887 2475 Meisterstückchen zu machen. Das von Direktor Gottscheid gut
476 2435 1684 2486 allzeit sehr Elegante, Herr Picha als Indienforscher, Fräulein
2882 2458 3375 2511 seinem Rufe als Dicht
1684 2461 2877 2529 einstudierte Werk fand bei dem zahlreichen Publikum großen
487 2469 1687 2527 Kenter, eine sehr nette Erscheinung, und Herr Schünzel
2868 2494 3370 2561 Tagen hat sich eine Wand
1697 2512 1866 2576 Beifall.
492 2509 1691 2571 sowie Herr Plaut, der eine gute Bassermannkarrikatur schafft,
2881 2543 3374 2600 bereits geneigt, dem Alter
489 2557 1695 2617 tragen das Ihre dazu bei, Herren Meinhardt und Bernauer für
2877 2589 3358 2643 die man dem E haffen sch
1596 2600 1669 2664 S.
477 2613 1113 2682 ein volles Haus zu verschaffen.
1782 2595 2809 2678 Der 70. Geburtstag von Alfred Friedmann.
2880 2623 3364 2688 Friedmanns an seinem si
1746 2657 2880 2716 Seinen siebzigsten Geburtstag begeht am 26. d. M. Dr. Alfred
885 2659 1309 2733 Herrnfeld=Theater.
2888 2668 3366 2733 nung gedacht, die wohl n
556 2711 2880 2769 L. L. Ein volles Haus, Heiterkeit, großer Beifall und Lorbeer=[Friedmann, ein Schriftsteller von seltener Fruchtbarkeit und
2885 2711 3374 2789 aber der ganzen Persönlich
482 2749 2896 2817 kränze, das war die Wirkung von „Rosenblatts Geheim=erstaunlicher Vielseitigkeit. Vielleicht liegt es an dieser Vielseitig¬
1691 2796 2890 2856 keit, daß Alfred Friedmann nicht zu größerer Anerkennung gelangt
487 2798 1705 2869 tip“ Mit dieser Festellung könnte eigentlich der Bericht über
1701 2846 2889 2903 ist, die er doch vor manchem anderen verdient hätte. Es ist so be¬
2951 2832 3366 2914 Im Königlichen Op
493 2844 1699 2908 die Aufführung schon zu Ende sein — wenn nicht etwas Bemer¬
1690 2882 2884 2947 quem, in einem den erfolgreichen Dramatiker, den beliebten Er¬
2887 2880 3353 2954 phantastische Oper „Hoff
493 2890 1687 2966 kenswertes noch zu erwähnen wäre: die Herrnfelds fast ganz zum
2885 2923 3375 2976 Giulietta: Frau Hafgren¬
1692 2931 2886 2997 zähler, den berühmten Lyriker, den angesehenen Literar¬
486 2934 1689 2996 Hochdeutschen bekehrt. Dafür gebührt ihnen ein Extralob. Die
2892 2972 3362 3019 Frau Hansa, Niklaus: F#
1692 2973 2888 3027 historiker zu sehen und gelegentlich auch zu feiern. Aber
492 2979 1689 3041 Freunde ihres Hauses werden sich dadurch gewiß vermehren. Das
2893 3004 3374 3058 Fräulein Escher, Hoffmann
1689 3021 2892 3073 Dramatiker und Erzähler, Reiseschriftsteller und Lyriker, Literar¬
488 3024 1688 3080 Stück selbst, dessen Verfasser wie gewöhnlich Anton und Donat
2879 3046 3377 3109 Mirakel: Herr Bronsgeest,
1693 3064 2881 3113 historiker und Uebersetzer — das verwirrt, das ist unseren Bil¬
487 3063 1693 3132 Herrnfeld sind, ist eine verzwickte Geschichte, die vom zweiten
2889 3091 3349 3141 Herr Funck, Hermann:
1691 3100 2888 3162 dungsprotzen zu verwickelt. Wo ihr Einschachtelungssystem ver¬
496 3112 1686 3171 Akte an ziemlich „kribbelig“ wird, da Ameisen und Regenwürmer
2890 3128 3359 3183 Crespel: Herr Bachmann,
1692 3141 2892 3205 sagt, da versagen sie die Gefolgschaft. Und Alfred Friedmann hat
479 3150 1702 3210 eine große Rolle spielen. Der von diesem Gelier gar schwer ge¬
2947 3165 3380 3219 Im Königlichen Scha
1697 3194 2881 3252 sich diesem Taylorsystem, das immer nur dieselbe Arbeit, dieselbe
479 3187 1703 3257 plagte Schlächter Kratki wurde von Anton Herrnfeld ebenso wirk¬
2889 3182 3372 3270 steinerin“ in Szene. Als
1695 3240 2880 3288 Gattung, dasselbe Stück verlangt, nicht fügen wollen. Eigenwillig
2889 3233 3385 3299 vom Hoftheater in Weima##
497 3233 1709 3307 sam dargestellt wie der Goldstücker, der Urheber dieses Uebels, von
1689 3263 2886 3333 bestand er darauf, jeweilig die Form zu wählen, die ihm seinem
2884 3279 3377 3348 werden dargestellt von den
488 3283 1691 3347 seinem Bruder Donat. Leopold Gadiel, Ernst Groß, Erwin
1692 3321 2889 3378 Stoffe gerade am besten zu entsprechen schien, oder an dem Stoff
2875 3320 3371 3395 den Herren Kraußneck, P
494 3327 1694 3396 Fichtner und Luise Gloeden konnten den Applaus auch
1668 3367 3218 3436 sich zu versuchen, der gerade seinen Schaffensbrang reizte. Frank= Herr Dr. Bruck.
492 3375 1203 3457 mehr oder weniger auf sich beziehen.
