3344 4352
209 205 1903 301 26.1. Kongedie der Norte zyklus
90 702 269 774 E
416 766 470 827 1
350 969 1667 1047 Anfren hanndbrrschen Truppen
458 1135 1571 1218 6o Weihnachten im geide
120 1206 1902 1270 gilt unsere jetzige Sammlung von Liebesgaben, die wir in Gemeinschaft mit den Annahmestellen I und II
133 1250 1892 1305 für freiwillige Liebesgaben jetzt wieder eröffneten. Es ist das zweite Weihnachtsfest, das unsere Feld¬
137 1283 1892 1328 grauen draußen erleben, in stetem Kampf für das Vaterland. Wieder senken sich die Schatten der
131 1303 1900 1359 Winterzeit auf die weiten Kampffelder im Westen und Östen, zu denen jetzt auch noch die unwirtlichen
125 1330 1891 1392 Kampfgebiete Serbiens getreten sind. Millionen unserer deutschen Männer stehen in steter Bereitschaft.
127 1355 1896 1420 nicht nür die Grenzen unsres Vaterlandes zu verteidigen, sondern unter heldenmütiger Einsetzung
127 1391 1902 1446 ihres Lebens den Sieg zu erzwingen, den wir nach all den Opfern zur Sicherung einer gedeiblichen
126 1418 1900 1476 Weiterentwicklung unsrer Existenz erringen müssen und werden. Groß ist unsre Verpflichtung diesen
118 1463 527 1527 Kämpfern gegenüber.
242 1470 1891 1534 Unsre Sammlung gilt vor allem aber den zahlreichen Kriegern unsrer Hannoverschen Truppen.
119 1519 1897 1571 die obne nähere Angehörige sind, die infolgedessen das Weihnachtsfest heranrücken sehen, ohne Aussicht
124 1545 1895 1599 auf eine beglückende Weihnachtsgabe aus der Heimat. Sollen diese Tapfern zu Weihnachten beiseite
1662 1570 1896 1618 Sollen diese
124 1575 1639 1626 stehen, menn andere Gaben aus der Heimat von ihren Angehörigen empfangen:
128 1597 1901 1661 vielen Kämpfer empfinden, daß sie, die auch ihr Leben für das Vaterland aufs Spiel setzen.
123 1636 474 1698 vergessen werden?
234 1652 1087 1719 Für diese erbitten wir in erster Linie Gaben!
231 1686 1904 1734 Ein jeder von uns Daheimgebliebenen wird gewiß für diese Helden seine Gaben bringen, um
126 1712 1895 1769 ihnen zu beweisen, daß auch sie bei dem schönsten aller Feste, zu Weihnachten, nicht allein stehen und
129 1761 806 1815 daß wir auch ihrer in Liebe gedenken.
236 1764 1660 1836 Am willkommensten werden unsern Feldgrauen auch jetzt, zu Weihnachten, wieder
635 1826 1413 1920 Weihnachts=Pakete
128 1904 1894 1968 sein, aus denen sie ersehen, daß sie von sorgender Hand für sie bereitet sind. Als Inhalt dieser Pakete.
132 1968 1901 2007 deren Wert man auf ca. 5 Mk. bemessen möge. ist besonders zu empfehlen: Strümpfe. Hosenträger.
124 1986 1900 2038 Taschentücher, von jedem vielleicht ein Paar, Zigarren, Zigaretten, Tabak. Tabakspfeifen, Schokolade.
134 2038 1896 2068 Zucker, Kerzen, Büchsensachen (Fische, Wurst, Fett), Nähzeng. Lichte, Taschenlaternen, Batterien. Lunten¬
129 2054 1165 2106 feuerzeuge, Seife, Mittel gegen Ungeziefer. Garu, Nadeln.
245 2075 957 2118 Dem Pakete lege man seine Adresse bei.
235 2102 1823 2171 Wem aber die Zeit und Gelegenbeit fehlt, selbst ein derartiges Puket zu fertigen, der gebe
433 2144 1608 2245 eine Geldspende von 5 Mark
138 2218 1907 2287 oder mehr, damit wir dafür Einzel=Pakete obigen Inhalts anfertigen können. Auch in diesem Falle
125 2282 1906 2322 bitten wir um Beifügung einer Karte, die den betreffenden Paketen beigepackt werden kann. damit
134 2299 1907 2351 der Empfänger siebt, von wem die Gabe kommt. Außer diesen Einzel=Paket= und Geldspenden sind
134 2333 541 2393 selbstverständlich auch
220 2355 1809 2466 andere Liebesgaben in beliebigen Posten
140 2475 1914 2540 und Auswahl willkommen und zwar sind dafür besonders zu empfehlen: Unterhosen. Strümpfe.
136 2494 1902 2554 Taschentücher, Hosenträger, Konserven, Keks. Schokolade, Honigkuchen, Zigarren, Tabak, Pfeifen, Post¬
139 2520 1901 2585 karten. Rum, gute Weine, Kaffee. Tee usw. Alles soll und muß beste Ware sein, die den
137 2548 1909 2613 Transport übersteht und die dem Körper bekömmlich ist. Die Beifügung der Adresse des Svenders
819 2576 1904 2630 Mit diesen Gaben werden wir, soweit es angebracht ist, auch
135 2586 796 2639 auch zu diefen Sachen ist erwünscht.
133 2615 1914 2663 Einzelpakete fertigen oder aber den Truppenteilen zuführen, damit diese selbst durch ihre Führer die
129 2643 1006 2717 Gaben so verteilen, wie es zweckmäßig erscheint.
135 2678 1904 2770 Vor allem erbitten wir alle Gaben, Einzelpakete und Geld¬
593 2675 1463 2813 spenden so schnelt wie mögisch.
145 2800 1902 2860 denn die Weihnachtspakete müssen zum Teil noch vor Ende November bekördert werden, um auf
1117 2827 1909 2884 rechtzeitig zum Weihnachtsfeste einzutressen.
136 2837 1107 2908 sicherm Wege auf den entfernteren Kriegsschauplätzen
1130 2865 1905 2910 erfolgt durch uns und die Annabmestellen
262 2876 1110 2920 Die Zuführung der Gaben an unsre Truppen
133 2899 500 2965 I und II hierselbst.
246 2932 1115 2997 Wir erbitten Einlieferung aller Svenden an die
142 2984 1902 3061 Geschäftsstelle des Hannoverschen Anzeigers, Hannover, Schillerstraße 11
899 3051 1158 3108 oder an die
221 3105 1842 3174 Annahmestellen I und II Künstlerhaus, Hannover, Sophienstraße 5.
263 3171 1703 3233 Ueber alle Gaben wird im Hannoverschen Anzeiger in der üblichen Weise quittiert.
385 3231 1874 3314 Verlag des Hannoverschen Fnzeigers, Hannover.
105 3391 2005 3454 te Treue, die ihnen Selbstverständlichkeit ist, auf holen, die dech, so unerquicklich sie größtenteils wir¬
1028 3433 2005 3476 ken, nirgends den schweren Ernst verkennen lassen,
115 3434 1027 3482 Bühne in sentimentaler Verbramung bengalisch
1033 3463 2013 3510 mit dem der grüblerische Dichter mit dem ihn wieder
102 3474 1023 3515 seuchtet werde. Aber sie dürfen verlangen, daß von
1037 3494 2003 3544 und wieder beschäftigenden Problem des Weibes ge¬
100 3506 1023 3552 sen die Welt vortäuschenden Brettern wenigstens
1033 3524 2006 3590 rungen hat. so muß es sie vollends abstoßen, zu sehen,
107 3544 1040 3588 t nicht das gerade Gegenteil ihres Verhaltens als
1026 3566 2008 3615 wie dem Wiener Schnitzler ähnliche Toemen eben
111 3584 1029 3623 rm, „ja als Selbstverständlichkeit hingestellt wird.
928 3600 977 3630 —
1034 3589 2018 3652 recht sind, mehr oder minder geistvoll „jenseits von
107 3606 1044 3654 enn schon mancher sich daran stößt, daß unsere The¬
1024 3631 1651 3694 Gut und Böse“ damit zu spielen.
95 3646 1025 3694 r ringsum im Reich jetzt des Schweden Strind¬
1068 3670 2069 3724 Der erste Einakter „Stunde des Erkennens“ hat!
125 3667 1044 3736 g zersetzende Einakter besonders häufig hervor¬
2064 202 2529 282 box 32/4
2423 685 2982 754 12. November 1915
1970 800 2978 851 immerhin bedeutende litexarische Qualitäten, die in
1980 837 2971 884 der Technik an den tieferen Strindberg und den
1974 864 2968 922 geistvolleren Shaw erinnern. In fesselndem Aufbau
1981 904 2974 950 der Szenen wird bruchstückweise die Tragodie einer
1976 934 2967 987 Ehe enthüllt, die vor zehn Jahren innerlich zerbrach,
1988 972 2972 1019 aber äußerlich weiter zusammenhielt. Sie entwickelt
1986 999 2975 1054 in ihrer Schlußszene die grausame Rache des Man¬
1989 1034 2973 1084 nes, der seine Frau für ihre Untreue „strafte“, in¬
1975 1076 2966 1129 dem er sie, die sich ihm wieder innerlich verbunden
1987 1104 2985 1154 glaubte, ein Jahrzehnt lang in kaltem Haß nur als
1974 1143 2979 1190 Maitresse ansah, und die Gegenrache dieser Frau, die
1980 1175 2971 1215 aus dem Leben scheidet, ohne ihm zu sagen, daß ihr
1991 1212 2980 1260 einstiger Treubruch keineswegs mit jenem vom Schick¬
1989 1246 2970 1293 sal verwöhnten Jugendfreund ihres Gatten geschah,
1976 1279 2979 1331 woraus dieser das bitterste Gift seiner Enttäuschung
1983 1317 2970 1357 gesogen hatte. — Der zweite Einakter „Große Szene“
1987 1335 2986 1395 fällt bereits technisch gegen seinen Vorgänger ab, wenn
1981 1382 2977 1428 auch die die Entwicklung hemmenden Breiten infolge
1989 1402 2976 1460 ihrer reichlichen Durchsetzung mit guten und schwäche¬
1980 1441 2976 1499 ren Witzworten nicht als unmittelbar störend empfun¬
1983 1485 2986 1538 den werden. Er gibt sich als Tragikomödie, erzielt
1986 1515 2987 1560 aber keineswegs die befreiende Wirkung der echten
1996 1549 2973 1600 Kunstwerke dieser Cattung, weil der Verfasser nicht
1994 1580 2985 1627 über seinem Stoff steht, sondern behaglich mitten
1988 1621 2973 1665 drin steckt und deshalb auch jede noch so leise Anden¬
1996 1653 2983 1696 tung des „Gerichtstaghaltens“ vermissen läßt, womit
1991 1686 2985 1741 Ibsen das Wesen echten Dichtens umschreibt. So
1989 1722 2982 1770 bleibt gerade von diesem Einakter trotz vieler
1983 1757 2987 1808 glänzenden Szenen ein peinlicher Gesamtein¬
1988 1783 2975 1842 druck zurück, weil dem gewissenlosen Spiel des
2002 1814 2988 1871 „großen“ Mimen mit Menschenschicksalen wie mit
1995 1844 2977 1913 hloßen Rollen jegliches sittliche Gegengewicht fehlt. —
1993 1890 2984 1946 Der dritte Einakter schließlich, die Burleske „Das
1994 1921 2980 1970 Bacchusfest“ ist eine zu unleidlicher Eintönigkeit in
1996 1965 2980 2005 die Länge gezerrte Dramatisierung des feuilletonisti¬
1993 1997 2989 2051 schen Einfalls eine „Eheirrung, ein Versuch, die recht
1999 2026 2992 2087 „freie" Umdichtung der antiken Bacchusfestbräuche
1984 2063 2374 2130 wieder einzurenken.
2245 2109 2293 2138 hri
2032 2088 2986 2153 Die Aufführung im Deutschen Theater mühte sich
1988 2145 2987 2196 redlich mit den nicht leichten darstellerischen Aufgaben
1994 2176 2988 2220 der drei Einakter. Am besten gelang der zweite, wo
1988 2218 2984 2259 [Robert Taube als Schauspieler Konrad Herbot
1986 2241 2987 2290 seine „große Szene", mit der er den betrogenen
1992 2280 2988 2333 Bräutigam seiner vorübergehenden Geliebten hinter¬
2001 2313 2988 2364 geht, eindrucksvoll absolvierte, Marta Schneider
1988 2347 2982 2395 sals seine Frau Sophie den standigen Wechsel zwischen
1990 2379 2991 2427 emporter Auflehnung und willenloser Hingabe an
1994 2416 2983 2458 den Mimen der Bretter und des Lebens mit bemer¬
1986 2446 2982 2502 kenswerter Darstellungskraft in Haltung, Mienensviel
1996 2475 2985 2528 und Stimmfärbung herausbrachte und Willy Clo¬
1995 2516 2974 2575 [dius einen witzig=schlagfertigen Theaterdirektor Dr.
1998 2549 2981 2596 Falk gab. Die Zuhörerschaft nahm die beiden ersten
2003 2585 2983 2649 Einakter beifallsfreudig auf, blieb aber beim dritten
1996 2617 2248 2689 ziemlich kühl.
2041 2743 2981 2794 Schönherrs „Weibsteufel“ im Bezirk des 7. Armer¬
2000 2780 2987 2828 korps verboten. Der kommandierende General des
2012 2801 2990 2864 7. Armeekorps in Münster hat die Weiterauffüh¬
2005 2849 2980 2895 rung des Stückes „Der Weibsteufel“ von Schönherr
2000 2878 2987 2932 im Bezirke des ganzen Armeckorpsbereichs verboten.
2048 2916 2993 2958 Der „Weibstaufel“ sollte in Frankfurt a. M. ur¬
2001 2947 2990 2998 sprünglich am Totensonntag zum ersten Male aufge¬
1991 2989 2999 3036 führt werden. Infolge Einspruches eines Teiles der#
2003 3015 2989 3064 evangelischen Geistlichkeit von Frankfurt und einer
2004 3043 2986 3099 Anzahl Bürger ist die Erstaufführung jedoch auf An¬
1999 3093 2676 3150 fang Dezember verschoben word n.
2524 3127 2610 3178 S
