3344 4352
2058 178 2577 291 box 32/1
235 203 2077 304 26.1. Konoedie der Norte zyklus
800 1178 1131 1261 —
138 1198 745 1288 Dünaburg führte unser An¬
1907 1205 3105 1282 uneribunsehte Freide und neden ihnien wird eine große
815 1225 1912 1313 Die Minister in Nisch setzen ihre Hoffnungen nicht auf
132 1275 735 1342 eindlichen Stellungen westlich
1908 1275 3107 1333 Armee mobilisiert, die, stolz auf ihre Heimat, die Demütigung
740 1273 1905 1351 Petersburg, sondern blicken angstvoll nach dem Süden, nach
133 1313 739 1384 Kilometer Frontbreite. Drei
1905 1321 3104 1405 eines gewaltsamen Einbruches nicht geduldig hinnimmt und
738 1337 1889 1398 Saloniki, ob nicht von dort die Erlösung aus den Bedräng¬
116 1359 730 1421 Gefangengenommen. Ein Ma¬
1908 1369 3092 1435 durch Drohungen in London noch mehr gereizt wird. Wie
739 1383 1905 1445 nissen sich nähere. Manch einer ist unter ihnen, dessen Brust
126 1415 732 1495 ussische Gegenangriffe wurden
1912 1413 3093 1481 kann Serbien unter solchen Verhältnissen gerettet werden?
735 1430 1904 1490 vom Zweifel zerwühlt wird und der, getrieben von Angst
1902 1459 3094 1528 Der Streit unter den Verbündeten, wer die Landungstruppen
735 1474 1908 1533 vor der schweren Verantwortung und im Bewußtsein, durch
128 1477 743 1585 eneralfeldmarschalls
1915 1507 3092 1580 in Saloniki verstärken solle, ist ein Bekenntnis, daß die
738 1523 1904 1580 Volksverführung eine Schuld auf sich geladen zu haben, die
129 1550 569 1628 ld von Bayern.
1911 1540 3099 1632 Mächtegruppe, die den großen Krieg angezettelt hat, weil
738 1571 1904 1626 Frage nach dem Auswege prüft, manch einer, der den Ge¬
1904 1588 3092 1663 sie auf die Erschöpfung der beiden Kaiserreiche rechnete,
731 1611 1911 1666 danken erwägt, ober nicht durch einen verwegenen Tell¬
117 1621 709 1706 eneralsv. Linsingen.
1911 1630 3099 1718 ihrer Politik nicht mehr durch ein genügendes militärisches
739 1662 1904 1728 sprung aus dem Nachen der Verbündeten den Fuß wieder
131 1685 731 1769 sie bei Jeziersy räumte das
1906 1692 3094 1741 Aufgebot den unentbehrlichen Nachdruck geben könne. Merk¬
732 1695 1904 1775 auf festes Land setzen könne. Aber die Unfreiheit ist zu
1914 1740 3098 1799 male der Schwäche, der Ratlosigkeit und der Unlust werden
735 1753 889 1819 größ.
868 1759 1910 1821 Serbien wird noch immer von den Verschwörern
1911 1788 3092 1861 sichtbar und keiner hat Freude an dem andern und jeder hat
724 1797 1915 1874 regiert, die den König Alexander und dessen Gemahlin er¬
126 1792 722 1899 hen Truppen der Armee des
1903 1831 3091 1904 ein verdrossenes Urteil über seine Verbündeten. Diese
724 1841 1908 1903 mördet und den König Peter in den von diesem Verbrechen
130 1874 481 1932 st unverändert.
1910 1879 3098 1948 Seelenzustände sind wichtig und zeigen, daß die Mitglieder
730 1886 1906 1948 besudelten Palast geleitet haben. Von ihnen und von den mit
125 1914 528 1991 segsschauplatz.
1902 1916 3090 1988 des Vierverbandes über den Krieg hinaus zu denken be¬
730 1944 1903 1995 ihnen zusammenhängenden militärischen Einflüssen, von
1905 1968 3097 2041 ginnen. Das Vertrauen in Grey und Delcasse ist erschüttert,
164 1960 724 2036 macht unsere Vorwärts¬
728 1989 1901 2041 einer Militärliga wird Serbien beherrscht. Die Minister
141 2014 726 2088 Stadt und Feste Semendria
1900 2011 3088 2099 und die Katastrophe von Serbien würden sie und ihre Mit¬
737 2028 1899 2109 sind gegen die Ueberhebung und gegen die Selbstvergötterung,
1907 2061 2521 2141 schuldigen schwerlich überleben.
138 2062 485 2131 ppen genommen.
726 2072 1914 2133 die sich von den Verhältnissen keine Rechenschaft geben kann,
172 2092 681 2191 Oberste Heeresleitung.“
732 2130 1931 2201 beinahe ohnmächtig. Der Glaube an Rußland ist bei den
734 2232 1907 2297 seichte =Musik in den verschiedenen Gesellschaftszentren die
150 2232 735 2303 des Wiederabdruckes des
1901 2243 3074 2310 Stimme und Seele leiht, darüber zuletzt sich selbst verliert,
725 2285 1898 2347 Tonart wechselt, dies ist es, was uns der Dichter in dem neuen
131 2258 725 2374 und Glied“ von Friedrich
1904 2293 3080 2360 im Wechselspiel der verschiedenartigen Charaktere des
718 2331 1891 2389 Werke veranschaulicht und zu Gehör bringt. Ein Stück
133 2321 447 2391 auf Seite 18.
1904 2342 3077 2389 eigenen Charakters verlustig geht. Das Stück ist aus, der
731 2370 1900 2430 spielt in ärztlichen, ein anderes in schriftstellerischen Kreisen,
1897 2385 3081 2459 Vorhang fiel, er aber spielt seine Rollen weiter, bleibt, ohne
728 2424 1426 2480 das dritte in der Kulissenwelt
1463 2426 1895 2490 lauter Gebiete, die
1899 2430 3076 2489 es zu wissen und zu wollen, ein Schauspieler auch im Leben
729 2471 1906 2518 Schnitzler aus der Praxis des Lebens kennt. Das letztere
1887 2469 3085 2549 draußen, unbewußter Komödiant auch im Verkehr mit den
128 2431 722 2564 leton. 7. 70
713 2512 1901 2586 Stück, „Große Szene“ heißt es, ist das beste, das
1901 2523 2726 2594 Menschen und selbst am häuslichen Herd.
705 2561 1900 2623 wirksamste jedenfalls, und wird in der dramatischen
499 2544 728 2650 13/10
1975 2574 3075 2636 So Konrad Herbot, wie der Dichter seinen Helden
124 2575 344 2649 heater.
724 2589 1901 2659 Literatur auf lange Zeit hin seine Ecke behaupten. Selbst
1899 2596 3068 2672 nennt. Er ist ein großer Mime, der volle Häuser macht und
115 2621 733 2716 Schnitzler, dies die erste
718 2653 1898 2716 diejenigen, welche sich vor Superlativen scheuen, überhaupt
1887 2668 3079 2731 die Kassen füllt, immer auch die Herzen beunruhigt. Liebt
117 2695 717 2755 e in demt käum begonnenen,
715 2699 1895 2755 nicht gern die höheren Vergleichungsstufen betreten werden
1889 2711 3073 2780 seine Frau und betrügt sie jeden Augenblick. Trotz seiner
134 2731 722 2800 Spieljahre. Auf dem Theater¬
709 2734 1900 2815 zugeben müssen, daß seit Diderots glänzendem „Paradoxe
1888 2748 3076 2809 fünfundvierzig Jahre und trotz der schon aufleuchtenden
136 2786 718 2869 Stücke unter einem gemein¬
723 2799 1900 2875 sur le comédien“ keine feinere, tiefer schürfende, und man
1896 2808 3084 2880 Glatze der Unwiderstehliche, Bezaubernde, ein lieber Kerl,
124 2824 724 2898 ködie der Worte“. Ein
725 2834 1891 2892 kann beifügen, grausamere Studie über die Psyche des Schau¬
1893 2851 3077 2903 wo man ihn anfühlt. Sein letztes Abenteuer, das beinahe
126 2877 725 2952 nder, ein sprechender Titel.
716 2895 1900 2961 spielers geschrieben wurde. Natürlich verfolgt der deutsche
1887 2903 3075 2964 die Scheidung seiner Ehe verschuldet hätte, bestand darin,
121 2915 725 2998 et ein Substantiv das andere.
722 2929 1892 2988 Dichter andere Ziele als der berühmte Franzose. Er
1886 2943 3066 3008 daß er die Braut eines jungen Mannes verführte. Der
122 2979 737 3041 en, also leere Klänge, könende
710 2974 1890 3047 schildert den Einfluß des Handwerks auf den Handwerker,
1882 2989 3069 3067 Bräutigam hat davon Wind bekommen, und knapp vor
122 3023 3081 3108 Luft. Und wie diese leichte, zeigt uns, wie Der Mann, der hundert Gestalten, seiner einer „Hamlet"=Vorstellung, in welcher Herbot die Titel¬
2167 3081 2285 3170 —
191 3107 360 3214 4A
881 3141 2427 3233 1TND WWABTROARRIn MK
2364 3179 3184 3319 A
