3344 4352
383 161 1542 222 neenenenengemneenn
1548 196 2704 247 schwätzigkeit dieser mit Fug als „Wortkomödten“ bezeichne¬
370 208 1543 272 die schlimmen „Klerikalen“? Nein! Ueberall die sauberen
1540 241 2698 283 ten Dichtungen übel empfinden, werden die den Abend eröffnende
368 256 1535 318 Menschen, überall die Leute, deren Ekel sich regt, deren
1538 268 2710 337 Tragödie als mühsam konstruierten Schwindel be¬
1543 309 2707 370 lächeln und für die Geschmacklosigkeit des letzten Ein¬
363 300 1536 355 Reinlichkeit sich empört. In Stuttgart haben die
1541 341 2708 408 giters die Achseln zucken. Damit ist alles Erforderliche über den
365 354 1529 415 evangelischen Pfarrer gegen den „Werbsteusel“
1537 392 2701 446 Kunstwert der drei Stücke gesagt. Vom nationalsittlichen Stand¬
367 396 1534 468 und die „Mona Lisa“ eine sehr entschiedene Ver¬
1534 429 2690 476 punkt aus wird vielleicht noch mehreres hinzuzufügen sein.
367 439 1140 531 wahrung eingelegt. Darin heißt es:
1543 474 2704 521 Schnitzter hat zu Anfang des Krieges angeblich einige Torheiten
1540 505 2704 555 über uns und unsere Feinde gesagt. Wer die Ideenwelt dieses
443 506 1524 575 Wenn je, so hätte das Theater in unserer ernsten Zeit allen
1537 544 2709 599 Dramatikers aus seiner „Komodie der Worte“ kennen lernt, der
362 538 1526 607 Grund, sich als „moralische Anstalt“ und Träger gesstiger
1545 582 2695 627 wird ihm keinen Vorwurf wegen irgend einer scheinbar nicht in
369 594 1525 646 Kultur zu bewähren und auf das Empfinden weiter Kreise des
1532 617 2696 673 diese Zeit passenden Radewendung machen. Denn Schnitzler hat
362 640 1537 688 deutschen Volkes Rücksicht zu nehmen. Manche Darbietungen
1539 658 2692 725 offenbar — kein Organ für diese Zeit und ihre Notwendigkeiten.
362 677 1532 726 der Schaubühne stehen in schrossem Gegensatze dazu. In eine:
1629 707 2705 793 Die Berliner „Tägliche Rundschau“ meint!
362 712 1534 777 Zeit der höchsten Spannung und blutigsten Kämpfe wird in
368 750 1535 808 Schauspiel und Oper aber statt sittlich Erhebenden vielfach
1538 739 1855 827 sehr treffend:
361 795 1534 851 Herabziehendes und Zersetzendes geboten. Während wer gauz
1610 790 2699 856 Wenn die Augenblickswirkungen eines glänzend gewebten
363 827 1541 880 auf Treue und Zucht angewiesen sind und unser ganzes
1539 846 2697 898 Dialegs verflogen sind, sagt man sich dech, daß drei tändelnde
360 882 1532 921 Dasein durch heiligen Opfermut unserer Krieger bedingt
1544 877 2702 949 Ehsbruchstücke an einem Abend in der heutigen Zeit, wo
359 911 1534 962 und geschützt ist, wird leidenschaftliche Sittlichkeit und
1544 933 2700 980 Hunderttausende von deutschen Frauen um
366 945 1530 1008 zügelloser Lebensgenuß vorgeführt. Draußen spielt sich
1536 973 2703 1023 ihre Männer sorgen oder gartrauern, so fehl am
365 989 1540 1042 das größte Drama der Weltgeschichte ab und in der
1532 1006 2713 1056 Orte sind wie nur möglich. Wer dafür kein Gefühl hat,
360 1010 1530 1072 Heimat soll man sich an Darnellungen des Verbrechens ergötzen.
1549 1045 2694 1096 mit dem ist natürlich nicht darüber zu streiten. „Gefühl ist alles.“
361 1064 1528 1113 Wir sind daran, uns auf unserinnerstes und bestes
1545 1085 2709 1137 Schnitzler selber wird vermutlich die Achseln zucken über solche
458 1100 1534 1160 gengut zu besinnen, und hier wrd welschem Geist ge¬
364 1109 448 1155 Ei
1528 1120 2715 1181 Einwände; er hat einmal das Bekenntnis abgelegt: „Wir spielen
358 1149 1528 1196 huldigt. Es geht um die höchsten Güter nicht bloß unsetes
1534 1165 2709 1229 immer; wer es weiß, ist klug.“ Aber es ist ein großer Irrium,
362 1174 1529 1229 deutschen Volkes, sondern der Menschheit, und hier klascht man
1533 1201 2530 1265 daß solche Klugheit wirklich das Höchste im Leben sei.
360 1221 1530 1259 fader Oberflächlichkeit und Zweideulig¬
360 1260 1532 1311 keit Beifall. Welchen Einbruck vom Leben in der Heimmt
1626 1236 2713 1320 Angesichts dieser heftigen Ablehnungen, die aus
366 1306 1528 1355 müssen die Krieger mitnehmen, die Zeugen solcher echau¬
1539 1297 2711 1378 Blättern aller Parteirichtungen kommen, angesichts die¬
370 1328 1534 1387 stellungen werden! Gibi es nicht Stücke genug, um einen
1535 1338 2713 1416 ser erbitterten Verwahrungen, mit denen sich allent¬
358 1364 1536 1415 Spielplan aufzustellen, der der heutigen inneren und äußeren
1537 1382 2712 1465 halben anständige Leute gegen den Schnitzlerschen
353 1406 1526 1458 Lage des deutschen Voikes gerecht wird? Wir bitten die
361 1454 1528 1512 Theaterleiter und Theaterbesucher hier Wandel zu schaffen und
1527 1432 2713 1512 Schmutz auflehnen, meint das „N. Wiener Jour¬
366 1494 1530 1546 in ihrem Teil deutsche Kraft und Würde zu
1534 1499 2707 1557 nal“, welches bekanntlich eine besonders heiße Lanze
348 1528 578 1592 stärlen.“
1536 1550 2706 1600 für den Dichter gebrochen hat, sehr betreten: „Schnitz¬
341 1566 1524 1659 * Bravo! Dank den evangelischen Pfarrern von Stutt¬
1528 1604 2714 1670 lers „Komödie der Worte“ scheint in Deutschland nicht
344 1631 843 1722 gart'für diese Worte!
1535 1633 2708 1697 allzu respektvoll ausgenommen zu werden.“
1535 1691 2710 1757 Aber geh'n S' was Sie nicht sagen? Seh'n S', das
456 1697 1520 1769 In Salzburg hat der christlichsoziale Gemeinderat
1540 1742 2707 1822 kommt uns auch so vor. Gar besonders respektvoll ist die
355 1758 1528 1816 Preis dagegen Einspruch erhoben, daß das Salzburger
1536 1800 2077 1867 Aufnahme wirklich nicht.
356 1802 1526 1865 Stadttheater mit dem „Weibsteufel“ verunreinigt
353 1841 1540 1913 wird. Dieser „hetzerische Klerikale“ mußte sich in offener
1619 1825 2714 1920 Die „Frankfurter Zeitung" beginnt ihre
361 1897 1528 1969 Gemeinderatssitzung vom Theaterintendanten Dr. Toldt
1534 1875 2709 1961 Besprechung mit der Feststellung: „Es gibt Dinge, die
363 1940 1522 2000 darüber beie reul ssen, daß das Trama nichts Unsitt¬
1531 1950 2709 2008 man tut, aber über die man nicht spricht.“ Hiezu meinen
366 1991 1528 2059 liches und Relizionsfeindliches enthalte, da es sonst nicht
1536 1998 2711 2064 wir, daß man die Dinge, von denen Schnitzler mit em¬
500 2039 1526 2096 am Wiener Burgtheater gespielt werden könnte!
1537 2021 2715 2118 pörender Unverfrorenheit spricht, lieber auch nicht tut.
1625 2099 2701 2153 Nur ganz wenige Besprecher der Neuheit unter¬
366 2087 1544 2161 Dort habe nämlich, obwohl das Stück oft genug gespielt
358 2136 1531 2200 werde, noch niemand daran Anstoß venommen. Wenn
1531 2135 2709 2202 nehmen den Versuch, mit einem verlegenen Witz über
354 2185 1543 2254 die Sache nicht zu traurig wäre, müßte man herzlich
1531 2178 2718 2243 ihre wahre Ansicht hinwegzugleiten. So der Dr. Bettel¬
370 2241 1542 2314 darüber lachen. Der gute Dr. Toldt hat offenbar
1541 2235 2705 2313 heim, welcher neckisch bemerkt („Vossische Zeitung"):
356 2284 1528 2339 keine Ahnung davon, was alles heute am Burg¬
1530 2291 2711 2348 „Jedes Blatt, das Schnitzler in seinem Ehezucht= oder
363 2338 1527 2394 theater gespielt werden darf. Und was das ent¬
1535 2332 2724 2410 vielmehr Eheunzuchtbüchlein aufschlägt, führt uns in
368 2372 1538 2442 standene Aergernis anbelangt: Wir könnten ihm einen
1545 2381 2709 2441 einen anderen, dem Sittenmaler aus jahrzehntelangen
370 2431 1534 2501 sehr umfangreichen Stoß von Zeitungsausschnitten und
1531 2425 2717 2495 Erfahrungen gleich vertrauten Kreis.“ Der Stefan
359 2479 1529 2543 privaten Zuschriften senden, aus denen er unschwer er¬
1532 2480 2713 2535 Großmann lobt den „Trotz“ des Schnitzler: „Es liegt ein
365 2523 1530 2593 sehen könnte, daß vieltausend Leute an dem Stück Anstoß
1534 2525 2707 2591 gewisser Trotz darin, daß Schnitzler sich durch den
360 2574 1536 2643 genommen haben. Freilich Leute, deren Stimme dem
1542 2586 2720 2636 Weltkrieg nicht weiter stören läßt — ein
361 2624 1531 2686 Burgtheaterdirektor heute noch nicht beachtenswert genug
1536 2632 2705 2692 bißchen Trotz steht auch dem Dichter der elegant=zerrisse¬
360 2677 1527 2750 erscheint. Ehre und Preis dem Salzburger Gemeinde¬
1526 2674 2710 2748 inen Seelen gut an. Er bleibt seinem Wiener Salon¬
357 2720 620 2800 rat Preis!
1535 2711 2716 2778 bürgertum von 1914 treu und dem, was sie für ihr
1529 2770 2696 2839 inneres Erleben halten.“ Nun, den schönen „Trotz“ sich
464 2764 1526 2848 Ferner hetzen die „Klerikalen“ (natürlich nur aus
1536 2821 2697 2888 „vom Weltkrieg nicht weiter stören“ zu lassen, den hätten
366 2833 1530 2894 konfessionellen Beweggründen!) gegen Schnitzlers
1528 2866 2698 2933 die Besitzer allerlei anrüchiger Nachtlokale auch aufge¬
361 2888 1530 2951 „Komödie der Worte“, dieser letzten „künstleri¬
1534 2927 2696 2994 bracht. Aber er ist ihnen gottlob doch schon meistenorts ge¬
360 2925 1527 2983 schen Tat“ des Burgtheaters. Wir haben bereits Zeitungs¬
1534 2972 2144 3039 hörig ausgetrieben worden.
365 2982 1530 3040 stimmen angeführt, aus denen unschwer zu ersehen ist,
362 3029 1530 3092 daß nicht bloß die „klerikale", sondern die gesamte
1622 3013 2695 3108 Die „Münchener Neuesten Nachrichten“
365 3077 1535 3151 arische Wiener Presse diese schmierigen Einakter mit
1537 3077 1762 3157 schreiben:
353 3123 1542 3181 aller Schärfe abgelehnt hat. Auch gegen diesen öster¬
1628 3116 2714 3186 Die gesinnungstüchtige Wiener Presse läuft Sturm gegen
1528 3175 2703 3237 die Leitung des Burgtheaters, weil sie in dieser ernsten Zeit der¬
365 3167 1523 3238 reichischen Dichterimport hat fast die gesamte deutsche
1536 3219 2708 3266 artige wurmstichige Ehebruchsdramatik auf die Bühne bringt.
358 3223 1524 3291 Presse mit seltener Heftigkeit Front gemacht. So lesen wir
1534 3259 2701 3307 Man braucht diesen Entrüstungsrummel nicht mitzumachen,
360 3266 1518 3350 in der nationalliberalen „Kölnischen Zeitung“
1529 3295 2712 3350 wird aber doch zugeben müsse n, daß dem alten Wie¬
358 3324 799 3402 vom 18. Oktober:
1525 3321 2700 3389 ner Stoßseufzer: „Glückliche Leut', ham zu so was a Zeit!" seine
1535 3351 2707 3418 Berechtigung nicht abzusprechen ist, wenn man
409 3394 1518 3442 Schnitzler ist modern, bietet keine zeitlose Allerweltsware, sondern
1531 3399 2706 3456 Schnitzlers eminentes Können und den großen Apparat des
352 3432 1533 3482 verzwickte moderne Psychologie, und da legt der Ernst der Zeit
1537 3449 2703 3516 Burgtheaters in den Dienst solcher Belanglosigkeiten gestellt
367 3478 1528 3521 wohl die Frage nahe, ob nicht derartige Spitzfindigkeiten aus
1530 3492 1654 3561 sieht.
355 3503 1536 3560 dem Seelenleben eines engen Kreises fauliger Groß¬
1623 3520 2704 3596 Es soll uns nicht anfechten, daß der Verfasser dieses
367 3532 1540 3601 stadimenschen einen gar zu breiten Raum auf der
350 3581 1526 3644 deutschen Bühne eingenommen und andere, für die Gesamtheit
1533 3582 2703 3650 Urteils nicht Mut genug hat, um sich die spöttische
358 3619 1528 3677 viel wichtigere gesellschaftliche Problemne zurückgedrängt haben.
1534 3643 2701 3694 Phrase von der gesinnungstüchtigen Wiener Presse zu
366 3668 1533 3718 Ein gewisses Mißbehagen rief Schnitzlers Art auch früher zu¬
1531 3682 2706 3745 ersparen, es genügt uns, daß er Geschmack genug besitzt,
361 3698 1529 3748 weilen hervor, das in Limonade verrührte Laster, das weichliche
1532 3724 2702 3793 einzusehen, daß wir doch in der Sache recht haben. Die
350 3736 1525 3803 Ineinandermalen von skrupelloser Sinnengier und müder Em¬
358 3773 1528 3827 pfindsamkeit, von neurasthenischer Brutaliät und welker Grazie
1528 3768 2706 3843 Zeit wird kommen — und allem Anscheine ist sie schon
356 3821 1520 3871 blasierter Schwächlinge; es stieg da ein Duft auf, wie von zart
1524 3818 2705 3885 recht nahe — wa tüchtige Gesinnung, wo Reinlichk=t des
347 3857 1528 3912 parfümierter, aber nicht mehr ganz sauberer
1538 3869 2708 3944 Handelns und Denkens mehr gelten werden, als das jaule
452 3891 1531 3948 itzenwäsche — ein unappellicher Vergleich, der stehen
1537 3922 2704 3983 aber feine Geschwätz aller verseuchten Dichter zusammen.
348 3934 1529 3995 bleiben mag, weil die Ueber=Kreuzliebelei dem natürlichen
353 3976 1274 4044 Empfinden manchmal beinahe unappetitlich war.
1527 3971 2702 4031 Mit dem Theaterschund und Bühnenschmutz muß gründ¬
455 4015 2700 4085 Und an anderer Stelle in derselben ganz „un¬ lich aufgeräumt werden. Kein Wehgeschrei der gewissen
1513 4052 2733 4141 Wiener Presse wird uns in unserer Säuberungsarbeit
348 4060 811 4153 klerikalen“ Zeitung:
2704 153 3245 239 en ertung uen e 1
2719 215 3240 273 der auch nus Katholisei
2715 273 3208 334 Werbsteufel“ ist im
2707 307 3257 384 theater zuerst, un
2719 357 3248 429 Krieges aufgef ü
2714 412 3263 469 haben sich die maßgebende
2722 464 3257 528 lische Bevölkerungsmehrhe#
2716 511 3138 575 Burgfriede nämlich —
2710 544 3254 626 Schutz denn auch sehr üp
2804 598 3253 676 Ob im Wiener Hofth
2713 625 3265 716 aus Deutschland eine B
2713 691 3253 779 Schmeichelhaft ist dieses
2715 750 2999 822 bühne nicht.
