3344 4352
2033 171 2492 273 box 32/1
165 180 1885 282 26.1. Kongedie der Norte zuklus
1622 561 2797 624 dritten Stück wußte Herr Walden seinen Nebenbuhler aufs]
1609 601 2772 678 glücklichste zu frotzeln. Dieser, Herr Romberg, überraschte
1610 651 2774 717 durch eine wirksame trockene Komik, die ihm gute Wege in
1614 694 2775 764 seiner Kunst weist. Fräulein Wohlgemuth war ausnehmend
1609 743 2776 803 gut als hübsches und dummes Tierchen, was deswegen auffiel,
1617 785 2778 849 weil sie uns bisher immer in starken dramatischen Rollen erschien, für
1605 839 2764 902 die sie ihre imposante Gestalt und ihre statuenhafte Schönheit
1608 875 2775 943 zu bestimmen schien. Herr Baumgarten bewies in seiner¬
1615 934 2761 1000 kleinen Rolle, daß eine starke komische Kraft in ihm ist, die
429 936 709 1016 hnitt aus:
1619 956 2774 1047 vielleicht im Burgtheater noch nicht zur vollen Entfaltung hat
427 958 1303 1078 30KT 1915 (beiler-Zeiung, Wien
1617 1028 2763 1089 kommen können. Im ganzen war die Aufführung wohl aus¬
1617 1082 2762 1131 gezeichnet. Glänzend in der Einzelleistung, vollendet im
1625 1121 2763 1189 Zusammenspiel. Also so, wie man sich das „gute Burgtheater“.
1624 1173 1808 1241 vorstellt.
574 1143 1525 1272 Theater und Kunst.
1730 1198 2760 1290 Dachte man während der Vorstellung einen Augenblick
592 1250 1606 1318 Burgtheater. Dienstag den 12. Oktober. Zum ersten¬
1610 1265 2761 1326 hinaus in die Welt, so ergriff der Gegensatz in seltsamer
461 1280 1596 1358 mal: „Komödie der Worte.“ Drei Einakter von
1617 1312 2766 1386 Weise. In der großen Welt regiert heute nicht das Wort,
466 1357 1605 1417 Arthur Schnitz Lor. Es ist wie immer bei Schnitzler:
1628 1363 2764 1428 sondern die Tat. Sie übertönt alle Worte. Aber es wird
475 1404 1604 1463 eine durchgreifende Charakteristik der Personen, feine Psychologie
1627 1418 2770 1484 wieder die Zeit kommen, da wir aus der äußerlich grausen
476 1454 1607 1517 und witzige Behandlung. Nur ist sein Witz so gar nicht lärmend,
1616 1463 2753 1531 und großen Zeit wieder in die größere innere Welt flüchten,
474 1498 1597 1560 still in den Dingen und Menschen liegend, nicht aufdringlich,
1621 1504 2759 1573 deren schmerzhafte Rätsel zu ergründen für immer die Aufgabe
475 1557 1613 1609 aber sehr wirksam. Es sind keine Dramen im Schulsinn, die
1620 1558 2750 1616 und das Ziel aller Denker und Dichter bleiben wird ...
474 1595 1608 1648 er uns bietet, es sind Dialoge. Es geschieht nicht viel und was
1622 1598 2758 1672 Der Beifall war am stärksten nach der „Großen Szene“.
461 1644 1608 1693 geschieht, ist innerliches Geschehen. Und es ist nicht das erste¬
1613 1647 2774 1730 Der Dichter mußte mehrmals erscheinen, ebenso nach dem
470 1694 1606 1749 mal, daß Schnitzler jenem tiefsten Problem nachgeht, das
1618 1702 1894 1753 „Bacchusfest“
2587 1702 2747 1792 LF.
461 1734 1620 1799 die denkenden und tieferen Menschen so quält und das so un¬
465 1788 1620 1853 lösbar ist: das Problem der absoluten Vereinsamung der
468 1827 1623 1910 Menschenseele, die ein ganzes Leben dahingeht, ohne in ihrer
460 1886 1621 1927 innersten Wesenheit von den anderen Seelen verstanden zu
466 1931 1619 1990 werden. Zwar gibt es ein Mittel des Verständnisses: die Tat.
468 1978 1621 2027 Aber wie selten ist sie restlos auszudeuten! Sonst haben wir
466 2026 1621 2082 nur die Worte. Die Sprache ist gewiß das feinste Werkzeug,
465 2074 1624 2141 das sich der menschliche Verstand ersonnen hat, ein wunder¬
458 2129 1613 2189 volles Werkzeug. Aber verstehen wir es auch, sie so zu ge¬
461 2166 1627 2240 brauchen, daß sie ihren Zweck erfüllt? Indem wir ineinander
466 2217 1612 2277 hineinreden, in der besten Absicht, zu verstehen und ver¬
469 2263 1619 2339 standen zu werden, reden wir ach so oft aneinander
454 2315 1621 2378 vorbei, von jenen Fällen zu schweigen, wo wir lügen, mit
463 2365 1625 2421 und oft auch ohne rechtes Bewußtsein. Und so geben wir
457 2395 1621 2473 uns nicht durch die Worte, wie wir sind, sondern spielen den
463 2453 1620 2532 anderen nur eine Komödie vor. Wären wir uns dessen immer
462 2510 1617 2570 bewußt, wie selten konnten wir uns gegenseitig offen ins Auge
452 2557 1622 2612 schauen! Wie oft belügen wir die anderen und dabei uns selber
461 2602 1612 2651 oft am meisten. Und es entsteht dann jene Menschenfeindselig¬
458 2641 1621 2719 keit, die das Menschengeschlecht vernichten müßte, hätte uns das
461 2699 1622 2764 gütige Geschick nicht als Gegengewicht die Sehnsucht nach dem
466 2752 1623 2814 anderen ins Herz gesenkt. Aus dieser verzweifelten Stimmung
465 2792 981 2863 heraus hat Goethe gesagt:
691 2848 1457 2941 Der Teufel hol' das Menschengeschlecht!
699 2917 1255 2960 Man möchte rasend werden!
693 2945 1324 2997 Da nehm' ich mir so eifrig vor:
704 2984 1235 3039 Will niemand weiter sehen,
691 3021 1438 3093 Will all das Volk Gott und sich selbst
693 3060 1228 3116 Und dem Teufel überlassen!
687 3095 1420 3182 Und kaum seh' ich ein Menschengesicht,
702 3142 1203 3213 So hab' ich's wieder lieb.
570 3219 1619 3270 Daß es sich bei Schnitzler auch hier um den Konflikt
453 3260 1616 3331 zwischen Mann und Weib handelt, versteht sich fast von selbst.
458 3313 1620 3365 Drei Männer= und drei Frauentypen führt uns Schnitzler vor:
455 3355 1614 3419 In der „Stunde des Erkennens“ den tückisch=rach¬
455 3403 1614 3452 süchtigen, schon etwas gemeinen Mann und das Weib, das
452 3452 1617 3507 nicht besser gewesen sein will als tausend andere Weiber, dabei
462 3507 1617 3564 aber neben diesem Manne zu einer gewissen schlichten Größe
465 3547 1624 3615 aufwächst; in der „Großen Szene“ den gewissenlosen
450 3583 1615 3677 Mann, der sich seiner inneren Gemeinheit unbewußt ist, ein
458 3637 1611 3697 „lieber Kerl“, der ein Lump ist, und neben ihm eine schlichte,
453 3692 1622 3756 gütige Frauennatur, der das Verständnis für seine Verständnis¬
450 3742 1624 3804 losigkeit fehlt; im „Bacchusfest“ den Mann, der festhalten“
464 3783 1602 3836 will, was er hat, und ihm gegenüber eine dumme Gans,
457 3839 1612 3894 die laufen zu lassen ihm eigentlich eine Genugtuung sein müßte.
451 3884 1614 3940 Aber er gönnt seinem Nebenbuhler, der ein Tropf ist, nicht den
463 3933 1607 3999 Triumph. Der beherrschende Mittelpunkt jedes Stückes ist der
462 3982 1606 4025 Ehemann, dargestellt von Herrn Walden, jedesmal der
456 4019 1613 4091 vollendete künstlerische Ausdruck des dargestellten Charakters,
461 4076 1609 4138 am besten wohl im zweiten Stücke, wo er den eitlen, selbst¬
467 4126 1605 4170 gefälligen Schauspieler zu mimen hat. Es ist nicht zu zweifeln,
2767 4080 2949 4169 —
