3344 4256
2150 168 2613 261 box 3275
279 172 1993 275 26.1. Kongedieder Norte—zyklus
744 1171 973 1258 Mlatten...
2413 1254 2513 1323 Scn
740 1306 1787 1352 Kunst zu einer wahrhaft herrlichen Einheit zusammen.
743 1341 1797 1394 Alles das gilt im Wesentlichen auch von dem Dr. Eck¬
1868 1339 2801 1431 aus dem Konzertsaale.
737 1401 1787 1461 hold Waldens in der „Stunde des Erkennens“
2071 1424 2550 1514 Einsonie=Konzert.
738 1448 1783 1507 Aber so groß ist die Wandlungsfähigkeit wie die
746 1491 1797 1567 Charakterisierungsgabe des Künsilers, daß Eckhold
1849 1485 2837 1570 Als Haydn nach Oxford kam, um persönlich die
746 1548 1784 1607 und Herbot nicht das geringste mit einander gemein
1798 1549 2833 1615 Doktorwürde entgegenzunehmen, brachte er eine neue
747 1596 1797 1660 haben, wie in der Dichtung, so d fferenzieren sie sich auch
1806 1607 2840 1671 Sinsonie mit. Durch verspäletes Eintreffen war aber
749 1639 1792 1706 in der Darstellung bis zur letzten Außerlichkeit: sogar
1804 1654 2839 1711 zum Einstubieren keine Zeit mehr und so wählte er
749 1693 1780 1754 die Körperhaltung, die Handbewegungen und die Art
1814 1706 2834 1763 für die Festlichkeiten unter den schon vorhandenen
744 1741 1793 1813 des Ganges sind verschieden von einander, so daß
1790 1754 2832 1813 dei in G=dur. Seither führt dieses Werk den Namen
740 1784 1780 1839 nicht die kleinste Ahnlichkeit an denselben Schauspieler
1799 1800 2825 1858 Oxford=Sinfonie. In den ersten drei Sätzen stellt sie
750 1844 1787 1897 erinnert. Da könnte manch einer, der sich für ver¬
1799 1854 2834 1907 eigentlich ein schwächeres Produkt dar, aber das Presto¬
747 1887 1788 1937 wandlungsfähig hält, lernen, was man unter diesem
1803 1902 2841 1956 Finale ist von so unvergänglicher Frische und köst¬
735 1936 1786 1987 Begriffe versteht. Einem Künstler wie Herrn Walden
1804 1951 2832 1998 lichem Humor, daß das Werk mit ihm fortlebt. Die
749 1995 1779 2050 gegenüber wird die Kritik zur Berichterstattung, bei
1798 2005 2831 2064 Wiedergabe war dem Charakter entsprechend tem¬
745 2039 1779 2094 der Tadel und Warnung ausgeschlossen sind. Allein
1805 2047 2832 2111 peramentvoll. Es folgte als Neuheit Rudolf Brauns
743 2089 1792 2146 gerne hätte ich mit ihm die Frage besprochen, ob das
1796 2094 2824 2164 „F ühlings=Ouverture“, ein ungemein phantasievolles,
742 2133 1777 2205 „Bacchusfest“ nicht noch wirksamer wäre, wenn man
1794 2137 2835 2213 farbenreiches Werk von reicher Erfindung, virtuoser
738 2189 1789 2246 es ganz als Satyrspiel und den Schriftsteller Staufner
1790 2199 2826 2253 Technik und überraschender Klangwirkung. Der an¬
744 2235 1777 2301 als durchwegs lustigen Bruder nehmen#rde, selbst
1793 2236 2828 2314 wesende Komponist mußte wiederholt für den lauten
744 2286 1776 2349 auf die Gefahr hin, dem Dichter ein nippchen
1797 2296 2834 2354 Beifall, den seine Tondichtung auslöste, danken. Den
740 2335 1776 2377 zu schlagen. Unsere Eingeborenen haben sich neben
1792 2340 2822 2390 Schluß bildete die C=Moll=Sinfonie von Brahms.
751 2379 1779 2435 dem Gaste wacker gehalten. Das gilt besonders von
1785 2399 2824 2457 Als der Komponist damit in die Offentlichkeit trat,
736 2437 1774 2494 Herrn Mödlinger als Theaterdirektor und Bahn¬
1794 2448 2820 2508 war er bereits ein reicher Mann. Aber die Anfänge
746 2485 1776 2541 hofportier, von Herrn Großmann als Ormin, von
1794 2493 2831 2561 seines sinsonischen Erstlings reichen bis in sein 22. Le¬
737 2533 1778 2595 Frl. Erber als Vilna Flamm, von Frau Kovacs
1796 2536 2827 2610 bensjahr zurück. Wie vor der Kunst überhaupt hatte
732 2581 1781 2630 als Agnes Staufner und von Herrn Beraun als
1796 2594 2824 2652 er ganz besonders vor der größten Sinsonieform einen
745 2623 1777 2684 Chemiker. Insbesonders gilt dies von Frl. Kögl
1794 2636 2827 2705 solch heiligen Respekt, er empfand die Vorgängerschaft
744 2673 1780 2740 als Sophie Herbot. Sie war in dieser Rolle burg¬
1792 2691 2822 2754 eines Riesen wie Beethoven als etwas so Drückendes,
736 2732 1781 2789 theaterfähig und hat erst im Affelt versagt, wahr¬
1788 2732 2827 2797 daß er nicht eher an diese höchste seinem Genius
733 2773 1778 2833 scheinlich wegen eines Konfliktes mit der Souffleuse.
1792 2783 2837 2851 gestellte Aufgabe sich heranwagen wollte, als bis er
734 2826 1779 2889 Dagegen war die Darstellerin der Frau Dr. Eckhold
1791 2837 2821 2884 in jeder Beziehung die reife Meisterschaft dazu er¬
737 2874 1769 2933 gerade im Affekt ausgezeichnet. Leider darf ich sie
1785 2889 2817 2946 langt hätte. Und tatsächlich ist keiner von den Kom¬
738 2921 1766 2988 nicht nennen, weil sie mich, in einer Stunde der
1774 2941 2822 3003 ponisten, die nach Beethoven Sinfonien geschrieben
731 2975 1774 3017 Unzufriedenheit mit mir, gebeten hat, sie nie mehr
1788 2974 2814 3047 haben, gseich mit seiner ersten Sinonie in so voll¬
731 3025 1772 3073 zu nennen. Es war Frau Emma Schubert. Die durch¬
1779 3029 2824 3098 endeter Weise als durchaus fertiger Beherrscher der
737 3073 1778 3120 aus gute Spielleitung lag in den Händen Direktor
1786 3077 2819 3144 sinfonischen Form vor die Welt getreten wie Brahms.
732 3115 1781 3204 Grevenbergs. Er hat sich mit der Komödie der Worte)
1790 3130 2818 3198 Ihre oft erprobte starke Wirkung bewährte die C=Moll¬
725 3163 1150 3244 wofflich abgefunden.
1793 3176 2815 3247 Sinsonie auch diesmal wieder, wo die in jeder Be¬
1342 3193 1741 3300 mr. Mithalm.
1798 3223 2810 3304 ziehung glänzende Wiedergabe durch Posa stürmischen
1086 3254 1410 3342 —r
1849 3272 2199 3352 ifallsjubel weckte.
2610 3281 2773 3351 v. P.
3073 1304 3353 1374 Dr. Paul
2882 1339 3348 1426 Beweise staunenswerter
2850 1402 3353 1478 lischen Feingefühls gab
2864 1449 3353 1520 (Wien) an seinem Klavi
2856 1509 3353 1572 der temperamentvollsten
2858 1553 3351 1618 kalischen Plastik, die zu
2849 1598 3340 1675 genden Anschlagskunst m
2852 1653 3338 1715 minder abhold ist wie
2858 1696 3330 1770 Er spielt mit virtuoser
2848 1748 3354 1815 glanzvolle Moment auf
2848 1846 3349 1901 viereffekte zu tonmaleris
2849 1898 3351 1964 kungen zu benützen. Er gi
2851 1944 3353 2010 keit und Schwere ebenso
2846 1991 3352 2057 den Inhalt (Intermezzo,
2849 2040 3338 2105 Es=Moll, Op. 4), wie
2851 2091 3352 2163 Op. 78) seine personisizie
2847 2140 3353 2211 zückend und mit feiner
2838 2182 3350 2254 guierten Eleganz spielte
2846 2234 3351 2306 die Spieluhr. Dagegen ko
2841 2283 3327 2346 pin=Kompositionen trotz
2843 2330 3344 2398 Momente nicht verwahre
2840 2391 3323 2448 Tonpoesien im Grunde
2842 2433 3352 2497 chen. Prächtig mutete a
2839 2476 3341 2545 mit dem sich der Künstler
2846 2526 3352 2596 „Ungarischen Rhapsodie
2846 2584 3354 2645 Meer der technischen Sa
2840 2626 3346 2699 mischer Beifall forderte
2842 2677 3011 2747 heraus.
2984 2713 3353 2801 Vierter Kam
2880 2773 3344 2865 Der romantische Geist,
2835 2837 3354 2911 von Schubert und S
2833 2886 3353 2964 wie ein Zauber auf die
2833 2940 3352 3005 hörer; es war so etwas
2831 2985 3345 3057 Zaubernacht, die den Sinn
2828 3033 3353 3103 frisch erschien das Klavie
2829 3095 3352 3148 Schumann, der vergeber
2817 3118 3336 3206 suchte; in solchem Sinne
2827 3180 3341 3258 letzte Satz zu verstehen.
2834 3229 3344 3296 dessen C-=Dur=Quintett ob
2824 3282 3353 3364 Cells in Graz fast alle De¬
3228 3495 3318 3576 WR
3109 4049 3351 4160 H
