3392 4320
937 135 1433 233 Ensians sahr7t3 7#
403 244 1467 315 W' ogolnosei duzo w #ym akcie literackiego wy¬
406 295 1275 366 silku, a malo rzetelniejszej obserwacyi.
457 323 1493 406 W =Swiecie Bachusa“, Zona literata Staufnera,
399 396 1482 467 pozostawiona przez niego w görskiem letnisku,
408 446 1484 499 zawiazala stosunek z bawiacym tam modzien¬
410 481 1482 550 zem i choje postanawiaja natychmiast po przy¬
406 509 1492 606 jezdzie meza zawiadomic go o nowej sytuacyi i
404 591 1485 656 razem go opuscié. Gzekaja wice na dworeu kole¬
394 634 1482 692 jowym i skracaja sobie oczekiwanie analizowa¬
405 692 1480 752 niem na chlodao swojej mifosci. Skoro jednak
404 722 1483 807 Staufner pojawia sie, zona niema dosé odwagi dia
397 795 1475 853 spelnienia zamiaru; winze ja z mezem komedyan¬
415 827 1477 898 etwo literackie, a chociaz juz sie tak wzajenmie
409 883 1482 954 pozuali, ze doszli do etapu malzenskiej nienawi¬
405 933 1484 1005 sci, pozostana przy sohie, ho nie stac ich na
406 1000 1261 1052 zrealizowanie uczud wyzszej kategoryi.
448 1017 1485 1092 Jezeli -Godzina poznania; jest prawie melo¬
409 1077 1488 1140 dramatyczna, w-Swiecie Bachusa: (jest to# tytul
403 1126 1477 1179 dramatu Staufnera), ironia autora wystepuje smie¬
413 1161 1490 1245 lej i usmiech satyryczny odzyskuje swoje prawa.
418 1230 1481 1289 Sytuacye sa lepiej ustawione, a figury mniej sza¬
408 1275 1490 1347 blonowe“ ale i wtym obrazie sztucznosé tresei
410 1328 1119 1401 uwydatnia sie nazbyt wyraznie.
455 1344 1500 1432 Najlepszymz calego cyklu jest lakt zatytulowany
417 1411 1502 1476 =Wielka scena“, gdzie Schnitzler nie pozuje juz
406 1468 1497 1548 na wyrafinowanego psychologa, ale wyrazisty¬
414 1509 1493 1585 mi rysami maluje kabotynizm w jego najprymi¬
407 1584 1479 1630 tywnieiszej formie, w atmosferze aktorskiej. Styn¬
420 1610 1500 1701 ny aktor Ilerbot, miaf stosnnek z narzeczona
425 1667 1486 1736 swego przyjaciela, co spowodowalo zerwanie po¬
411 1721 1488 1780 miedzy nim a zona, ktöra po swojemn kocha,
423 1778 1482 1826 i ktöra tak mu jest potrzebna, ze dyrektor tea¬
409 1801 1493 1899 tru nakfania ja do powrotu, gdyz bez niej jego
423 1853 1495 1940 tragicznv ’bohater zaczyna graé coraz gorzej.
436 1905 1495 1964 W chwili niemal przyjazdu pani Herbot, zjawia
433 1965 1497 2028 sie narzeczony i zada od aktora sprawdy“. Ale
430 2009 1500 2080 Herbot, nie bez chytrosci odgrywa przed nim zwiel¬
433 2055 1493 2123 ka scene“, i wmawia w troche naiwnego mio¬
444 2105 1358 2177 dzienca, ze jego podeirzenia sa niestuszue.
476 2155 1495 2225 Caly ten obraz jest peten werwy i Zywej cha¬
430 2188 1501 2259 rakterystyki. Zwlaszcza typ aktora, zreszta nie
440 2248 1502 2326 bardzo nowy, okfamujacego siebie i wszystkich
436 2317 1392 2363 dokofa, rysuje sie plastycznie i prawdziwie.
490 2350 1515 2421 Wartosé Sehnitzlerowskiej trylogii polega glo¬
438 2411 1491 2465 wnie na dyalogu, ktörym autor operuje z bieglo¬
441 2439 1508 2524 scia i wprawa, jaka daje talent i doswiadezenie.
432 2502 1509 2562 Niema tam moze francuskiej olsniewajacej wer¬
443 2545 1527 2609 wy, ale swobodny i wytworny ton przewaza za¬
446 2598 1517 2664 sadniczo, a pewne rozwlekfosci nie psuja ogolne¬
431 2641 1506 2726 go wrazenia dobrej literackiej roboty. Szkoda, #e
438 2696 1501 2785 autor, w dwöch pierwszych obrazach nie ograni¬
454 2745 1510 2816 czy! sie do ujecia tematu w taki sposob, jak to
450 2808 1511 2861 uczynik w sworm Anatolus, ale troche preten¬
441 2849 1506 2903 syonalnie à niezbyt szezesliwie pröbowaf rozwia¬
431 2874 1553 2956 zywad zawile psychologiczne problematy. Powsta¬
426 2940 1516 3009 ka stad atmosfera nieszczerösci i nienaturalnosei,
428 2974 1528 3075 ktöra prowadzi do rozdzwieku pomiedzy auforem
475 3053 818 3114 publicznoscia.
481 3079 1559 3156 Utwory tego rodzaju wymagaja specyalnie przy-!“
441 3116 1553 3214 gotowanych aktoröw, ktörzyby dokfadnie znali
448 3184 1526 3250 wiedenskie srodowisko stanowiace to twörczosci!
448 3223 1518 3302 Schnitziera. To tez wykonanie na scenie kra¬
437 3285 1514 3350 kowskiej bylo tylko wzglednie dobre. P. Zelwe¬
441 3351 1513 3396 rowicz odegraf trzy glöwne role ze zuana sta¬
454 3373 1522 3458 rannoscia i inteligencya; najlepszym byt jednak
448 3440 1529 3508 jako aktor-balotyn, dajae kreacya zywa, zajmn-,
446 3481 1513 3541 jaca i we wszystkich szezegöfach doskonale wy¬
445 3530 1532 3594 konczona. Bardzo Jadnie odegrala p. Beduarzewska
449 3590 1524 3660 role Zony, pokutnjacej po 10 latach za swöj blad
454 3628 1536 3703 crotycznf. P. Solska-Grossowa nie miafa wiele pola
463 3661 1530 3751 do popisu w roli sztucznej literackiej Egervi, któ¬
457 3735 1543 3795 ra zreszta wybornie njeka. P. Jarszewska jako
451 3779 1534 3846 ciagle zdradzana i przebaczajaca zona wielkiego
453 3831 1546 3910 autora byla za malo seiltymentalng Niemka; za
440 3875 1534 3949 to subtelnie zaznaczyla wzmaga jaca sie gorycz i
450 3900 1538 3985 pogarde wobec niskiego komedyanctwa meza. Wy¬
457 3973 1542 4042 mienic jeszcze trzeba ze szczerem uznaniem pp.
460 4021 1281 4093 Kosinskiego, Wegierke i Jarninskiego.
2243 1099 2566 1173 3-0K71917
2068 1225 2745 1341 Stlesia, Teschen.
2102 1316 2580 1360 Kuter uio *
2759 1299 2931 1397 2
2015 1442 2826 1534 Stadtiheater in Mähr.=Ostrau.
2174 1519 2677 1609 Komödie der Worte.
1969 1562 2909 1662 Drei geisivolle Einakter von Arthur Schnitz¬
1963 1633 2912 1700 eh welche einen Zyklus, wohl ohne jeden ange¬
1939 1691 2910 1742 ren' Zusammenhang bilden, jeder aber in seiner
1938 1727 2907 1782 Art den Stempel dieses Dichter trägt und feinen
1939 1766 2895 1837 Konversationston, vornehme Sprache und geist¬
1936 1798 2956 1877 reiche oder witige Aphorismen in reicher Fülle !
1943 1842 2941 1922 aufweisen, brachten Samstag einen der anregend¬ #i
1946 1901 2966 1963 sten und wohlgelungendsten Theaterabende. „Die in
1950 1938 2914 2003 Stunde des Erkennens“ mit welcher der Abend
1942 1975 2897 2056 eingelesie: wurde, hat ernsten Chariher und be¬
1946 2046 2916 2097 hardelt wieder das Preblem der Eheirrung mit
1937 2071 2906 2137 einer tragischen, nicht hinreichend motivierten Lö¬
1954 2127 2901 2180 sung. Herr Herbst als Professor Ormin und
1944 2139 2905 2222 Frau Ott als Frau Klara wurden dem ernsten
1950 2192 2899 2263 Grundion der Konversation gerecht; Herr Grad¬
1948 2250 2889 2311 nitzer als „Dritte“ spielte sehr gewandt und
1945 2277 2903 2361 wornehm. Das einleitende Stück hatte trotz der
1937 2323 2901 2387 guten Aufführung den geringsten Erfolg. Das
1950 2370 2914 2444 zweite Stück „Die große Szene“ in welcher Herr
1954 2403 2905 2483 Gradnitzer sich als Schauspieler Herbot in
1953 2455 2918 2532 seiner Vollendung als Sprecher und Darsteller
1943 2502 2917 2566 zeigte, war wirksamer. Seine Szene mit dem
1954 2543 2924 2611 Bräntigam, als welcher der sonst so lustige Herr
1947 2585 2911 2655 Aurich eine traurige Figur spielte, war von präch¬
1950 2638 2914 2700 tiger Wirkung. Fräulein Tranner als Frau
1945 2675 2914 2738 Sofie war gut in der Darstellung, doch zu wenig
1950 2725 2899 2782 innerlich im Ausdrucke. Eine köstliche Figur zeich¬
1953 2760 2911 2833 nete Herr Thiele als Theaterdirektor und es
1951 2802 2905 2868 fanden seine Aphorismen über den modernen The¬
1942 2843 2910 2911 aterbetrieb verständnisvolle Heiterkeit im Publi¬
1943 2884 2909 2974 lum. Den Schluß bildete „Das Bachusfest“, wel¬
1935 2931 2917 3015 sches Herrn Mahler=Marton als Dr. Wernig
1946 2977 2908 3038 Gelegenheit zu einer humorvollen Figur des abge¬
1953 2995 2926 3075 blitzten Liebhabers bot. Herr Gradnitzer
1955 3071 2923 3126 (Schriftsteller Staufner) und Fräulein Sinels
1947 3099 2924 3172 Frau Aqnes waren in ihren kleineren Rollen von
1943 3141 2924 3229 bester Wirkung. Die Charge des Bahnhofs=Por¬
1954 3203 2915 3255 tiers, welcher durch Herrn Cernitz gelungen
1947 3235 2930 3304 dargestellt wurde, erregte lebhafte Heiterkeit. Die
1950 3275 2920 3348 drei Einakter waren von HerrmLe Bret wirk¬
1961 3325 2914 3396 sam vorbereitet und ausgeführt und fanden
1960 3367 2488 3457 freundlichste Aufnahme..
