<?xml version="1.0" encoding="UTF-8" standalone="yes"?>
<PcGts xmlns="http://schema.primaresearch.org/PAGE/gts/pagecontent/2013-07-15" xmlns:xsi="http://www.w3.org/2001/XMLSchema-instance" xsi:schemaLocation="http://schema.primaresearch.org/PAGE/gts/pagecontent/2013-07-15 http://schema.primaresearch.org/PAGE/gts/pagecontent/2013-07-15/pagecontent.xsd">
    <Metadata>
        <Creator>prov=University of Rostock/Institute of Mathematics/CITlab/Gundram Leifert/gundram.leifert@uni-rostock.de:name=ONB_Newseye_GT_M1+(htr_id=10810)::::v=2.4.2
prov=University of Rostock/Institute of Mathematics/CITlab/Tobias Gruening/tobias.gruening@uni-rostock.de:name=de.uros.citlab.module.baseline2polygon.B2PSeamMultiOriented:v=2.4.2
prov=University of Rostock/Institute of Mathematics/CITlab/Tobias Gruening/tobias.gruening@uni-rostock.de:name=/mnt/transkribus/LA/DEA/URO/LA_news_onb_att.pb:de.uros.citlab.segmentation.CITlab_LA_ML:v=2.4.2
Transkribus</Creator>
        <Created>2019-10-07T11:10:17.670+02:00</Created>
        <LastChange>2019-10-07T23:04:28.570+02:00</LastChange>
        <TranskribusMetadata docId="223960" pageId="9494751" pageNr="327" tsid="16486778" status="IN_PROGRESS" userId="40391" imgUrl="https://files.transkribus.eu/Get?id=BDLHEJHOQLWQCTTPHFFQEUJE&amp;fileType=view" xmlUrl="https://files.transkribus.eu/Get?id=ITIHCJSDFKVWQZFYIEOAAXJF" imageId="6184978"/>
    </Metadata>
    <Page imageFilename="223960_0327.jpeg" imageWidth="3344" imageHeight="4384">
        <ReadingOrder>
            <OrderedGroup id="ro_1711443332096" caption="Regions reading order">
                <RegionRefIndexed index="0" regionRef="r1"/>
            </OrderedGroup>
        </ReadingOrder>
        <TextRegion orientation="0.0" id="r1" custom="readingOrder {index:0;}">
            <Coords points="107,310 107,3244 3300,3244 3300,310"/>
            <TextLine id="r1l1" custom="readingOrder {index:0;}">
                <Coords points="2049,363 2092,375 2233,350 2308,369 2437,345 2469,368 2528,340 2527,289 2500,290 2476,266 2413,282 2335,267 2292,291 2237,272 2178,288 2048,269"/>
                <Baseline points="2067,341 2093,339 2119,339 2145,338 2171,337 2197,337 2223,338 2249,338 2275,338 2301,339 2327,339 2353,339 2379,339 2405,338 2431,338 2457,336 2483,335 2509,332"/>
                <TextEquiv>
                    <Unicode>box 3275</Unicode>
                </TextEquiv>
            </TextLine>
            <TextLine id="r1l2" custom="readingOrder {index:1;}">
                <Coords points="182,369 1898,398 1922,292 182,325"/>
                <Baseline points="200,355 285,359 370,363 455,365 540,367 625,368 710,368 796,368 881,367 966,366 1051,365 1136,364 1221,363 1306,361 1392,360 1477,359 1562,359 1647,359 1732,359 1817,360 1903,362"/>
                <TextEquiv>
                    <Unicode>26.1. Konoedie der Norte zyklus</Unicode>
                </TextEquiv>
            </TextLine>
            <TextLine id="r1l3" custom="readingOrder {index:2;}">
                <Coords points="95,1305 145,1291 157,1299 201,1301 220,1292 224,1296 235,1284 255,1283 252,1205 205,1206 190,1219 166,1208 151,1224 92,1227"/>
                <Baseline points="113,1283 143,1282 173,1281 203,1280 234,1278"/>
                <TextEquiv>
                    <Unicode>bruck</Unicode>
                </TextEquiv>
            </TextLine>
            <TextLine id="r1l4" custom="readingOrder {index:3;}">
                <Coords points="408,1513 1571,1520 1602,1437 408,1438"/>
                <Baseline points="427,1514 484,1513 542,1512 600,1511 658,1510 715,1509 773,1509 831,1508 889,1508 946,1507 1004,1507 1062,1506 1120,1506 1177,1506 1235,1506 1293,1505 1351,1505 1408,1505 1466,1505 1524,1505 1582,1504"/>
                <TextEquiv>
                    <Unicode>zum geistreichsten, zum repräsentativen Schriftsteller</Unicode>
                </TextEquiv>
            </TextLine>
            <TextLine id="r1l5" custom="readingOrder {index:4;}">
                <Coords points="1595,1509 2722,1528 2769,1517 2770,1462 1596,1434"/>
                <Baseline points="1613,1504 1669,1504 1726,1505 1783,1506 1840,1506 1896,1507 1953,1508 2010,1508 2067,1509 2123,1509 2180,1510 2237,1510 2294,1511 2350,1511 2407,1512 2464,1513 2521,1513 2577,1514 2634,1514 2691,1515 2748,1516"/>
                <TextEquiv>
                    <Unicode>rend sie eine Tändelei mit einem jungen Manne hat¬</Unicode>
                </TextEquiv>
            </TextLine>
            <TextLine id="r1l6" custom="readingOrder {index:5;}">
                <Coords points="423,1570 1189,1553 1605,1588 1605,1505 423,1519"/>
                <Baseline points="444,1566 501,1563 558,1561 615,1559 672,1558 729,1557 786,1556 843,1556 900,1556 957,1556 1014,1556 1071,1556 1128,1557 1185,1557 1242,1558 1299,1558 1356,1559 1413,1559 1470,1559 1527,1559 1584,1558"/>
                <TextEquiv>
                    <Unicode>Oesterreichs gemacht — und wirkt dadurch unsittlich¬</Unicode>
                </TextEquiv>
            </TextLine>
            <TextLine id="r1l7" custom="readingOrder {index:6;}">
                <Coords points="1601,1561 2756,1578 2733,1519 1602,1510"/>
                <Baseline points="1622,1555 1677,1556 1733,1556 1789,1556 1844,1557 1900,1557 1956,1558 2011,1558 2067,1559 2123,1559 2179,1560 2234,1560 2290,1561 2346,1561 2401,1562 2457,1562 2513,1563 2568,1563 2624,1563 2680,1564 2736,1564"/>
                <TextEquiv>
                    <Unicode>Also einfacher Ehebruch und noch straflose Vorberei¬</Unicode>
                </TextEquiv>
            </TextLine>
            <TextLine id="r1l8" custom="readingOrder {index:7;}">
                <Coords points="2739,1579 2901,1559 2932,1588 2995,1566 3034,1586 3062,1567 3152,1589 3195,1574 3293,1589 3294,1534 3252,1513 3180,1531 3153,1514 3113,1537 3051,1512 2741,1512"/>
                <Baseline points="2760,1560 2785,1561 2811,1561 2836,1561 2862,1561 2888,1562 2913,1562 2939,1563 2965,1564 2990,1564 3016,1565 3042,1566 3067,1566 3093,1567 3119,1568 3144,1569 3170,1570 3196,1570 3221,1570 3247,1571 3273,1572"/>
                <TextEquiv>
                    <Unicode>ben“. Herrgott, wenn</Unicode>
                </TextEquiv>
            </TextLine>
            <TextLine id="r1l9" custom="readingOrder {index:8;}">
                <Coords points="421,1613 1595,1626 1595,1559 420,1574"/>
                <Baseline points="442,1613 498,1611 555,1610 612,1609 668,1609 725,1608 782,1608 838,1608 895,1608 952,1608 1009,1609 1065,1609 1122,1609 1179,1609 1235,1609 1292,1609 1349,1609 1405,1608 1462,1607 1519,1606 1576,1605"/>
                <TextEquiv>
                    <Unicode>und verbreitet verderbliche Anschauungen, indem man</Unicode>
                </TextEquiv>
            </TextLine>
            <TextLine id="r1l10" custom="readingOrder {index:9;}">
                <Coords points="1590,1611 2528,1634 2760,1620 2761,1562 1590,1552"/>
                <Baseline points="1610,1601 1666,1603 1723,1605 1779,1607 1836,1608 1892,1609 1949,1610 2005,1611 2062,1611 2118,1612 2175,1612 2231,1612 2288,1612 2344,1612 2401,1612 2457,1612 2514,1612 2570,1612 2627,1613 2683,1613 2740,1613"/>
                <TextEquiv>
                    <Unicode>tungshandlungen: „Das Bachusfest“. Sie ist auf dem</Unicode>
                </TextEquiv>
            </TextLine>
            <TextLine id="r1l11" custom="readingOrder {index:10;}">
                <Coords points="116,1619 198,1627 221,1640 261,1630 296,1648 328,1637 347,1650 386,1652 430,1639 433,1580 405,1579 356,1544 324,1551 266,1540 245,1554 120,1544"/>
                <Baseline points="136,1607 163,1608 190,1609 218,1610 245,1613 273,1615 300,1616 327,1617 355,1619 382,1619 410,1619"/>
                <TextEquiv>
                    <Unicode>von Arthur</Unicode>
                </TextEquiv>
            </TextLine>
            <TextLine id="r1l12" custom="readingOrder {index:11;}">
                <Coords points="2748,1615 2854,1616 2874,1635 2968,1612 3101,1632 3152,1613 3274,1609 3274,1570 3239,1566 3164,1585 2905,1561 2748,1568"/>
                <Baseline points="2768,1614 2793,1614 2819,1614 2844,1615 2870,1615 2895,1615 2921,1615 2947,1616 2972,1616 2998,1616 3023,1617 3049,1617 3074,1617 3100,1617 3126,1617 3151,1616 3177,1616 3202,1615 3228,1615 3254,1614"/>
                <TextEquiv>
                    <Unicode>heit diese Wohltat täte</Unicode>
                </TextEquiv>
            </TextLine>
            <TextLine id="r1l13" custom="readingOrder {index:12;}">
                <Coords points="416,1663 990,1680 1080,1645 1418,1678 1594,1654 1594,1603 416,1612"/>
                <Baseline points="434,1659 491,1659 548,1659 605,1658 662,1658 719,1658 776,1658 833,1658 890,1657 947,1657 1004,1657 1061,1657 1118,1657 1175,1656 1232,1656 1289,1656 1346,1655 1403,1655 1460,1654 1517,1654 1575,1653"/>
                <TextEquiv>
                    <Unicode>das sittliche Urteil gegen den Ehebruch abzustumpfen</Unicode>
                </TextEquiv>
            </TextLine>
            <TextLine id="r1l14" custom="readingOrder {index:13;}">
                <Coords points="1595,1672 2753,1676 2754,1617 1595,1606"/>
                <Baseline points="1615,1650 1671,1651 1727,1652 1783,1653 1839,1654 1895,1655 1951,1656 2007,1657 2063,1658 2119,1658 2175,1659 2231,1659 2287,1660 2343,1660 2399,1660 2455,1661 2511,1661 2567,1661 2623,1660 2679,1660 2735,1660"/>
                <TextEquiv>
                    <Unicode>besten Wege, ihren Mann zu betrügen; also versuchter</Unicode>
                </TextEquiv>
            </TextLine>
            <TextLine id="r1l15" custom="readingOrder {index:14;}">
                <Coords points="2746,1665 2887,1665 2907,1680 3299,1669 3299,1629 3244,1614 3032,1629 2969,1610 2875,1633 2856,1614 2746,1618"/>
                <Baseline points="2765,1663 2790,1662 2816,1662 2842,1662 2867,1663 2893,1663 2919,1663 2944,1663 2970,1664 2996,1664 3022,1664 3047,1665 3073,1665 3099,1665 3124,1665 3150,1664 3176,1664 3201,1663 3227,1661 3253,1661 3279,1659"/>
                <TextEquiv>
                    <Unicode>nach Waldduft duftende</Unicode>
                </TextEquiv>
            </TextLine>
            <TextLine id="r1l16" custom="readingOrder {index:15;}">
                <Coords points="412,1704 1595,1713 1571,1654 412,1656"/>
                <Baseline points="434,1705 491,1705 548,1705 605,1705 662,1705 719,1705 776,1705 833,1704 890,1704 947,1704 1004,1704 1061,1703 1118,1703 1175,1703 1232,1703 1289,1703 1346,1703 1403,1703 1460,1703 1517,1703 1575,1704"/>
                <TextEquiv>
                    <Unicode>hilft. Für diese sexuelle Aufklärungsarbeit erhielt</Unicode>
                </TextEquiv>
            </TextLine>
            <TextLine id="r1l17" custom="readingOrder {index:16;}">
                <Coords points="85,1708 160,1722 219,1707 278,1721 321,1710 348,1723 411,1725 413,1646 342,1660 307,1647 283,1662 198,1628 88,1625"/>
                <Baseline points="107,1702 132,1701 158,1701 184,1701 210,1702 236,1702 262,1703 288,1704 314,1705 340,1706 366,1708 392,1709"/>
                <TextEquiv>
                    <Unicode>rthur Schnitz¬</Unicode>
                </TextEquiv>
            </TextLine>
            <TextLine id="r1l18" custom="readingOrder {index:17;}">
                <Coords points="1583,1703 2726,1723 2761,1719 2762,1668 1584,1652"/>
                <Baseline points="1604,1703 1663,1703 1723,1703 1783,1704 1843,1704 1903,1704 1963,1705 2023,1705 2083,1705 2143,1706 2203,1706 2263,1706 2323,1707 2383,1707 2443,1708 2503,1708 2563,1709 2623,1709 2683,1710 2743,1711"/>
                <TextEquiv>
                    <Unicode>aber noch nicht vollendeter Ehebruch. Da behaupte</Unicode>
                </TextEquiv>
            </TextLine>
            <TextLine id="r1l19" custom="readingOrder {index:18;}">
                <Coords points="2739,1717 3305,1721 3305,1658 2739,1659"/>
                <Baseline points="2760,1707 2786,1708 2812,1710 2838,1711 2864,1711 2891,1712 2917,1712 2943,1713 2969,1713 2995,1713 3022,1713 3048,1712 3074,1712 3100,1712 3126,1711 3153,1711 3179,1710 3205,1710 3231,1709 3257,1709 3284,1709"/>
                <TextEquiv>
                    <Unicode>Stücke mehr schreibende</Unicode>
                </TextEquiv>
            </TextLine>
            <TextLine id="r1l20" custom="readingOrder {index:19;}">
                <Coords points="409,1759 1567,1764 1591,1709 408,1704"/>
                <Baseline points="429,1754 486,1753 543,1752 600,1751 657,1751 714,1750 771,1750 829,1750 886,1750 943,1750 1000,1750 1057,1751 1114,1751 1171,1751 1229,1751 1286,1751 1343,1750 1400,1750 1457,1749 1514,1749 1572,1748"/>
                <TextEquiv>
                    <Unicode>Herr Schnitzler den Grillparzerpreis, die höchste Aus¬</Unicode>
                </TextEquiv>
            </TextLine>
            <TextLine id="r1l21" custom="readingOrder {index:20;}">
                <Coords points="112,1753 132,1753 155,1773 183,1758 253,1767 273,1751 352,1768 411,1761 407,1717 372,1725 333,1709 274,1720 231,1704 113,1706"/>
                <Baseline points="133,1750 158,1749 184,1750 210,1750 235,1750 261,1751 287,1752 312,1752 338,1752 364,1752 390,1751"/>
                <TextEquiv>
                    <Unicode>von 3 Din¬</Unicode>
                </TextEquiv>
            </TextLine>
            <TextLine id="r1l22" custom="readingOrder {index:21;}">
                <Coords points="1595,1762 2758,1773 2758,1702 2711,1694 2468,1724 1596,1707"/>
                <Baseline points="1614,1748 1670,1749 1726,1751 1782,1752 1839,1753 1895,1754 1951,1754 2007,1755 2064,1755 2120,1756 2176,1756 2232,1756 2289,1756 2345,1756 2401,1756 2457,1756 2514,1756 2570,1756 2626,1757 2682,1757 2739,1757"/>
                <TextEquiv>
                    <Unicode>man noch, Schnitzler sei nicht moralisch. Vom doppel¬</Unicode>
                </TextEquiv>
            </TextLine>
            <TextLine id="r1l23" custom="readingOrder {index:22;}">
                <Coords points="2743,1783 2877,1766 3108,1785 3128,1766 3297,1777 3298,1718 2744,1716"/>
                <Baseline points="2761,1756 2786,1756 2812,1757 2838,1757 2864,1758 2890,1758 2916,1759 2941,1760 2967,1760 2993,1761 3019,1762 3045,1762 3071,1763 3097,1763 3122,1764 3148,1764 3174,1764 3200,1764 3226,1763 3252,1763 3278,1763"/>
                <TextEquiv>
                    <Unicode>Wir könnten ihm dann</Unicode>
                </TextEquiv>
            </TextLine>
            <TextLine id="r1l24" custom="readingOrder {index:23;}">
                <Coords points="409,1825 1591,1815 1591,1749 408,1762"/>
                <Baseline points="427,1805 484,1804 541,1803 598,1802 656,1802 713,1801 770,1801 827,1801 885,1801 942,1801 999,1801 1056,1801 1114,1801 1171,1801 1228,1801 1285,1800 1343,1800 1400,1799 1457,1799 1514,1798 1572,1796"/>
                <TextEquiv>
                    <Unicode>zeichnung, die Oesterreich auf dem Gebiete der Lite¬</Unicode>
                </TextEquiv>
            </TextLine>
            <TextLine id="r1l25" custom="readingOrder {index:24;}">
                <Coords points="100,1810 159,1801 199,1824 214,1812 269,1808 375,1815 399,1795 422,1795 422,1759 379,1764 273,1749 265,1757 135,1758 119,1743 100,1743"/>
                <Baseline points="118,1800 143,1801 169,1801 195,1802 220,1802 246,1802 272,1802 298,1801 323,1801 349,1799 375,1799 401,1797"/>
                <TextEquiv>
                    <Unicode>mKomödien¬</Unicode>
                </TextEquiv>
            </TextLine>
            <TextLine id="r1l26" custom="readingOrder {index:25;}">
                <Coords points="1594,1813 2689,1822 2756,1803 2757,1756 1594,1750"/>
                <Baseline points="1614,1795 1670,1796 1726,1797 1782,1797 1838,1798 1894,1799 1950,1800 2007,1801 2063,1802 2119,1802 2175,1803 2231,1804 2287,1804 2343,1805 2400,1805 2456,1806 2512,1806 2568,1807 2624,1807 2680,1807 2737,1807"/>
                <TextEquiv>
                    <Unicode>ten und beginnenden dritten Ehebruch kommt er zu¬</Unicode>
                </TextEquiv>
            </TextLine>
            <TextLine id="r1l27" custom="readingOrder {index:26;}">
                <Coords points="2846,1814 2960,1828 2984,1816 3082,1821 3102,1802 3133,1822 3310,1825 3311,1774 2847,1759"/>
                <Baseline points="2866,1803 2892,1805 2919,1806 2945,1808 2972,1809 2998,1810 3025,1811 3051,1811 3078,1812 3104,1812 3131,1812 3157,1812 3184,1812 3210,1811 3237,1811 3263,1810 3290,1809"/>
                <TextEquiv>
                    <Unicode>Schnitzlers Komödi##</Unicode>
                </TextEquiv>
            </TextLine>
            <TextLine id="r1l28" custom="readingOrder {index:27;}">
                <Coords points="88,1861 123,1869 198,1852 210,1864 249,1856 312,1867 327,1855 347,1863 418,1855 417,1804 394,1800 127,1810 87,1798"/>
                <Baseline points="109,1851 135,1851 161,1850 188,1850 214,1850 240,1850 267,1850 293,1850 319,1850 346,1849 372,1849 399,1848"/>
                <TextEquiv>
                    <Unicode>bar weitesten</Unicode>
                </TextEquiv>
            </TextLine>
            <TextLine id="r1l29" custom="readingOrder {index:28;}">
                <Coords points="405,1861 1473,1870 1595,1850 1595,1799 405,1810"/>
                <Baseline points="423,1851 480,1850 538,1850 595,1850 653,1850 711,1850 768,1850 826,1851 884,1851 941,1851 999,1851 1057,1851 1114,1851 1172,1851 1230,1851 1287,1850 1345,1850 1403,1849 1460,1848 1518,1846 1576,1844"/>
                <TextEquiv>
                    <Unicode>ratur zu vergeben hat. Am Montag gab man Schnitz¬</Unicode>
                </TextEquiv>
            </TextLine>
            <TextLine id="r1l30" custom="readingOrder {index:29;}">
                <Coords points="1591,1855 2754,1868 2754,1805 2668,1797 1592,1812"/>
                <Baseline points="1611,1846 1667,1846 1723,1847 1779,1847 1836,1848 1892,1848 1948,1849 2004,1850 2061,1851 2117,1851 2173,1852 2229,1852 2286,1853 2342,1853 2398,1854 2454,1854 2511,1854 2567,1854 2623,1854 2679,1853 2736,1853"/>
                <TextEquiv>
                    <Unicode>rück auf den Ehebruchsversuch. Und die Ehebruchs¬</Unicode>
                </TextEquiv>
            </TextLine>
            <TextLine id="r1l31" custom="readingOrder {index:30;}">
                <Coords points="2752,1865 2834,1866 2854,1846 2881,1870 3302,1865 3302,1810 3102,1805 2952,1828 2752,1806"/>
                <Baseline points="2770,1853 2795,1854 2821,1855 2846,1856 2872,1857 2898,1858 2923,1858 2949,1859 2974,1859 3000,1859 3026,1859 3051,1859 3077,1859 3102,1859 3128,1859 3154,1859 3179,1859 3205,1859 3230,1858 3256,1858 3282,1857"/>
                <TextEquiv>
                    <Unicode>len und deshalb nicht</Unicode>
                </TextEquiv>
            </TextLine>
            <TextLine id="r1l32" custom="readingOrder {index:31;}">
                <Coords points="415,1907 1028,1895 1173,1930 1554,1908 1585,1845 415,1859"/>
                <Baseline points="434,1902 490,1901 547,1901 603,1900 660,1900 716,1900 773,1900 829,1900 886,1900 942,1900 999,1900 1055,1900 1112,1900 1168,1900 1225,1899 1281,1898 1338,1898 1394,1897 1451,1895 1507,1894 1564,1892"/>
                <TextEquiv>
                    <Unicode>lers „Komödie der Worte“ und zwar „Stunde des</Unicode>
                </TextEquiv>
            </TextLine>
            <TextLine id="r1l33" custom="readingOrder {index:32;}">
                <Coords points="1591,1906 2754,1919 2754,1856 2699,1844 1964,1874 1592,1847"/>
                <Baseline points="1612,1896 1668,1897 1724,1897 1780,1897 1836,1898 1892,1898 1948,1899 2004,1899 2060,1900 2116,1901 2173,1901 2229,1902 2285,1902 2341,1903 2397,1903 2453,1904 2509,1904 2565,1904 2621,1904 2677,1904 2734,1903"/>
                <TextEquiv>
                    <Unicode>motive? Zu 1. „Sie haben mich . .. niemals darüber</Unicode>
                </TextEquiv>
            </TextLine>
            <TextLine id="r1l34" custom="readingOrder {index:33;}">
                <Coords points="103,1909 142,1921 173,1905 224,1913 236,1901 272,1913 358,1909 370,1917 409,1909 409,1855 276,1866 197,1846 166,1866 103,1866"/>
                <Baseline points="121,1901 148,1901 175,1902 202,1902 229,1902 256,1902 283,1902 310,1902 337,1902 364,1902 391,1901"/>
                <TextEquiv>
                    <Unicode>aum in sich</Unicode>
                </TextEquiv>
            </TextLine>
            <TextLine id="r1l35" custom="readingOrder {index:34;}">
                <Coords points="2745,1917 2867,1919 2883,1904 2906,1924 3009,1909 3083,1926 3111,1907 3146,1931 3209,1908 3303,1926 3304,1863 3241,1877 3155,1861 3001,1878 2974,1858 2746,1866"/>
                <Baseline points="2765,1905 2792,1905 2819,1905 2846,1905 2874,1905 2901,1906 2928,1906 2956,1907 2983,1908 3010,1908 3038,1909 3065,1909 3092,1910 3120,1911 3147,1911 3174,1911 3202,1911 3229,1911 3256,1910 3284,1909"/>
                <TextEquiv>
                    <Unicode>Weil aber auch das hei</Unicode>
                </TextEquiv>
            </TextLine>
            <TextLine id="r1l36" custom="readingOrder {index:35;}">
                <Coords points="93,1963 336,1954 352,1965 418,1941 418,1898 371,1902 340,1918 304,1899 218,1895 143,1920 92,1912"/>
                <Baseline points="114,1950 139,1949 165,1948 191,1947 216,1947 242,1947 268,1947 294,1947 319,1947 345,1947 371,1947 397,1947"/>
                <TextEquiv>
                    <Unicode>n Stelle von</Unicode>
                </TextEquiv>
            </TextLine>
            <TextLine id="r1l37" custom="readingOrder {index:36;}">
                <Coords points="419,1955 1578,1961 1578,1898 1535,1895 419,1900"/>
                <Baseline points="438,1945 494,1946 550,1946 606,1947 662,1947 718,1948 774,1948 830,1949 886,1949 942,1949 999,1949 1055,1949 1111,1949 1167,1949 1223,1948 1279,1948 1335,1947 1391,1946 1447,1945 1503,1943 1560,1942"/>
                <TextEquiv>
                    <Unicode>Erkennens“, „Große Szene“ und „Das Bachusfest“.</Unicode>
                </TextEquiv>
            </TextLine>
            <TextLine id="r1l38" custom="readingOrder {index:37;}">
                <Coords points="1583,1949 2750,1966 2750,1907 1584,1894"/>
                <Baseline points="1603,1948 1659,1947 1715,1947 1772,1947 1828,1947 1885,1947 1941,1948 1997,1948 2054,1949 2110,1949 2167,1950 2223,1951 2279,1951 2336,1952 2392,1953 2449,1953 2505,1953 2561,1954 2618,1954 2674,1954 2731,1953"/>
                <TextEquiv>
                    <Unicode>täuschen können, daß tief in Ihnen die Seele einer</Unicode>
                </TextEquiv>
            </TextLine>
            <TextLine id="r1l39" custom="readingOrder {index:38;}">
                <Coords points="2748,1966 3110,1972 3149,1957 3306,1977 3306,1903 3149,1929 3110,1905 2749,1911"/>
                <Baseline points="2770,1958 2795,1956 2821,1956 2847,1955 2873,1955 2899,1955 2925,1955 2950,1956 2976,1957 3002,1957 3028,1957 3054,1958 3080,1959 3106,1959 3131,1959 3157,1959 3183,1959 3209,1959 3235,1958 3261,1957 3287,1955"/>
                <TextEquiv>
                    <Unicode>sich tragödienhaft äußer</Unicode>
                </TextEquiv>
            </TextLine>
            <TextLine id="r1l40" custom="readingOrder {index:39;}">
                <Coords points="2229,1980 2249,1983 2266,1974 2285,1977 2291,1942 2237,1934"/>
                <Baseline points="2250,1978 2264,1980"/>
                <TextEquiv>
                    <Unicode>8</Unicode>
                </TextEquiv>
            </TextLine>
            <TextLine id="r1l41" custom="readingOrder {index:40;}">
                <Coords points="410,2011 1589,1993 1561,1950 1043,1933 410,1956"/>
                <Baseline points="428,1994 485,1995 542,1995 599,1995 656,1996 713,1996 770,1997 827,1997 884,1998 941,1998 998,1998 1055,1998 1112,1998 1169,1998 1226,1998 1283,1998 1340,1997 1397,1997 1454,1996 1511,1995 1568,1993"/>
                <TextEquiv>
                    <Unicode>Die Aufgabe der Komödie ist es, den Leser oder Zu¬</Unicode>
                </TextEquiv>
            </TextLine>
            <TextLine id="r1l42" custom="readingOrder {index:41;}">
                <Coords points="93,2015 223,2014 238,2002 278,2010 293,1998 321,2014 368,2014 388,1998 407,1998 407,1955 348,1963 281,1947 270,1955 93,1952"/>
                <Baseline points="113,1996 138,1997 163,1997 188,1997 213,1997 238,1997 263,1997 288,1996 313,1996 338,1996 363,1996 388,1997"/>
                <TextEquiv>
                    <Unicode>erstehen ist.““</Unicode>
                </TextEquiv>
            </TextLine>
            <TextLine id="r1l43" custom="readingOrder {index:42;}">
                <Coords points="1594,2009 2756,2018 2757,1955 1594,1954"/>
                <Baseline points="1614,1999 1670,1997 1726,1996 1782,1995 1838,1995 1894,1994 1950,1994 2007,1995 2063,1995 2119,1995 2175,1996 2231,1997 2287,1998 2343,1999 2400,2000 2456,2001 2512,2002 2568,2002 2624,2003 2680,2004 2737,2004"/>
                <TextEquiv>
                    <Unicode>großen Liebenden schlummert“. So apostrophiert der</Unicode>
                </TextEquiv>
            </TextLine>
            <TextLine id="r1l44" custom="readingOrder {index:43;}">
                <Coords points="2753,2016 3043,2004 3303,2020 3303,1961 3055,1961 3039,1976 2949,1945 2753,1961"/>
                <Baseline points="2773,2009 2798,2009 2823,2007 2849,2006 2874,2006 2900,2005 2925,2005 2950,2005 2976,2005 3001,2005 3027,2005 3052,2005 3077,2006 3103,2006 3128,2006 3154,2007 3179,2007 3204,2007 3230,2007 3255,2007 3281,2007"/>
                <TextEquiv>
                    <Unicode>gab in allen drei Einakt</Unicode>
                </TextEquiv>
            </TextLine>
            <TextLine id="r1l45" custom="readingOrder {index:44;}">
                <Coords points="104,2057 128,2057 139,2045 167,2060 387,2054 418,2046 418,1999 390,2003 370,1987 343,2000 233,2001 225,1993 104,2006"/>
                <Baseline points="123,2047 148,2046 173,2046 198,2046 223,2045 248,2045 273,2045 298,2045 323,2045 348,2044 373,2044 399,2043"/>
                <TextEquiv>
                    <Unicode>r verstorbene</Unicode>
                </TextEquiv>
            </TextLine>
            <TextLine id="r1l46" custom="readingOrder {index:45;}">
                <Coords points="414,2062 1412,2069 1596,2045 1596,1994 414,2007"/>
                <Baseline points="435,2047 492,2046 549,2046 606,2045 663,2045 720,2045 777,2046 834,2046 891,2046 948,2046 1005,2046 1062,2047 1119,2047 1176,2047 1233,2047 1290,2046 1347,2046 1404,2045 1461,2045 1518,2044 1576,2042"/>
                <TextEquiv>
                    <Unicode>hörer in eine vergnügte Stimmung zu bringen, Bilder</Unicode>
                </TextEquiv>
            </TextLine>
            <TextLine id="r1l47" custom="readingOrder {index:46;}">
                <Coords points="1589,2048 2614,2072 2759,2054 2760,2007 1589,2013"/>
                <Baseline points="1608,2043 1664,2043 1721,2043 1777,2044 1834,2044 1890,2044 1947,2045 2003,2045 2060,2046 2116,2046 2173,2047 2230,2047 2286,2048 2343,2048 2399,2049 2456,2049 2512,2050 2569,2051 2625,2051 2682,2051 2739,2052"/>
                <TextEquiv>
                    <Unicode>liebende Professor seine ehemalige und zukünftige Ge¬</Unicode>
                </TextEquiv>
            </TextLine>
            <TextLine id="r1l48" custom="readingOrder {index:47;}">
                <Coords points="2745,2059 2929,2054 2957,2081 2992,2058 3047,2073 3071,2053 3098,2069 3291,2060 3290,2017 3039,2002 2882,2015 2791,1992 2744,2008"/>
                <Baseline points="2765,2054 2790,2054 2815,2054 2840,2054 2865,2054 2891,2054 2916,2054 2941,2054 2966,2054 2991,2054 3017,2054 3042,2054 3067,2054 3092,2053 3117,2053 3143,2053 3168,2053 3193,2052 3218,2052 3243,2051 3269,2051"/>
                <TextEquiv>
                    <Unicode>wir es gleich heraus:</Unicode>
                </TextEquiv>
            </TextLine>
            <TextLine id="r1l49" custom="readingOrder {index:48;}">
                <Coords points="411,2100 1491,2112 1589,2092 1589,2053 411,2061"/>
                <Baseline points="431,2096 490,2096 550,2096 610,2096 670,2096 730,2096 790,2096 850,2096 910,2096 970,2096 1030,2096 1090,2096 1150,2095 1210,2095 1270,2095 1330,2094 1390,2094 1450,2093 1510,2092 1570,2092"/>
                <TextEquiv>
                    <Unicode>aus des Lebens buntem Jahrmarkt kunstvoll auszu¬</Unicode>
                </TextEquiv>
            </TextLine>
            <TextLine id="r1l50" custom="readingOrder {index:49;}">
                <Coords points="111,2104 237,2114 315,2097 351,2112 413,2095 413,2052 358,2057 330,2037 295,2062 204,2047 169,2060 149,2044 110,2057"/>
                <Baseline points="132,2095 158,2097 184,2098 210,2098 236,2098 262,2098 288,2097 314,2096 340,2094 366,2094 392,2093"/>
                <TextEquiv>
                    <Unicode>Schaffen des</Unicode>
                </TextEquiv>
            </TextLine>
            <TextLine id="r1l51" custom="readingOrder {index:50;}">
                <Coords points="1588,2126 1750,2092 2755,2110 2728,2051 1589,2051"/>
                <Baseline points="1610,2091 1666,2091 1722,2092 1779,2093 1835,2093 1891,2094 1948,2095 2004,2095 2060,2096 2117,2097 2173,2098 2229,2098 2286,2099 2342,2100 2398,2100 2455,2101 2511,2101 2567,2101 2624,2101 2680,2101 2737,2101"/>
                <TextEquiv>
                    <Unicode>liebte! Also Ehebruch wegen Herzerweiterung. Zu 2.</Unicode>
                </TextEquiv>
            </TextLine>
            <TextLine id="r1l52" custom="readingOrder {index:51;}">
                <Coords points="2750,2102 3025,2116 3057,2097 3139,2121 3210,2098 3304,2111 3305,2056 2751,2055"/>
                <Baseline points="2771,2100 2796,2101 2822,2101 2847,2101 2873,2102 2899,2103 2924,2103 2950,2103 2975,2104 3001,2104 3027,2105 3052,2105 3078,2105 3103,2105 3129,2105 3155,2105 3180,2105 3206,2105 3231,2105 3257,2104 3283,2104"/>
                <TextEquiv>
                    <Unicode>rechnend als Eckold, ech</Unicode>
                </TextEquiv>
            </TextLine>
            <TextLine id="r1l53" custom="readingOrder {index:52;}">
                <Coords points="256,2157 363,2150 369,2141 384,2138 394,2124 422,2123 416,2092 373,2100 355,2087 330,2104 305,2096 295,2106 248,2111"/>
                <Baseline points="273,2145 298,2144 324,2140 349,2134 375,2129 401,2123"/>
                <TextEquiv>
                    <Unicode>ruber“</Unicode>
                </TextEquiv>
            </TextLine>
            <TextLine id="r1l54" custom="readingOrder {index:53;}">
                <Coords points="414,2154 1592,2143 1591,2092 413,2103"/>
                <Baseline points="433,2149 490,2148 547,2148 604,2147 661,2147 718,2147 775,2146 832,2146 889,2146 946,2146 1003,2146 1060,2146 1117,2146 1174,2145 1231,2145 1288,2144 1345,2144 1402,2143 1459,2142 1516,2141 1574,2139"/>
                <TextEquiv>
                    <Unicode>schneiden und mit überlegenem Geiste heiter und be¬</Unicode>
                </TextEquiv>
            </TextLine>
            <TextLine id="r1l55" custom="readingOrder {index:54;}">
                <Coords points="1593,2162 2756,2165 2725,2102 1594,2103"/>
                <Baseline points="1613,2146 1669,2145 1725,2144 1781,2144 1837,2143 1893,2143 1949,2144 2005,2144 2061,2144 2117,2145 2174,2145 2230,2146 2286,2147 2342,2147 2398,2148 2454,2149 2510,2149 2566,2149 2622,2149 2678,2149 2735,2149"/>
                <TextEquiv>
                    <Unicode>„Ich fühle es ja, Konrad, du bist ein Kind, wirklich</Unicode>
                </TextEquiv>
            </TextLine>
            <TextLine id="r1l56" custom="readingOrder {index:55;}">
                <Coords points="2742,2148 3040,2169 3170,2155 3229,2176 3300,2158 3300,2115 3218,2097 3143,2120 3057,2098 2947,2112 2743,2101"/>
                <Baseline points="2761,2149 2786,2148 2812,2148 2838,2148 2864,2148 2890,2149 2916,2149 2942,2150 2968,2151 2994,2151 3020,2152 3045,2153 3071,2154 3097,2154 3123,2155 3149,2155 3175,2155 3201,2156 3227,2155 3253,2155 3279,2154"/>
                <TextEquiv>
                    <Unicode>Launen und dem plötzlich</Unicode>
                </TextEquiv>
            </TextLine>
            <TextLine id="r1l57" custom="readingOrder {index:56;}">
                <Coords points="1587,2193 2526,2193 2557,2224 2636,2189 2765,2221 2765,2150 2722,2138 1587,2146"/>
                <Baseline points="1608,2191 1664,2191 1721,2191 1778,2191 1835,2191 1892,2191 1949,2192 2005,2192 2062,2192 2119,2192 2176,2193 2233,2193 2290,2193 2347,2193 2403,2194 2460,2194 2517,2194 2574,2194 2631,2194 2688,2194 2745,2194"/>
                <TextEquiv>
                    <Unicode>ein Kind“ worauf dieses angebliche Kind und Ehe¬</Unicode>
                </TextEquiv>
            </TextLine>
            <TextLine id="r1l58" custom="readingOrder {index:57;}">
                <Coords points="406,2202 1564,2209 1588,2138 405,2151"/>
                <Baseline points="427,2197 484,2196 541,2195 598,2195 655,2195 712,2194 769,2194 826,2194 883,2193 940,2193 997,2193 1054,2193 1111,2193 1168,2193 1225,2193 1282,2192 1339,2192 1396,2192 1453,2192 1510,2191 1567,2191"/>
                <TextEquiv>
                    <Unicode>haglich darzubieten, dabei eine klare Weltanschauung</Unicode>
                </TextEquiv>
            </TextLine>
            <TextLine id="r1l59" custom="readingOrder {index:58;}">
                <Coords points="272,2204 303,2200 370,2207 390,2202 401,2190 425,2190 424,2135 405,2135 393,2147 369,2140 350,2152 271,2149"/>
                <Baseline points="290,2193 318,2194 347,2193 375,2192 404,2193"/>
                <TextEquiv>
                    <Unicode>itische</Unicode>
                </TextEquiv>
            </TextLine>
            <TextLine id="r1l60" custom="readingOrder {index:59;}">
                <Coords points="2739,2217 2892,2198 3026,2203 3042,2219 3073,2203 3301,2213 3301,2158 2740,2150"/>
                <Baseline points="2760,2200 2786,2199 2812,2199 2838,2198 2864,2198 2890,2198 2916,2199 2943,2199 2969,2200 2995,2201 3021,2202 3047,2202 3073,2203 3099,2203 3126,2203 3152,2203 3178,2202 3204,2202 3230,2201 3256,2199 3283,2197"/>
                <TextEquiv>
                    <Unicode>fühle in der „Großen S</Unicode>
                </TextEquiv>
            </TextLine>
            <TextLine id="r1l61" custom="readingOrder {index:60;}">
                <Coords points="407,2264 1585,2251 1585,2208 1530,2196 407,2190"/>
                <Baseline points="427,2243 486,2243 546,2243 606,2244 666,2244 726,2244 786,2244 846,2244 906,2244 966,2243 1026,2243 1086,2243 1146,2242 1206,2242 1266,2241 1326,2241 1386,2240 1446,2239 1506,2239 1566,2238"/>
                <TextEquiv>
                    <Unicode>lustig und anspruchslos zu verkünden. Die klare Welt¬</Unicode>
                </TextEquiv>
            </TextLine>
            <TextLine id="r1l62" custom="readingOrder {index:61;}">
                <Coords points="1579,2251 2757,2258 2757,2195 1579,2188"/>
                <Baseline points="1599,2239 1656,2240 1713,2240 1770,2241 1827,2241 1884,2242 1941,2242 1998,2242 2055,2243 2112,2243 2169,2244 2226,2244 2283,2244 2340,2245 2397,2245 2454,2245 2511,2245 2568,2245 2625,2245 2682,2245 2739,2245"/>
                <TextEquiv>
                    <Unicode>brecher erwidert: „Ja, ich spüre es selbst, ich bin</Unicode>
                </TextEquiv>
            </TextLine>
            <TextLine id="r1l63" custom="readingOrder {index:62;}">
                <Coords points="252,2231 272,2231 292,2242 303,2234 327,2249 378,2249 398,2236 410,2244 429,2244 429,2201 374,2201 350,2210 342,2202 299,2203 279,2187 252,2184"/>
                <Baseline points="273,2243 300,2244 327,2244 354,2243 381,2242 408,2242"/>
                <TextEquiv>
                    <Unicode>hätte</Unicode>
                </TextEquiv>
            </TextLine>
            <TextLine id="r1l64" custom="readingOrder {index:63;}">
                <Coords points="2743,2247 2923,2246 3021,2266 3045,2243 3127,2264 3187,2241 3202,2257 3300,2258 3301,2199 3183,2217 3026,2200 2743,2208"/>
                <Baseline points="2761,2244 2787,2244 2813,2244 2839,2245 2865,2245 2891,2246 2917,2246 2943,2247 2969,2248 2995,2249 3021,2249 3047,2250 3073,2250 3099,2250 3125,2250 3151,2250 3177,2250 3203,2250 3229,2249 3255,2248 3282,2247"/>
                <TextEquiv>
                    <Unicode>Urlaub nach Hause wan</Unicode>
                </TextEquiv>
            </TextLine>
            <TextLine id="r1l65" custom="readingOrder {index:64;}">
                <Coords points="1585,2297 3301,2312 3301,2234 1585,2257"/>
                <Baseline points="1604,2287 1687,2288 1771,2288 1855,2289 1939,2289 2023,2290 2107,2291 2191,2291 2275,2292 2359,2292 2443,2293 2526,2293 2610,2293 2694,2294 2778,2294 2862,2294 2946,2294 3030,2294 3114,2294 3198,2294 3282,2294"/>
                <TextEquiv>
                    <Unicode>manchmal ein Kind“. Also Ehebruch wegen kindlichen achtenswerte schauspieleri</Unicode>
                </TextEquiv>
            </TextLine>
            <TextLine id="r1l66" custom="readingOrder {index:65;}">
                <Coords points="422,2300 1585,2302 1584,2254 1451,2243 422,2257"/>
                <Baseline points="440,2289 496,2290 552,2292 608,2292 665,2293 721,2293 777,2293 834,2293 890,2293 946,2292 1003,2292 1059,2291 1115,2291 1171,2290 1228,2290 1284,2290 1340,2289 1397,2289 1453,2290 1509,2290 1566,2291"/>
                <TextEquiv>
                    <Unicode>anschauung Schnitzlers: Rücksichtsloses Sichausleben,</Unicode>
                </TextEquiv>
            </TextLine>
            <TextLine id="r1l67" custom="readingOrder {index:66;}">
                <Coords points="267,2310 318,2313 330,2301 346,2298 369,2311 420,2317 423,2238 396,2237 379,2248 313,2246 305,2237 297,2245 270,2240"/>
                <Baseline points="289,2294 317,2295 345,2295 373,2296 401,2300"/>
                <TextEquiv>
                    <Unicode>SS</Unicode>
                </TextEquiv>
            </TextLine>
            <TextLine id="r1l68" custom="readingOrder {index:67;}">
                <Coords points="253,2359 303,2346 347,2358 366,2348 374,2351 396,2334 420,2331 417,2300 370,2305 330,2300 323,2309 310,2302 295,2308 283,2301 247,2304"/>
                <Baseline points="272,2344 297,2342 322,2341 348,2338 373,2336 399,2331"/>
                <TextEquiv>
                    <Unicode>leicht¬</Unicode>
                </TextEquiv>
            </TextLine>
            <TextLine id="r1l69" custom="readingOrder {index:68;}">
                <Coords points="421,2348 1564,2356 1588,2289 421,2301"/>
                <Baseline points="440,2338 496,2339 552,2340 609,2341 665,2341 722,2342 778,2342 834,2342 891,2341 947,2341 1004,2341 1060,2340 1116,2340 1173,2340 1229,2339 1286,2339 1342,2339 1398,2340 1455,2340 1511,2341 1568,2342"/>
                <TextEquiv>
                    <Unicode>Sinnlichkeit und Genußsucht ohne jede Beimischung</Unicode>
                </TextEquiv>
            </TextLine>
            <TextLine id="r1l70" custom="readingOrder {index:69;}">
                <Coords points="1593,2350 3266,2364 3290,2305 1593,2295"/>
                <Baseline points="1614,2334 1696,2335 1779,2337 1862,2338 1944,2339 2027,2339 2110,2340 2192,2340 2275,2340 2358,2340 2441,2341 2523,2341 2606,2341 2689,2341 2771,2342 2854,2342 2937,2343 3019,2344 3102,2345 3185,2346 3268,2347"/>
                <TextEquiv>
                    <Unicode>Unverstandes. Zu 3. „Du sollst nicht auf Urlaub begegnete uns noch H</Unicode>
                </TextEquiv>
            </TextLine>
            <TextLine id="r1l71" custom="readingOrder {index:70;}">
                <Coords points="106,2363 126,2360 136,2347 144,2350 164,2347 154,2277 135,2280 131,2277 127,2281 96,2285"/>
                <Baseline points="122,2346 145,2343"/>
                <TextEquiv>
                    <Unicode>hu</Unicode>
                </TextEquiv>
            </TextLine>
            <TextLine id="r1l72" custom="readingOrder {index:71;}">
                <Coords points="207,2398 235,2401 246,2392 267,2404 286,2395 302,2406 415,2386 413,2335 374,2341 363,2353 340,2358 316,2347 272,2348 244,2322 204,2315"/>
                <Baseline points="225,2387 253,2388 281,2388 310,2387 338,2386 366,2384 395,2381"/>
                <TextEquiv>
                    <Unicode>d ersinn¬</Unicode>
                </TextEquiv>
            </TextLine>
            <TextLine id="r1l73" custom="readingOrder {index:72;}">
                <Coords points="407,2399 1589,2403 1589,2325 1330,2357 407,2348"/>
                <Baseline points="427,2388 484,2389 541,2389 598,2390 655,2390 712,2390 769,2390 826,2390 883,2390 940,2390 998,2390 1055,2389 1112,2389 1169,2389 1226,2388 1283,2388 1340,2388 1397,2387 1454,2387 1511,2387 1569,2386"/>
                <TextEquiv>
                    <Unicode>von moralischen Skrupeln; die Bilder aus des Lebens</Unicode>
                </TextEquiv>
            </TextLine>
            <TextLine id="r1l74" custom="readingOrder {index:73;}">
                <Coords points="107,2398 146,2395 150,2399 166,2398 178,2405 194,2396 213,2395 211,2352 171,2354 163,2347 155,2347 105,2359"/>
                <Baseline points="127,2391 160,2389 193,2387"/>
                <TextEquiv>
                    <Unicode> un</Unicode>
                </TextEquiv>
            </TextLine>
            <TextLine id="r1l75" custom="readingOrder {index:74;}">
                <Coords points="1585,2405 3168,2414 3305,2399 3305,2344 1585,2358"/>
                <Baseline points="1605,2390 1693,2389 1781,2388 1870,2387 1958,2387 2046,2387 2135,2387 2223,2387 2311,2388 2400,2388 2488,2389 2577,2390 2665,2391 2753,2392 2842,2393 2930,2394 3018,2394 3107,2395 3195,2396 3284,2397"/>
                <TextEquiv>
                    <Unicode>gehen und deine Frau allein lassen, da er sonst kom= daß man ein trefflicher</Unicode>
                </TextEquiv>
            </TextLine>
            <TextLine id="r1l76" custom="readingOrder {index:75;}">
                <Coords points="422,2446 1585,2446 1585,2391 1542,2387 422,2391"/>
                <Baseline points="442,2437 498,2438 554,2438 610,2439 666,2439 723,2439 779,2440 835,2440 891,2440 947,2440 1004,2440 1060,2440 1116,2439 1172,2439 1228,2439 1285,2439 1341,2438 1397,2438 1453,2438 1509,2437 1566,2437"/>
                <TextEquiv>
                    <Unicode>buntem Jahrmarkt sind der Ehebruch, der einfache,</Unicode>
                </TextEquiv>
            </TextLine>
            <TextLine id="r1l77" custom="readingOrder {index:76;}">
                <Coords points="1588,2450 3305,2449 3305,2398 2849,2372 1588,2391"/>
                <Baseline points="1609,2437 1692,2437 1776,2437 1860,2436 1944,2436 2027,2436 2111,2436 2195,2436 2279,2436 2362,2436 2446,2436 2530,2436 2614,2437 2697,2437 2781,2438 2865,2439 2949,2440 3032,2441 3116,2442 3200,2444 3284,2446"/>
                <TextEquiv>
                    <Unicode>men muß.“ Also Ehebruch wegen der aufstoßenden recht mittelmäßiger Schn#</Unicode>
                </TextEquiv>
            </TextLine>
            <TextLine id="r1l78" custom="readingOrder {index:77;}">
                <Coords points="166,2456 213,2451 221,2458 245,2446 276,2445 284,2453 323,2444 331,2452 374,2451 390,2439 410,2439 409,2395 373,2392 365,2400 291,2386 259,2403 240,2395 216,2403 204,2396 165,2401"/>
                <Baseline points="186,2442 211,2441 237,2440 262,2440 288,2439 314,2439 339,2439 365,2438 391,2436"/>
                <TextEquiv>
                    <Unicode>ebruch bis</Unicode>
                </TextEquiv>
            </TextLine>
            <TextLine id="r1l79" custom="readingOrder {index:78;}">
                <Coords points="99,2455 123,2453 127,2457 166,2453 161,2395 122,2398 115,2407 95,2408"/>
                <Baseline points="119,2441 145,2439"/>
                <TextEquiv>
                    <Unicode>E</Unicode>
                </TextEquiv>
            </TextLine>
            <TextLine id="r1l80" custom="readingOrder {index:79;}">
                <Coords points="1592,2491 2758,2504 2758,2437 1592,2440"/>
                <Baseline points="1612,2482 1668,2483 1724,2484 1780,2485 1837,2485 1893,2486 1949,2486 2006,2486 2062,2486 2118,2486 2175,2486 2231,2486 2287,2485 2343,2485 2400,2485 2456,2484 2512,2483 2569,2483 2625,2482 2681,2482 2738,2481"/>
                <TextEquiv>
                    <Unicode>Gelegenheit. Ein lächerlicher Begriff diese eheliche</Unicode>
                </TextEquiv>
            </TextLine>
            <TextLine id="r1l81" custom="readingOrder {index:80;}">
                <Coords points="418,2497 1388,2506 1557,2494 1600,2435 418,2446"/>
                <Baseline points="437,2485 494,2485 551,2486 608,2486 665,2486 722,2486 779,2487 837,2487 894,2487 951,2487 1008,2487 1065,2487 1122,2487 1179,2487 1237,2487 1294,2486 1351,2485 1408,2485 1465,2483 1522,2482 1580,2480"/>
                <TextEquiv>
                    <Unicode>doppelte und mehrfache Ehebruch; die vergnügte Stim¬</Unicode>
                </TextEquiv>
            </TextLine>
            <TextLine id="r1l82" custom="readingOrder {index:81;}">
                <Coords points="103,2497 174,2504 241,2491 276,2507 312,2494 327,2502 425,2497 425,2454 393,2446 382,2454 311,2443 284,2456 272,2444 197,2453 158,2426 103,2442"/>
                <Baseline points="121,2486 146,2487 172,2487 198,2487 223,2487 249,2487 275,2486 301,2485 326,2484 352,2484 378,2485 404,2485"/>
                <TextEquiv>
                    <Unicode>derne Drama</Unicode>
                </TextEquiv>
            </TextLine>
            <TextLine id="r1l83" custom="readingOrder {index:82;}">
                <Coords points="2744,2492 2834,2493 2858,2512 2881,2489 3023,2513 3097,2490 3184,2510 3215,2494 3298,2506 3298,2447 3172,2439 3098,2462 2744,2437"/>
                <Baseline points="2765,2490 2790,2491 2816,2491 2842,2491 2867,2492 2893,2492 2919,2492 2944,2493 2970,2493 2996,2493 3022,2493 3047,2493 3073,2493 3099,2493 3124,2493 3150,2493 3176,2493 3201,2493 3227,2493 3253,2492 3279,2492"/>
                <TextEquiv>
                    <Unicode>kann, und Herr Richter</Unicode>
                </TextEquiv>
            </TextLine>
            <TextLine id="r1l84" custom="readingOrder {index:83;}">
                <Coords points="1586,2535 2756,2538 2756,2487 1586,2480"/>
                <Baseline points="1607,2533 1663,2533 1720,2533 1776,2533 1833,2534 1889,2534 1946,2534 2002,2534 2059,2534 2115,2535 2172,2535 2228,2535 2285,2535 2341,2535 2398,2534 2454,2534 2511,2533 2567,2533 2624,2532 2680,2531 2737,2530"/>
                <TextEquiv>
                    <Unicode>Treue und selbst die Frauen erörtern die erotischen</Unicode>
                </TextEquiv>
            </TextLine>
            <TextLine id="r1l85" custom="readingOrder {index:84;}">
                <Coords points="101,2556 128,2547 207,2554 223,2542 282,2545 294,2557 317,2544 423,2547 422,2492 100,2493"/>
                <Baseline points="121,2537 146,2537 172,2537 198,2537 223,2536 249,2536 275,2535 301,2534 326,2534 352,2534 378,2534 404,2534"/>
                <TextEquiv>
                    <Unicode>bruch in einer</Unicode>
                </TextEquiv>
            </TextLine>
            <TextLine id="r1l86" custom="readingOrder {index:85;}">
                <Coords points="415,2548 1602,2551 1601,2476 1378,2512 415,2490"/>
                <Baseline points="434,2535 491,2536 548,2537 605,2538 663,2539 720,2539 777,2539 835,2540 892,2540 949,2540 1007,2540 1064,2540 1121,2539 1178,2539 1236,2539 1293,2538 1350,2538 1408,2537 1465,2536 1522,2535 1580,2534"/>
                <TextEquiv>
                    <Unicode>mung besteht darin, daß man sich ekelt und am lieb¬</Unicode>
                </TextEquiv>
            </TextLine>
            <TextLine id="r1l87" custom="readingOrder {index:86;}">
                <Coords points="2744,2538 3042,2564 3113,2540 3266,2556 3309,2548 3309,2477 3187,2501 3014,2482 2963,2498 2743,2491"/>
                <Baseline points="2762,2543 2788,2542 2814,2542 2841,2541 2867,2541 2894,2541 2920,2541 2946,2541 2973,2541 2999,2541 3026,2542 3052,2542 3078,2542 3105,2542 3131,2542 3158,2541 3184,2541 3210,2540 3237,2540 3263,2539 3290,2537"/>
                <TextEquiv>
                    <Unicode>Frl. Karing gab die Frat</Unicode>
                </TextEquiv>
            </TextLine>
            <TextLine id="r1l88" custom="readingOrder {index:87;}">
                <Coords points="1578,2592 2709,2597 2752,2581 2752,2534 1578,2541"/>
                <Baseline points="1599,2583 1655,2584 1712,2584 1769,2584 1825,2584 1882,2584 1939,2584 1995,2584 2052,2584 2109,2583 2166,2583 2222,2583 2279,2583 2336,2583 2392,2583 2449,2582 2506,2582 2562,2582 2619,2582 2676,2581 2733,2581"/>
                <TextEquiv>
                    <Unicode>Neigungen des Mannes mit einer Selbstverständlich¬</Unicode>
                </TextEquiv>
            </TextLine>
            <TextLine id="r1l89" custom="readingOrder {index:88;}">
                <Coords points="415,2595 1542,2600 1593,2581 1593,2537 415,2544"/>
                <Baseline points="435,2585 492,2585 549,2586 606,2586 663,2586 720,2586 777,2586 834,2586 891,2586 948,2586 1005,2586 1062,2586 1119,2586 1176,2586 1233,2586 1290,2585 1347,2585 1404,2584 1461,2583 1518,2582 1575,2582"/>
                <TextEquiv>
                    <Unicode>sten sich erbrechen möchte und der überlegene Geist in</Unicode>
                </TextEquiv>
            </TextLine>
            <TextLine id="r1l90" custom="readingOrder {index:89;}">
                <Coords points="102,2607 188,2595 275,2602 290,2590 318,2602 412,2594 412,2550 306,2535 294,2547 223,2544 204,2556 192,2548 102,2552"/>
                <Baseline points="121,2591 148,2588 175,2587 202,2586 229,2586 257,2586 284,2586 311,2586 338,2587 365,2587 393,2587"/>
                <TextEquiv>
                    <Unicode>gemacht, daß</Unicode>
                </TextEquiv>
            </TextLine>
            <TextLine id="r1l91" custom="readingOrder {index:90;}">
                <Coords points="2748,2598 3293,2608 3294,2549 3215,2561 3117,2541 2748,2539"/>
                <Baseline points="2766,2587 2791,2588 2816,2589 2842,2590 2867,2590 2893,2590 2918,2591 2943,2591 2969,2591 2994,2592 3020,2592 3045,2592 3070,2592 3096,2592 3121,2592 3147,2591 3172,2591 3197,2591 3223,2590 3248,2590 3274,2589"/>
                <TextEquiv>
                    <Unicode>Anmut; nur manchmal</Unicode>
                </TextEquiv>
            </TextLine>
            <TextLine id="r1l92" custom="readingOrder {index:91;}">
                <Coords points="1586,2638 2760,2643 2760,2581 1586,2591"/>
                <Baseline points="1607,2635 1663,2635 1720,2634 1777,2634 1834,2633 1890,2633 1947,2632 2004,2632 2061,2631 2117,2631 2174,2631 2231,2630 2288,2630 2344,2630 2401,2630 2458,2630 2515,2629 2571,2629 2628,2629 2685,2629 2742,2629"/>
                <TextEquiv>
                    <Unicode>keit, die Verwunderung erregt. Die Seele des Mannes</Unicode>
                </TextEquiv>
            </TextLine>
            <TextLine id="r1l93" custom="readingOrder {index:92;}">
                <Coords points="112,2643 344,2650 371,2642 418,2657 418,2602 147,2592 131,2576 112,2576"/>
                <Baseline points="132,2636 158,2634 185,2633 212,2633 238,2634 265,2634 292,2635 318,2635 345,2634 372,2633 399,2631"/>
                <TextEquiv>
                    <Unicode>anderen als</Unicode>
                </TextEquiv>
            </TextLine>
            <TextLine id="r1l94" custom="readingOrder {index:93;}">
                <Coords points="2749,2640 2953,2659 3000,2639 3079,2659 3094,2643 3251,2647 3295,2627 3294,2592 3043,2592 2988,2608 2921,2577 2862,2600 2749,2597"/>
                <Baseline points="2769,2634 2794,2634 2819,2635 2844,2635 2870,2635 2895,2635 2920,2635 2945,2635 2971,2635 2996,2635 3021,2635 3046,2635 3072,2635 3097,2635 3122,2635 3147,2635 3173,2634 3198,2634 3223,2634 3248,2634 3274,2634"/>
                <TextEquiv>
                    <Unicode>Bewegung, mehr Farbe</Unicode>
                </TextEquiv>
            </TextLine>
            <TextLine id="r1l95" custom="readingOrder {index:94;}">
                <Coords points="422,2642 1372,2660 1604,2640 1604,2569 421,2595"/>
                <Baseline points="440,2633 497,2634 554,2635 611,2635 668,2636 726,2636 783,2636 840,2636 897,2636 954,2636 1012,2635 1069,2635 1126,2635 1183,2635 1240,2634 1298,2634 1355,2634 1412,2633 1469,2633 1526,2633 1584,2633"/>
                <TextEquiv>
                    <Unicode>einem öden, zweck= und endlosen Geschwätz. Eine</Unicode>
                </TextEquiv>
            </TextLine>
            <TextLine id="r1l96" custom="readingOrder {index:95;}">
                <Coords points="119,2698 209,2689 237,2701 304,2700 327,2688 417,2696 417,2633 315,2637 303,2649 119,2643"/>
                <Baseline points="137,2685 163,2683 189,2683 215,2683 241,2683 267,2683 293,2683 319,2683 345,2683 371,2682 397,2681"/>
                <TextEquiv>
                    <Unicode>interessantes</Unicode>
                </TextEquiv>
            </TextLine>
            <TextLine id="r1l97" custom="readingOrder {index:96;}">
                <Coords points="417,2698 1567,2698 1595,2635 417,2643"/>
                <Baseline points="436,2686 493,2685 550,2684 607,2684 664,2684 721,2683 778,2683 835,2683 892,2683 949,2683 1006,2684 1063,2684 1120,2684 1177,2684 1234,2684 1291,2684 1348,2684 1405,2684 1462,2684 1519,2684 1576,2684"/>
                <TextEquiv>
                    <Unicode>Eigentümlichkeit dieser 3 Einakter ist es, daß die</Unicode>
                </TextEquiv>
            </TextLine>
            <TextLine id="r1l98" custom="readingOrder {index:97;}">
                <Coords points="1591,2693 2754,2693 2754,2630 1591,2638"/>
                <Baseline points="1610,2684 1666,2684 1722,2684 1778,2684 1834,2684 1890,2684 1946,2684 2003,2684 2059,2684 2115,2684 2171,2684 2227,2684 2283,2684 2339,2684 2396,2683 2452,2683 2508,2682 2564,2682 2620,2681 2676,2680 2733,2679"/>
                <TextEquiv>
                    <Unicode>und wohl auch der Frau ist zu groß, als daß sie sich</Unicode>
                </TextEquiv>
            </TextLine>
            <TextLine id="r1l99" custom="readingOrder {index:98;}">
                <Coords points="2743,2693 2994,2688 3061,2704 3234,2688 3300,2704 3304,2613 3257,2641 3210,2629 3080,2653 2743,2634"/>
                <Baseline points="2761,2687 2787,2687 2813,2687 2839,2687 2865,2687 2891,2687 2917,2687 2943,2687 2969,2687 2995,2687 3022,2687 3048,2687 3074,2687 3100,2687 3126,2687 3152,2687 3178,2687 3204,2686 3230,2686 3256,2686 3283,2685"/>
                <TextEquiv>
                    <Unicode>lieh dem Prof. Ornim di</Unicode>
                </TextEquiv>
            </TextLine>
            <TextLine id="r1l100" custom="readingOrder {index:99;}">
                <Coords points="1593,2739 2748,2739 2748,2688 2661,2680 1593,2684"/>
                <Baseline points="1613,2733 1668,2733 1724,2733 1780,2733 1836,2733 1892,2733 1947,2733 2003,2733 2059,2732 2115,2732 2171,2732 2226,2732 2282,2731 2338,2731 2394,2731 2450,2731 2505,2730 2561,2730 2617,2730 2673,2729 2729,2729"/>
                <TextEquiv>
                    <Unicode>mit einer Frau, bezw. einem Manne begnügen</Unicode>
                </TextEquiv>
            </TextLine>
            <TextLine id="r1l101" custom="readingOrder {index:100;}">
                <Coords points="86,2736 126,2747 177,2738 212,2753 263,2752 290,2736 365,2746 389,2730 420,2741 419,2671 294,2701 125,2688 104,2669 85,2670"/>
                <Baseline points="107,2732 133,2734 160,2734 186,2735 213,2734 240,2734 266,2733 293,2733 320,2731 346,2730 373,2729 400,2728"/>
                <TextEquiv>
                    <Unicode>nd Herr Ar¬</Unicode>
                </TextEquiv>
            </TextLine>
            <TextLine id="r1l102" custom="readingOrder {index:101;}">
                <Coords points="414,2753 1549,2748 1596,2732 1596,2681 677,2670 414,2702"/>
                <Baseline points="434,2734 491,2734 548,2734 605,2735 662,2735 719,2735 776,2735 833,2735 890,2735 947,2735 1005,2735 1062,2735 1119,2735 1176,2735 1233,2735 1290,2735 1347,2735 1404,2734 1461,2734 1518,2733 1576,2732"/>
                <TextEquiv>
                    <Unicode>Personen immer bis zur Grenze der Langweile sich</Unicode>
                </TextEquiv>
            </TextLine>
            <TextLine id="r1l103" custom="readingOrder {index:102;}">
                <Coords points="2749,2745 3295,2741 3295,2694 2749,2694"/>
                <Baseline points="2769,2735 2794,2736 2819,2736 2844,2737 2870,2737 2895,2737 2920,2737 2946,2737 2971,2737 2996,2736 3022,2736 3047,2735 3072,2735 3097,2735 3123,2734 3148,2734 3173,2734 3199,2733 3224,2733 3249,2733 3275,2733"/>
                <TextEquiv>
                    <Unicode>haltung. Frl. Sahatin</Unicode>
                </TextEquiv>
            </TextLine>
            <TextLine id="r1l104" custom="readingOrder {index:103;}">
                <Coords points="1592,2791 2416,2801 2597,2769 2754,2796 2754,2733 1591,2740"/>
                <Baseline points="1611,2781 1667,2781 1723,2781 1779,2781 1836,2781 1892,2780 1948,2780 2004,2780 2061,2779 2117,2779 2173,2779 2229,2778 2286,2778 2342,2778 2398,2778 2454,2778 2511,2778 2567,2778 2623,2778 2679,2779 2736,2779"/>
                <TextEquiv>
                    <Unicode>könnte. „Moderner Dreck“ ruft einmal der große</Unicode>
                </TextEquiv>
            </TextLine>
            <TextLine id="r1l105" custom="readingOrder {index:104;}">
                <Coords points="423,2790 1593,2796 1593,2733 423,2739"/>
                <Baseline points="441,2784 497,2784 554,2783 611,2783 667,2783 724,2783 781,2783 837,2783 894,2783 951,2783 1008,2783 1064,2782 1121,2782 1178,2782 1234,2781 1291,2781 1348,2780 1404,2779 1461,2779 1518,2778 1575,2776"/>
                <TextEquiv>
                    <Unicode>unterhalten und dann im letzten Moment ein Dritter</Unicode>
                </TextEquiv>
            </TextLine>
            <TextLine id="r1l106" custom="readingOrder {index:105;}">
                <Coords points="2756,2790 3313,2802 3314,2735 3160,2731 3097,2751 3066,2735 2999,2755 2964,2731 2925,2751 2756,2739"/>
                <Baseline points="2774,2782 2799,2782 2825,2783 2851,2784 2877,2784 2903,2784 2929,2785 2955,2785 2981,2785 3007,2785 3033,2785 3058,2785 3084,2785 3110,2785 3136,2785 3162,2784 3188,2784 3214,2784 3240,2783 3266,2783 3292,2782"/>
                <TextEquiv>
                    <Unicode>etwas blaß und die Halt</Unicode>
                </TextEquiv>
            </TextLine>
            <TextLine id="r1l107" custom="readingOrder {index:106;}">
                <Coords points="103,2810 135,2813 185,2791 280,2803 342,2788 394,2802 417,2797 414,2722 383,2736 359,2721 336,2734 269,2732 219,2754 194,2740 100,2747"/>
                <Baseline points="122,2792 147,2790 172,2789 197,2788 222,2786 247,2785 272,2784 297,2783 322,2782 347,2781 372,2781 397,2781"/>
                <TextEquiv>
                    <Unicode>krischen Gilde</Unicode>
                </TextEquiv>
            </TextLine>
            <TextLine id="r1l108" custom="readingOrder {index:107;}">
                <Coords points="1597,2836 2736,2854 2759,2779 1596,2789"/>
                <Baseline points="1618,2826 1674,2828 1730,2829 1786,2830 1842,2831 1898,2831 1954,2830 2010,2830 2066,2829 2122,2829 2179,2828 2235,2827 2291,2826 2347,2826 2403,2825 2459,2825 2515,2825 2571,2825 2627,2825 2683,2826 2740,2828"/>
                <TextEquiv>
                    <Unicode>Schauspieler im zweiten Einakter. Einverstanden,</Unicode>
                </TextEquiv>
            </TextLine>
            <TextLine id="r1l109" custom="readingOrder {index:108;}">
                <Coords points="105,2847 160,2839 180,2854 207,2842 352,2838 415,2853 415,2775 391,2775 356,2795 258,2783 105,2808"/>
                <Baseline points="123,2831 150,2830 177,2830 205,2829 232,2829 260,2829 287,2829 314,2829 342,2829 369,2829 397,2829"/>
                <TextEquiv>
                    <Unicode>Problem wird</Unicode>
                </TextEquiv>
            </TextLine>
            <TextLine id="r1l110" custom="readingOrder {index:109;}">
                <Coords points="420,2847 1603,2841 1602,2763 821,2807 420,2772"/>
                <Baseline points="438,2832 495,2832 552,2832 609,2832 666,2832 724,2832 781,2832 838,2832 895,2832 952,2832 1010,2832 1067,2832 1124,2832 1181,2832 1238,2832 1296,2831 1353,2831 1410,2831 1467,2831 1524,2830 1582,2830"/>
                <TextEquiv>
                    <Unicode>dazwischen platzt. Dabei setzt es Plattheiten ab, die</Unicode>
                </TextEquiv>
            </TextLine>
            <TextLine id="r1l111" custom="readingOrder {index:110;}">
                <Coords points="2739,2830 2955,2850 2999,2834 3085,2850 3305,2839 3305,2773 3179,2792 2975,2787 2944,2803 2893,2783 2740,2778"/>
                <Baseline points="2760,2833 2786,2833 2812,2833 2838,2833 2864,2834 2891,2834 2917,2834 2943,2835 2969,2835 2995,2835 3022,2836 3048,2836 3074,2836 3100,2836 3126,2836 3153,2836 3179,2836 3205,2835 3231,2834 3257,2834 3284,2832"/>
                <TextEquiv>
                    <Unicode>nach der großen Szene h</Unicode>
                </TextEquiv>
            </TextLine>
            <TextLine id="r1l112" custom="readingOrder {index:111;}">
                <Coords points="2486,2883 2518,2883 2525,2891 2545,2879 2612,2887 2639,2863 2675,2883 2694,2883 2694,2824 2631,2832 2608,2828 2596,2816 2557,2820 2541,2812 2533,2820 2525,2812 2506,2828 2486,2828"/>
                <Baseline points="2506,2872 2534,2865 2562,2863 2591,2864 2619,2866 2647,2867 2676,2867"/>
                <TextEquiv>
                    <Unicode>roeren</Unicode>
                </TextEquiv>
            </TextLine>
            <TextLine id="r1l113" custom="readingOrder {index:112;}">
                <Coords points="1583,2879 1662,2906 1729,2882 2192,2890 2192,2843 1583,2824"/>
                <Baseline points="1603,2875 1631,2876 1660,2876 1688,2876 1717,2877 1745,2877 1774,2877 1802,2878 1831,2878 1859,2878 1888,2878 1916,2878 1945,2878 1973,2877 2002,2877 2030,2877 2059,2877 2087,2876 2116,2876 2144,2876 2173,2875"/>
                <TextEquiv>
                    <Unicode>vollkommen einverstanden.</Unicode>
                </TextEquiv>
            </TextLine>
            <TextLine id="r1l114" custom="readingOrder {index:113;}">
                <Coords points="411,2897 1393,2896 1585,2879 1585,2836 411,2838"/>
                <Baseline points="431,2881 487,2881 544,2881 601,2881 658,2881 715,2881 771,2881 828,2881 885,2881 942,2881 999,2880 1055,2880 1112,2880 1169,2879 1226,2879 1283,2878 1339,2878 1396,2877 1453,2877 1510,2876 1567,2875"/>
                <TextEquiv>
                    <Unicode>man den „feinsten Gestalter des wienerischen We¬</Unicode>
                </TextEquiv>
            </TextLine>
            <TextLine id="r1l115" custom="readingOrder {index:114;}">
                <Coords points="93,2893 211,2898 246,2889 266,2900 341,2886 361,2894 403,2861 423,2861 421,2818 402,2818 363,2847 265,2837 241,2850 206,2843 179,2852 155,2836 124,2849 92,2846"/>
                <Baseline points="113,2883 139,2882 165,2882 191,2881 218,2881 244,2881 270,2880 296,2880 323,2879 349,2877 375,2876 402,2873"/>
                <TextEquiv>
                    <Unicode>ich zu brand¬</Unicode>
                </TextEquiv>
            </TextLine>
            <TextLine id="r1l116" custom="readingOrder {index:115;}">
                <Coords points="2734,2885 2844,2894 2868,2879 2962,2903 2981,2884 3083,2893 3103,2878 3162,2906 3194,2887 3307,2889 3308,2837 2817,2847 2735,2830"/>
                <Baseline points="2753,2880 2779,2879 2806,2879 2833,2880 2860,2880 2887,2881 2913,2882 2940,2883 2967,2884 2994,2885 3021,2886 3047,2886 3074,2887 3101,2888 3128,2888 3155,2887 3181,2887 3208,2886 3235,2885 3262,2883 3289,2880"/>
                <TextEquiv>
                    <Unicode>ders vorgestellt. Herr M</Unicode>
                </TextEquiv>
            </TextLine>
            <TextLine id="r1l117" custom="readingOrder {index:116;}">
                <Coords points="1688,2937 2316,2926 2414,2953 2756,2932 2756,2885 2320,2887 2241,2856 2159,2892 1687,2882"/>
                <Baseline points="1707,2926 1758,2927 1810,2928 1861,2929 1913,2929 1964,2929 2016,2929 2067,2929 2119,2928 2170,2928 2222,2927 2274,2927 2325,2926 2377,2926 2428,2925 2480,2925 2531,2924 2583,2924 2634,2924 2686,2925 2738,2925"/>
                <TextEquiv>
                    <Unicode>Herr Schnitzler schildert den Liebhaber der Frau</Unicode>
                </TextEquiv>
            </TextLine>
            <TextLine id="r1l118" custom="readingOrder {index:117;}">
                <Coords points="416,2940 1476,2926 1598,2961 1598,2879 415,2881"/>
                <Baseline points="437,2928 494,2929 551,2930 608,2930 665,2930 722,2930 779,2930 836,2930 893,2930 950,2930 1007,2929 1064,2929 1121,2928 1178,2928 1235,2927 1292,2927 1349,2926 1406,2926 1463,2925 1520,2924 1577,2924"/>
                <TextEquiv>
                    <Unicode>sens“ kaum zutraut. „Stunde des Erkennens“: Sie</Unicode>
                </TextEquiv>
            </TextLine>
            <TextLine id="r1l119" custom="readingOrder {index:118;}">
                <Coords points="96,2945 407,2939 406,2892 379,2884 359,2892 300,2881 265,2901 245,2889 171,2898 96,2890"/>
                <Baseline points="117,2933 143,2931 170,2931 197,2930 224,2929 251,2929 277,2929 304,2929 331,2930 358,2930 385,2931"/>
                <TextEquiv>
                    <Unicode>en tut, nein,</Unicode>
                </TextEquiv>
            </TextLine>
            <TextLine id="r1l120" custom="readingOrder {index:119;}">
                <Coords points="2753,2938 2863,2930 2894,2946 2973,2926 3063,2950 3150,2946 3165,2930 3205,2946 3291,2934 3291,2890 2945,2899 2867,2879 2753,2883"/>
                <Baseline points="2773,2928 2799,2929 2825,2930 2851,2931 2877,2931 2904,2932 2930,2932 2956,2932 2982,2933 3008,2933 3035,2933 3061,2933 3087,2933 3113,2932 3139,2932 3166,2931 3192,2930 3218,2930 3244,2928 3271,2927"/>
                <TextEquiv>
                    <Unicode>und Frl. Meinrad das</Unicode>
                </TextEquiv>
            </TextLine>
            <TextLine id="r1l121" custom="readingOrder {index:120;}">
                <Coords points="1589,2989 2759,2980 2759,2921 1589,2930"/>
                <Baseline points="1607,2975 1663,2976 1720,2977 1776,2977 1833,2978 1890,2978 1946,2978 2003,2978 2059,2978 2116,2978 2173,2977 2229,2977 2286,2977 2342,2976 2399,2975 2456,2975 2512,2974 2569,2973 2625,2973 2682,2972 2739,2971"/>
                <TextEquiv>
                    <Unicode>des Schauspielers Herbott als einen „ganz besonders</Unicode>
                </TextEquiv>
            </TextLine>
            <TextLine id="r1l122" custom="readingOrder {index:121;}">
                <Coords points="404,2968 549,3002 1586,2991 1586,2932 404,2928"/>
                <Baseline points="425,2977 482,2978 539,2979 596,2980 653,2980 710,2981 767,2981 824,2981 881,2981 938,2981 996,2981 1053,2980 1110,2980 1167,2979 1224,2979 1281,2978 1338,2977 1395,2976 1452,2976 1509,2975 1567,2974"/>
                <TextEquiv>
                    <Unicode>betrügt ihren Mann zuerst mit einem Schriftsteller,</Unicode>
                </TextEquiv>
            </TextLine>
            <TextLine id="r1l123" custom="readingOrder {index:122;}">
                <Coords points="105,3000 195,2983 235,2994 294,2989 306,3001 317,2989 360,2984 388,3000 416,2999 415,2933 262,2943 152,2936 105,2948"/>
                <Baseline points="125,2986 152,2983 179,2981 206,2980 233,2979 260,2979 287,2979 314,2979 341,2980 368,2980 395,2981"/>
                <TextEquiv>
                    <Unicode>glich in dem</Unicode>
                </TextEquiv>
            </TextLine>
            <TextLine id="r1l124" custom="readingOrder {index:123;}">
                <Coords points="2744,2981 3066,2983 3081,2999 3160,2976 3215,3008 3250,2985 3313,2993 3314,2934 3200,2945 3164,2929 3149,2945 2972,2928 2885,2947 2854,2927 2744,2930"/>
                <Baseline points="2764,2977 2790,2979 2817,2980 2843,2981 2870,2982 2896,2983 2923,2983 2949,2983 2976,2984 3002,2984 3029,2984 3056,2984 3082,2984 3109,2984 3135,2984 3162,2984 3188,2984 3215,2983 3241,2983 3268,2983 3295,2983"/>
                <TextEquiv>
                    <Unicode>müssen. Das gut besuch</Unicode>
                </TextEquiv>
            </TextLine>
            <TextLine id="r1l125" custom="readingOrder {index:124;}">
                <Coords points="1594,3034 2725,3038 2760,3030 2760,2971 1594,2975"/>
                <Baseline points="1613,3024 1669,3025 1725,3025 1781,3026 1838,3026 1894,3027 1950,3027 2007,3027 2063,3027 2119,3027 2176,3027 2232,3027 2288,3026 2344,3026 2401,3025 2457,3025 2513,3024 2570,3023 2626,3022 2682,3021 2739,3020"/>
                <TextEquiv>
                    <Unicode>netten jungen Mann. Ich habe mich selten so rasch</Unicode>
                </TextEquiv>
            </TextLine>
            <TextLine id="r1l126" custom="readingOrder {index:125;}">
                <Coords points="418,3043 1584,3031 1584,2988 1537,2984 418,2960"/>
                <Baseline points="439,3028 495,3029 551,3029 608,3029 664,3030 720,3030 777,3030 833,3030 889,3030 946,3030 1002,3030 1058,3030 1115,3029 1171,3029 1227,3028 1284,3028 1340,3028 1396,3027 1453,3026 1509,3026 1566,3025"/>
                <TextEquiv>
                    <Unicode>dann mit einem Professor, um nach einiger Zeit</Unicode>
                </TextEquiv>
            </TextLine>
            <TextLine id="r1l127" custom="readingOrder {index:126;}">
                <Coords points="107,3044 146,3044 166,3032 189,3044 287,3036 311,3044 327,3032 374,3040 421,3029 421,2985 107,2989"/>
                <Baseline points="125,3030 150,3030 175,3029 200,3029 225,3029 250,3029 276,3029 301,3029 326,3029 351,3029 376,3030 402,3031"/>
                <TextEquiv>
                    <Unicode>en Treue wie</Unicode>
                </TextEquiv>
            </TextLine>
            <TextLine id="r1l128" custom="readingOrder {index:127;}">
                <Coords points="2752,3032 3086,3049 3129,3030 3231,3030 3270,3050 3321,3038 3322,2967 3208,2999 3164,2979 3082,2998 3066,2982 2941,2994 2752,2978"/>
                <Baseline points="2770,3025 2796,3027 2823,3029 2849,3029 2876,3031 2902,3031 2929,3032 2955,3032 2982,3032 3008,3032 3035,3032 3061,3032 3088,3032 3114,3031 3141,3031 3167,3031 3194,3030 3220,3030 3247,3030 3273,3030 3300,3030"/>
                <TextEquiv>
                    <Unicode>Beifall, obwohl ein G#</Unicode>
                </TextEquiv>
            </TextLine>
            <TextLine id="r1l129" custom="readingOrder {index:128;}">
                <Coords points="1592,3094 2617,3068 2700,3103 2755,3024 1592,3031"/>
                <Baseline points="1611,3075 1667,3075 1723,3075 1779,3075 1836,3075 1892,3075 1948,3074 2005,3074 2061,3074 2117,3073 2174,3073 2230,3073 2286,3072 2342,3072 2399,3072 2455,3071 2511,3071 2568,3070 2624,3070 2680,3070 2737,3069"/>
                <TextEquiv>
                    <Unicode>mit einem Menschen befreundet. Es ging ein so ange¬</Unicode>
                </TextEquiv>
            </TextLine>
            <TextLine id="r1l130" custom="readingOrder {index:129;}">
                <Coords points="406,3100 1592,3076 1564,3029 406,3021"/>
                <Baseline points="425,3083 482,3082 539,3081 597,3080 654,3079 711,3079 769,3079 826,3078 883,3078 941,3078 998,3078 1055,3078 1113,3078 1170,3078 1227,3077 1285,3077 1342,3076 1399,3075 1457,3074 1514,3073 1572,3072"/>
                <TextEquiv>
                    <Unicode>E,glücklicher Ehe“ wahrscheinlich abermals dem Professor</Unicode>
                </TextEquiv>
            </TextLine>
            <TextLine id="r1l131" custom="readingOrder {index:130;}">
                <Coords points="101,3084 148,3092 172,3084 183,3092 411,3085 412,3030 364,3041 329,3033 235,3041 101,3025"/>
                <Baseline points="120,3077 147,3078 174,3078 201,3078 229,3077 256,3077 283,3077 311,3077 338,3078 365,3079 393,3080"/>
                <TextEquiv>
                    <Unicode>ndament der</Unicode>
                </TextEquiv>
            </TextLine>
            <TextLine id="r1l132" custom="readingOrder {index:131;}">
                <Coords points="2737,3088 3091,3079 3311,3097 3311,3026 3170,3045 3127,3029 3083,3044 2930,3031 2899,3046 2852,3026 2738,3037"/>
                <Baseline points="2757,3079 2783,3078 2810,3078 2836,3078 2863,3078 2890,3078 2916,3079 2943,3079 2970,3079 2996,3080 3023,3080 3050,3081 3076,3081 3103,3081 3130,3081 3156,3082 3183,3082 3210,3082 3236,3082 3263,3081 3290,3081"/>
                <TextEquiv>
                    <Unicode>wußte, was es mit den</Unicode>
                </TextEquiv>
            </TextLine>
            <TextLine id="r1l133" custom="readingOrder {index:132;}">
                <Coords points="1589,3137 3306,3135 3305,3084 3082,3077 1589,3082"/>
                <Baseline points="1609,3129 1692,3127 1776,3126 1860,3124 1944,3123 2028,3122 2112,3121 2195,3120 2279,3120 2363,3120 2447,3119 2531,3120 2615,3120 2699,3120 2782,3121 2866,3121 2950,3122 3034,3123 3118,3125 3202,3126 3286,3127"/>
                <TextEquiv>
                    <Unicode>nehmer Waldduft von seinem ganzen Wesen aus. So chenden Leuten da oben a</Unicode>
                </TextEquiv>
            </TextLine>
            <TextLine id="r1l134" custom="readingOrder {index:133;}">
                <Coords points="414,3129 1407,3146 1596,3137 1596,3086 413,3082"/>
                <Baseline points="433,3127 490,3126 547,3126 604,3126 661,3125 718,3125 775,3125 833,3124 890,3124 947,3124 1004,3124 1061,3124 1118,3124 1175,3123 1233,3123 1290,3123 1347,3123 1404,3123 1461,3123 1518,3124 1576,3124"/>
                <TextEquiv>
                    <Unicode>in die Arme zu fliegen. Also doppelter und beginnen¬</Unicode>
                </TextEquiv>
            </TextLine>
            <TextLine id="r1l135" custom="readingOrder {index:134;}">
                <Coords points="99,3142 142,3134 166,3146 280,3135 413,3143 413,3076 296,3088 99,3083"/>
                <Baseline points="117,3127 142,3126 167,3126 192,3126 217,3125 242,3125 267,3125 292,3126 317,3126 342,3126 367,3127 393,3127"/>
                <TextEquiv>
                    <Unicode>chnitzler hat</Unicode>
                </TextEquiv>
            </TextLine>
            <TextLine id="r1l136" custom="readingOrder {index:135;}">
                <Coords points="1599,3191 3288,3188 3288,3134 1599,3136"/>
                <Baseline points="1619,3183 1701,3180 1784,3177 1866,3175 1949,3173 2031,3172 2114,3171 2196,3171 2279,3170 2361,3170 2444,3171 2527,3171 2609,3172 2692,3173 2774,3174 2857,3175 2939,3176 3022,3177 3104,3178 3187,3179 3270,3180"/>
                <TextEquiv>
                    <Unicode>ganz uuliterarische Menschen sind eine Wohltat. Ich Ein Kassenstück dürfte d</Unicode>
                </TextEquiv>
            </TextLine>
            <TextLine id="r1l137" custom="readingOrder {index:136;}">
                <Coords points="415,3188 1448,3200 1593,3188 1593,3125 415,3133"/>
                <Baseline points="434,3181 491,3180 548,3179 605,3178 662,3178 719,3178 776,3178 833,3178 890,3178 947,3179 1004,3179 1061,3179 1118,3179 1175,3179 1232,3179 1289,3179 1346,3178 1403,3177 1460,3175 1517,3174 1575,3172"/>
                <TextEquiv>
                    <Unicode>der dritter Ehebruch. „Die Große Szene“: Er be¬</Unicode>
                </TextEquiv>
            </TextLine>
            <TextLine id="r1l138" custom="readingOrder {index:137;}">
                <Coords points="107,3201 134,3201 170,3181 303,3193 374,3181 402,3201 421,3201 421,3142 386,3142 339,3122 205,3134 170,3150 158,3138 107,3134"/>
                <Baseline points="128,3178 155,3179 182,3179 210,3180 237,3180 265,3180 292,3179 319,3179 347,3179 374,3179 402,3179"/>
                <TextEquiv>
                    <Unicode>ht nur zum</Unicode>
                </TextEquiv>
            </TextLine>
            <TextLine id="r1l139" custom="readingOrder {index:138;}">
                <Coords points="112,3267 3294,3242 3293,3163 112,3185"/>
                <Baseline points="133,3230 290,3231 447,3232 604,3233 761,3233 918,3233 1075,3232 1232,3232 1389,3231 1546,3230 1703,3229 1860,3228 2017,3227 2174,3226 2331,3225 2488,3225 2645,3224 2802,3224 2959,3225 3116,3226 3274,3227"/>
                <TextEquiv>
                    <Unicode>sondern auch trügt sie mit der Braut seines besten Freundes, wäh= traue ihm zu, daß er sein Leben kein Stück geschries mödie der Worte nicht e</Unicode>
                </TextEquiv>
            </TextLine>
            <TextEquiv>
                <Unicode>box 3275
26.1. Konoedie der Norte zyklus
bruck
zum geistreichsten, zum repräsentativen Schriftsteller
rend sie eine Tändelei mit einem jungen Manne hat¬
Oesterreichs gemacht — und wirkt dadurch unsittlich¬
Also einfacher Ehebruch und noch straflose Vorberei¬
ben“. Herrgott, wenn
und verbreitet verderbliche Anschauungen, indem man
tungshandlungen: „Das Bachusfest“. Sie ist auf dem
von Arthur
heit diese Wohltat täte
das sittliche Urteil gegen den Ehebruch abzustumpfen
besten Wege, ihren Mann zu betrügen; also versuchter
nach Waldduft duftende
hilft. Für diese sexuelle Aufklärungsarbeit erhielt
rthur Schnitz¬
aber noch nicht vollendeter Ehebruch. Da behaupte
Stücke mehr schreibende
Herr Schnitzler den Grillparzerpreis, die höchste Aus¬
von 3 Din¬
man noch, Schnitzler sei nicht moralisch. Vom doppel¬
Wir könnten ihm dann
zeichnung, die Oesterreich auf dem Gebiete der Lite¬
mKomödien¬
ten und beginnenden dritten Ehebruch kommt er zu¬
Schnitzlers Komödi##
bar weitesten
ratur zu vergeben hat. Am Montag gab man Schnitz¬
rück auf den Ehebruchsversuch. Und die Ehebruchs¬
len und deshalb nicht
lers „Komödie der Worte“ und zwar „Stunde des
motive? Zu 1. „Sie haben mich . .. niemals darüber
aum in sich
Weil aber auch das hei
n Stelle von
Erkennens“, „Große Szene“ und „Das Bachusfest“.
täuschen können, daß tief in Ihnen die Seele einer
sich tragödienhaft äußer
8
Die Aufgabe der Komödie ist es, den Leser oder Zu¬
erstehen ist.““
großen Liebenden schlummert“. So apostrophiert der
gab in allen drei Einakt
r verstorbene
hörer in eine vergnügte Stimmung zu bringen, Bilder
liebende Professor seine ehemalige und zukünftige Ge¬
wir es gleich heraus:
aus des Lebens buntem Jahrmarkt kunstvoll auszu¬
Schaffen des
liebte! Also Ehebruch wegen Herzerweiterung. Zu 2.
rechnend als Eckold, ech
ruber“
schneiden und mit überlegenem Geiste heiter und be¬
„Ich fühle es ja, Konrad, du bist ein Kind, wirklich
Launen und dem plötzlich
ein Kind“ worauf dieses angebliche Kind und Ehe¬
haglich darzubieten, dabei eine klare Weltanschauung
itische
fühle in der „Großen S
lustig und anspruchslos zu verkünden. Die klare Welt¬
brecher erwidert: „Ja, ich spüre es selbst, ich bin
hätte
Urlaub nach Hause wan
manchmal ein Kind“. Also Ehebruch wegen kindlichen achtenswerte schauspieleri
anschauung Schnitzlers: Rücksichtsloses Sichausleben,
SS
leicht¬
Sinnlichkeit und Genußsucht ohne jede Beimischung
Unverstandes. Zu 3. „Du sollst nicht auf Urlaub begegnete uns noch H
hu
d ersinn¬
von moralischen Skrupeln; die Bilder aus des Lebens
 un
gehen und deine Frau allein lassen, da er sonst kom= daß man ein trefflicher
buntem Jahrmarkt sind der Ehebruch, der einfache,
men muß.“ Also Ehebruch wegen der aufstoßenden recht mittelmäßiger Schn#
ebruch bis
E
Gelegenheit. Ein lächerlicher Begriff diese eheliche
doppelte und mehrfache Ehebruch; die vergnügte Stim¬
derne Drama
kann, und Herr Richter
Treue und selbst die Frauen erörtern die erotischen
bruch in einer
mung besteht darin, daß man sich ekelt und am lieb¬
Frl. Karing gab die Frat
Neigungen des Mannes mit einer Selbstverständlich¬
sten sich erbrechen möchte und der überlegene Geist in
gemacht, daß
Anmut; nur manchmal
keit, die Verwunderung erregt. Die Seele des Mannes
anderen als
Bewegung, mehr Farbe
einem öden, zweck= und endlosen Geschwätz. Eine
interessantes
Eigentümlichkeit dieser 3 Einakter ist es, daß die
und wohl auch der Frau ist zu groß, als daß sie sich
lieh dem Prof. Ornim di
mit einer Frau, bezw. einem Manne begnügen
nd Herr Ar¬
Personen immer bis zur Grenze der Langweile sich
haltung. Frl. Sahatin
könnte. „Moderner Dreck“ ruft einmal der große
unterhalten und dann im letzten Moment ein Dritter
etwas blaß und die Halt
krischen Gilde
Schauspieler im zweiten Einakter. Einverstanden,
Problem wird
dazwischen platzt. Dabei setzt es Plattheiten ab, die
nach der großen Szene h
roeren
vollkommen einverstanden.
man den „feinsten Gestalter des wienerischen We¬
ich zu brand¬
ders vorgestellt. Herr M
Herr Schnitzler schildert den Liebhaber der Frau
sens“ kaum zutraut. „Stunde des Erkennens“: Sie
en tut, nein,
und Frl. Meinrad das
des Schauspielers Herbott als einen „ganz besonders
betrügt ihren Mann zuerst mit einem Schriftsteller,
glich in dem
müssen. Das gut besuch
netten jungen Mann. Ich habe mich selten so rasch
dann mit einem Professor, um nach einiger Zeit
en Treue wie
Beifall, obwohl ein G#
mit einem Menschen befreundet. Es ging ein so ange¬
E,glücklicher Ehe“ wahrscheinlich abermals dem Professor
ndament der
wußte, was es mit den
nehmer Waldduft von seinem ganzen Wesen aus. So chenden Leuten da oben a
in die Arme zu fliegen. Also doppelter und beginnen¬
chnitzler hat
ganz uuliterarische Menschen sind eine Wohltat. Ich Ein Kassenstück dürfte d
der dritter Ehebruch. „Die Große Szene“: Er be¬
ht nur zum
sondern auch trügt sie mit der Braut seines besten Freundes, wäh= traue ihm zu, daß er sein Leben kein Stück geschries mödie der Worte nicht e</Unicode>
            </TextEquiv>
        </TextRegion>
    </Page>
</PcGts>
