3392 4352
378 202 1135 310 „Komödie der Worte.
601 290 957 352 Akademietheater.
368 333 1242 403 Mar, kann heute den Dichter Artur
321 383 1238 452 Schnitzler mit größerer Objektivität
329 439 1238 492 würdigen, als dies vor Jahren der Fall war.
345 486 1239 536 In der Vorkriegszeit der Modernsten einer,
331 526 1228 581 und darum heiß umstritten, heute ein ab¬
340 569 1238 621 geschiedener Geist, und doch mehr als dies,
338 612 1243 677 da seine Stimme noch immer laut genug in
339 649 1239 708 unsre Gegenwart dringt. Diese Fülle der
342 699 1231 753 Figuren, die Freude am Glitzern des Wortes,
335 731 1248 805 an psychologischer Vertiefung, und nicht
328 771 1240 833 zuletzt die theatralischen Einfälle, immer neu
336 820 1247 894 und immer amüsant — wer kann das heute
339 852 1241 928 noch in gleicher Weise der Bühne schenken?
336 898 1240 970 Vielleicht gehörte dazu die durch äußere Ver¬
338 970 1241 1014 hältnisse ungekürzte Daseinsfreude, die aller¬
343 1008 1255 1059 dings den tiefen Respekt vor den großen
342 1043 1247 1099 Problemen des Lebens nicht ausschließt, aber
340 1089 1244 1152 immerhin von Alltagssorgen frei sich dem
344 1126 1022 1205 Genuß des Augenblickes hingibt.
381 1186 1263 1252 Jedenfalls vermag auch heute noch die
345 1232 1250 1288 Schnitzlersche „Komödie der Worte“ mehr als
333 1281 1247 1337 bloße Worte zu geben. Vor allem der Ein¬
336 1319 1249 1388 akter „Die große Szene“ buntestes
346 1365 1258 1419 Theater, ewiges Theater. Der Komödiant,
341 1411 1249 1472 Herr der Bühne und der Frauen, von seiner
342 1460 1263 1509 eigenen Leistung so berauscht, daß er Schein
351 1502 1252 1553 und Wirklichkeit miteinander vermengt und
347 1546 1255 1602 das Wahre nicht vom Falschen zu unter¬
351 1571 1257 1637 scheiden vermag. Und neben ihm die stille
350 1627 1256 1678 kluge Gattin, die ihn durchschaut und doch
339 1655 1256 1724 nicht loskommen kann und will, weil sie ihm
354 1716 1259 1772 als Ergänzung seines Wesens nötig ist. Und
347 1766 1269 1805 dann die tiefe „Stunde des Er¬
351 1801 1266 1857 kennens“ Ein wenig von Ibsenschem
340 1825 1265 1901 Geist berührt, da sich eine zehn Jahre alte
343 1894 1256 1941 Lebenslüge mit einem Male offenbart und
354 1917 1261 1983 nach endgültiger Lösung verlangt. Etwas zu
348 1964 1257 2032 problematisch für unsern heutigen Geschmack,
354 2010 1259 2068 wohl auch zu redselig, und anderseits nicht
351 2064 1258 2113 schwerwiegend genug, um in ihrer ganzen
352 2107 1258 2159 Tragik empfunden zu werden. Die brausende
350 2138 1252 2187 Gegenwart hat andre Sorgen als die Analyse
356 2172 1259 2240 der Vergangenheit; und doch bleibt die kleine
355 2223 1266 2285 Komödie irgendwie seelisch interessant, mit
357 2275 1262 2343 einem Blick auf die weite Landschaft des
359 2318 575 2380 Gefühles.
401 2368 1265 2429 Sehr flott und noch immer lebendiges
355 2413 1254 2459 Theater das „Bacchusfest“ jene drollige
369 2453 1266 2510 Szene in einem Eisenbahnrestaurant, wo
353 2496 1257 2543 zwischen kommenden und abfahrenden Zügen
354 2546 1266 2596 die Entscheidung über ein Frauenschicksal
368 2591 1270 2638 fällt. Von solch ingrimmigen Blitzlichtern der
362 2630 1271 2690 Satire erhellt, daß der dunkle Hintergrund
361 2667 891 2731 kaum mehr sichtbar wird.
397 2721 1275 2788 Auch kulturhistorisch sagen uns diese
363 2763 1272 2838 Schnitzlerschen Einakter ungemein viel, und
361 2808 1269 2868 wenn in der Bahnhofshalle ein Bild Kaiser
369 2858 1267 2926 Franz Josefs hängt, so ist dies symptomatisch
375 2901 1279 2946 für eine Zeit, die, wenn auch versunken, uns
365 2944 886 3002 doch reich beschenkt hat.
409 2980 1268 3045 Die Schauspieler bejahten jedenfalls das
374 3032 1271 3091 Werk Artur Schnitzlers. Vor allem Balser,
365 3080 1260 3139 dessen Palette ungemein vielfarbig ist. In der
381 3132 1262 3182 „Stunde des Erkennens“ der kleine miß¬
383 3156 1270 3218 günstige Nörgler, in der „Großen Szene“ der
1031 3191 1277 3262 schillernden
372 3213 1029 3267 Komödiant in seiner ganzen
376 3229 1290 3312 Dialektik, und im „Bacchusfest“ der kluge,
372 3321 1285 3395 zielbewußte Mensch. Jede Rolle in ihrer Art
387 3379 1289 3450 eine Meisterleistung. Prachtvoll auch Auguste
389 3420 1283 3473 Pünkösdy in ihrer eindringlichen und
398 3461 1296 3525 einfachen Linienführung. Markant Franz
398 3512 1282 3562 Höbling als Professor Ornim, von vor¬
391 3549 1281 3616 nehmster weiblicher Anmut und Ueberlegen¬
396 3596 1290 3654 heit Maria Mayen (Sophie), ganz aus¬
386 3627 1292 3689 gezeichnet Wilhelm Schmidt (Theater¬
394 3678 1291 3725 direktor Falk), köstlich Edeltraut Arnoscht
384 3716 1286 3774 als theaterbesessenes Vorkriegsmädel. Von
384 3760 1294 3820 entzückender Anmut Hilde Wagener, sehr
389 3798 1286 3870 lustig pointiert Ullrich Bettac in der Rolle
389 3846 1286 3911 des Dr. Wernig. Die Regie Franz
389 3881 1297 3945 Herterichs, der man vielleicht nur ein
1195 3937 1274 3990 ge¬
388 3943 1169 3990 gewisses Tempo für den ersten Einakter
383 3977 1286 4032 wünscht hätte, farbig und stilecht. Ebenso die
389 4005 1292 4075 Bühnenbilder Willi Bahners. Im ganzen
393 4054 1282 4139 ein schöner und zugleich fesselnder Theater¬
1127 4105 1256 4162 L r.
381 4108 533 4174 abend.
1785 237 2122 319 Ausschnitt aus:
2180 315 2312 402 ner e
1782 460 1938 524 vom:
1985 461 2186 565 13.0
1685 454 2830 638 Schnitzler=Abend im Akademie¬
2111 624 2428 722 theater.
1810 714 2725 792 Zum erstenmal: „Komödie der Worte.“
1698 774 2881 853 Die Menschen reden aneinander vorbei. Selbst jene,
1651 829 2881 902 die sich nahestehen, vielleicht sogar sie am allermeisten.
1643 891 2883 945 Worte sind Komödianten, die oft schlecht ausdrücken,
1646 931 2888 988 was sie zu sagen haben, weil sie zu laut oder zu schwer,
1647 981 2886 1028 zu pathetisch oder zu schüchtern sind. Namentlich in der
1647 1034 2881 1090 Beziehung der Geschlechter richten sie oft heillosen
1664 1084 2883 1137 Schaden an, wenn sie das zu erfassen versuchen, was
1651 1137 2890 1191 man „Untreue“ nennt. Das klingt so gewichtig, so un¬
1654 1182 2894 1229 umstößlich. Vermag eine Verirrung des Blutes wirklich
1656 1235 2906 1274 alles zu vernichten, was wertvoll und bedeutsam ist in
1651 1264 2904 1306 der Gemeinsamkeit von Mann und Frau? Gibt es in
1659 1308 2903 1363 ihrer Liebe nichts, was sich darüber erhebt, was reiner
1660 1353 2888 1420 ist, größer und von währendem Bestand? Schnitzler
1656 1408 2890 1461 hat die Untreue nie verteidigt, gewiß nicht! Scharfe
1653 1458 2889 1506 Stellungnahme ist überhaupt nicht seine Sache gewesen.
1658 1505 2888 1559 Ibsen ist für seine Forderungen stets in irgendeiner
1663 1552 2898 1614 Szene seiner Werke vernehmlich laut geworden.
1653 1611 2892 1662 Schnitzler hat auch in der Kunst Angst vor der Komödie
1659 1653 2882 1704 der Worte gehabt. Er hat jeden Begriffspopanz ge¬
1664 1706 2890 1761 scheut. Nur Fragen hat er gestellt, und der betrogene
1664 1748 2891 1803 Teil hat bei ihm immer einen leisen Schimmer von
1664 1789 2887 1845 Unrecht oder zumindest von Unduldsamkeit, auch in
1659 1844 2878 1899 diesen drei Einaktern, die er „Komödie der Worte“
1664 1885 1844 1963 nennt.
1715 1929 2904 1993 Im ersten Stück, „Die Stunde des Er¬
1651 1985 2896 2038 kennens“, bleibt der hintergangene Gatte als
1657 2030 2891 2091 Schuldiger zurück. Die Frau geht aus dem Leben, weil
1656 2126 2892 2176 trotz allem liebt, zwanzig Jahre geteilten Schicksals,
1658 2181 2905 2245 hingebungsvoller Kameradschaft ausgelöscht hat, die
1667 2227 2901 2291 doch auch Treue, Treue tieferer und ernsterer Art, ge¬
1998 2285 2892 2334 Im zweiten Dramolett „Die große
1656 2279 1908 2342 wesen ist.
1657 2326 2891 2383 Szene“, wirkt die Frau des berühmten Schauspielers
1659 2377 2896 2433 ein bißchen spießerisch, weil sie die an sich belanglosen
1656 2424 2895 2488 Seitensprünge des Gatten, sein Schauspielern auch in
1663 2478 2908 2537 amourösen Dingen nicht begreift. Sie fühlt nicht, daß
1658 2517 2898 2579 ses vor allem seine Eitelkeit ist, die ihn von einer
1668 2572 2900 2628 Liebelei in die andre treibt, daß er auch bei den Frauen
1661 2621 2331 2672 Erfolg und Publikum sucht.
2439 2614 2894 2677 Im dritten Spiel
1675 2672 2898 2726 „Das Bacchusfest“ sind beide, er und sie, untreu
1661 2710 2890 2778 gewesen. Ort der Handlung: Bahnhof, Durchzugs¬
1670 2767 2907 2823 station — das scheint symbolisch. Und beide fühlen, daß
1669 2811 2894 2867 sie trotz dieser Entgleisung unlösbar zusammengehören.
1671 2868 2895 2918 Kein großes Wort fällt. Schnitzlers unerhörte Leichtig¬
1676 2912 2904 2965 keit des Dialogs jongliert über alles, was sich zum
1671 2964 2899 3013 „Problem“ verdichten könnte, meisterhaft hinweg.
1678 3007 2898 3057 Man spürt: wichtig ist nur die Verbundenheit dieser
1683 3049 2899 3114 Ehe. Wozu erst das Komödiantentum der Worte? Sie
1670 3089 2903 3157 würden nur Unwiderrufliches und Mißverstehen
1677 3154 2893 3215 schaffen. „Glücklich machen ist besser als schuldlos sein.“
1668 3238 2901 3299 analytiker gewesen und hat trotz aller Behutsamkeit
1677 3291 2913 3338 mit seinem seelischen Seziermesser manchen Schaden
1678 3337 2917 3398 angerichtet. Man hebt nicht ungestraft die Schleier,
1671 3378 2349 3442 auch nicht den der „Beatrice“.
1713 3426 2902 3487 Balser hatte einen ausgezeichneten Abend als be¬
1670 3488 2900 3534 trogener und betrügender Ehemann. Namentlich „die
1686 3534 2903 3588 große Szene", ein fetter Komödiantenbissen, hat
1678 3585 2904 3647 stürmisch eingeschlagen. Im ersten Stück war er ein
1676 3628 2898 3685 wenig zu laut, im letzten aber überlegen in der Führung
2701 3677 2743 3700 „
1677 3680 2907 3734 der Szene. Er ist von eminenter Wandlungsfayigkeit.
1683 3730 2900 3785 Vor etwa zwanzig Jahren hat Harry Walden im Burg¬
1672 3781 2892 3836 theater, vor neun Jahren Korff im Volkstheater dieses
1674 3822 2898 3891 Ehetriptychon meisterhaft dargestellt. Auguste Pün¬
1678 3875 2900 3925 kösdy ist von innerlich gestaltender Kraft, wenn sie
1663 3920 2908 4006 auch in der Erscheinung nicht ganz die richtige
1684 4010 2912 4064 Schnitzlerische Frau ist. Und sie ist eine wunderbare
1682 4058 2919 4116 Sprecherin. Maria Mayen unaufdringlich nobel, die
1685 4105 2926 4157 Wagener geistig behende im Dialog. Höbling
1690 4159 2943 4207 verlangt andre Aufgaben, vor allem Handlung. Das
2660 4201 2737 4238 S
