3392 4352
299 193 568 292 26.1
2145 186 2593 277 box 32/1
575 202 2007 285 Kongedie der Norte— Zyklus
1954 1175 2849 1265 —. .. Alsungen des Outöber, brei Mondle,
1352 1218 1657 1290 glich versucht
486 1199 1277 1296 und die deutschen Stellungen weit
1672 1235 2826 1298 nach dem Beginne des Krieges, als viele Siege erfochten,
490 1270 1660 1326 wurden, erstickten in unserem Abwehrfeuer. Auf dem
1685 1288 2834 1348 aber die Gefahren noch nicht gänzlich verschwunden gewesen
491 1321 1656 1365 Ostufer kam es zu sehr lebhafter Artillerietätigkeit, be¬
1673 1335 2828 1398 sind. Wir hören auch bald, was dem großen Werkmeister
500 1367 1658 1425 sonders in der Gegend nordöstlich von Bras, westlich vom
1676 1382 2827 1448 den Schlaf von den Augen verscheucht und ihn hinaus¬
499 1420 1656 1466 Dorf, um die Feste Vaux und an zmehreren Stellen in
1673 1434 2833 1489 gedrängt hat in den nächtlichen Park, damit er in der Ein¬
485 1460 1661 1503 der Woevre=Ebene. Entscheidende Infanteriekämpfe gab
1682 1477 2823 1542 samkeit und Stille den Plänen nachhängen könne. Einige
493 1519 1664 1569 es nicht. Nur wurde in der Nacht ezn vereinzelter fran¬
1671 1520 2827 1577 Wochen später wurde in der Tischgesellschaft von der Mög¬
484 1547 1650 1604 zösischer Ueberfallsversuch auf Dorf Blanzée blutig ab¬
1671 1565 2829 1631 lichkeit gesprochen, daß der Krieg nach der Schlacht von
499 1601 712 1669 gewiesen.
1685 1615 2830 1666 Sedan hätte aufhören können. Der Kanzler sagte, er
593 1634 1652 1696 Durch einen Volltreffer unserer Abwehrgeschütze ge¬
1676 1661 2832 1727 glaube, wenn Louis Napoleon damals Frieden gemacht
490 1680 1650 1747 troffen, stürzte ein französisches Flugzeug zwischen den
1679 1716 2823 1764 hätte, wäre er auf dem Throne als achtbarer Regent ge¬
491 1744 1648 1796 beiderseitigen Linien südwestlich von Chateau=Salins
1681 1758 2820 1826 blieben. Napoleon sei jedoch dumm und sentimental gewesen.
487 1799 1654 1847 brennend ab. Die Insassen sind tot und wurden mit den
1675 1809 2828 1871 König Wilhelm dachte ebenfalls, es werde nach Sedan zum
497 1833 1449 1893 Trümmern des Flugzeuges von uns geborgen.
1673 1851 2828 1916 Frieden kommen, und wollte erfahren, welche Friedens¬
532 1897 1626 1955 Oestlicher und Balkankriegsschanplatz.
1670 1904 2831 1954 bedingungen der Kanzler vorschlage. Der jetzige Krieg ist
1687 1948 2833 2012 über Vergleiche hinaus, und die Maßenverhältnisse von da¬
584 1947 908 2030 Nichts Neues.
1675 1994 2827 2046 mals gelten nicht für unsere Tage. Aber lernen können wir
1129 2000 1620 2081 Oberste Heeresleitung.“
1667 2039 2828 2116 aus jeder Zeit und in den Fußstapfen großer Männer
1681 2095 2827 2157 einherschreiten, bringt immer Gewinn, weil ihr Beispiel
559 2111 1590 2192 Meldung des türkischen Hauptquartiers:
1674 2139 2820 2201 die höchste Begabung im Wollen und Handeln dar¬
1674 2188 2830 2236 stellt und eine Stütze für unser eigenes Ziel¬
943 2180 1626 2262 Konstantinopel, 10. März.
1673 2224 2831 2279 bewußtsein ist. Es geschah zu Versailles im November,
588 2235 1212 2316 Das Hauptquartier teilt mit:
1666 2273 2835 2343 daß Fürst Bismarck die Flügeltüren seines Zimmers, wo
590 2293 1647 2365 Von den verschiedenen Fronten ist kein Bericht ein¬
1671 2323 2830 2393 sich drei Vertreter des bayerischen Königs befanden, öffnete
479 2334 1637 2416 gelangt, in dem eine bedeutende Aenderung gemeldet wird.
1661 2371 2833 2443 und mit einem Becher in der Hand sich dem Tische, an dem
576 2458 1207 2533 Die heutige Nummer enthält:
1663 2470 2831 2542 poetische Sintflut ist der erfreuliche Beweis einer hoch¬
1677 2531 2830 2593 gespannten, nach höchstgesteigertem Ausdruck ringenden
565 2525 1652 2612 „Militärisches Nachrichtenblatt“:
1681 2579 2834 2627 Vaterlandsliebe, in künstlerischer Hinsicht aber keine un¬
491 2611 1658 2691 Aus den Heeres=, Landwehr= und Marine¬
1669 2614 2828 2686 bedenkliche Erscheinung, denn man kann es ohne weiteres
1667 2681 2829 2739 als Lehrsatz gelten lassen, als einen durch vielfache Er¬
490 2698 1475 2765 verordnungsblättern. Seite 33 bis 37.
1672 2717 2832 2772 fahrung erhärteten, beinahe unumstößlichen: je zahlreicher
1672 2762 2824 2825 die Gedichte, desto geringer ihr geistiger Wert — je mehr
571 2751 1448 2844 Eingesendete Bücher. Seite 38.
1675 2807 2829 2871 Poeten, desto kränker die Poesie. Auch scheint dieser
1670 2858 2832 2914 tyrtäische Drang, sich reimweise über Kriegsereignisse aus¬
1674 2906 2823 2966 zusprechen, eine Ablenkung der dichterischen Produktion
722 2880 1428 3004 Feuilleton.
1663 2953 2827 3014 von ihren anderen Gebieten, dem dramatischen zum Bei¬
1669 3001 2816 3059 spiel, zur Folge gehaht zu haben. Wenigstens gewinnt
895 3008 1256 3091 Burgtheater.
1673 3053 2826 3110 man diesen Eindruck bei einem flüchtigen Rückblick auf
574 3070 1641 3154 Nach zuverlässigen Berechnungen hat das erste Kriegs¬
1663 3093 2824 3143 die Leistungen des Burgtheaters während des gegen¬
495 3132 1658 3213 fahr über eine Million Kriegsgedichte hervorgebracht, und
1673 3147 2823 3215 wärtigen Spieljahres, das sich mit behenden Schritten
485 3187 1650 3237 so darf wohl angenommen werden, daß sich im zweiten
1664 3194 2826 3264 seinem letzten Drittel nähert. In der ganzen abgelaufenen
488 3226 1658 3295 Jahre auch die zweite Million ausrunden wird. Diese
1659 3241 2816 3312 Frist, seit September also, ist uns bloß ein einziges.
518 3331 899 3441 11 94.—
1551 3378 1753 3486 e
2934 1185 3370 1283 Was son da werden:
2840 1261 3367 1328 uns fast blendet. Pflichten
2843 1303 3361 1371 Ernstes nicht erschrecken
2846 1354 3360 1420 alte und doch so neuartige
2849 1406 3376 1474 darf, da Geschichte und Bes
2846 1446 3384 1514 Antwort auf die Frage de
2836 1494 3384 1558 der Willensbildung und de
2838 1545 3360 1608 nötig zur Erziehung, die
2844 1587 3369 1651 hineingewöhnen und dazu
2850 1633 3382 1698 gaben nicht scheu zu werde
2837 1675 3387 1744 tätigkeit, die zur Mitarbeit
2842 1723 3374 1783 ohne den niemals ein For
2848 1767 3389 1836 war, erhält und ausbreitet
2850 1817 3374 1889 stabes erzählt heute, daß d
2849 1867 3389 1928 am unteren Semeni die ital
2843 1910 3362 1979 Flanke bedroht und zum
2848 1958 3385 2023 ist weit in Mittelalbanien,
2840 2004 3390 2073 See mündet. Der deutsche G
2831 2049 3384 2124 Regimenter stark ausgebau
2845 2102 3399 2164 von Reims gestürmt haben¬
2840 2147 3387 2209 nach dem Eindruck in Par
2839 2194 3389 2255 minister sich öffentlich kran
2841 2245 3398 2305 Ein großes und starkes Ol
2845 2284 3389 2369 Aufbau, festgefügt, eine St
2837 2328 3363 2400 ohne Zaghaftigkeit einer
2836 2381 3390 2447 schreitet, getragen von einen
2838 2477 3397 2547 wirklich neugebornes Wer
2841 2524 3315 2593 der Worte“ von Schni“
2842 2563 3376 2652 holungen, lauter Keusgene
2844 2619 3397 2707 grabene hundertjährige Lit
2837 2677 3392 2751 zu hüten, gehört nun zwar
2848 2724 2964 2783 einer
2964 2719 3371 2788 großen Hofbühne.
2851 2767 2963 2834 stitut
2975 2770 3389 2838 nicht bloß Museu
2843 2823 2952 2875 eine
2954 2809 3374 2885 Art Laboratorium,
2851 2868 2959 2933 schen
2956 2865 3359 2932 Zeitgeistes, und
2843 2914 3391 2987 der zwei letzten Jahre
2849 2956 3390 3026 verspürt. Wir leben alll
2839 3005 3323 3080 Ausnahmszeit. Vielleicht
2844 3059 3383 3128 einen Vorrat zeitgenössisch
2840 3105 3399 3189 Sparbüchse für kommende
2839 3155 3397 3220 gebornen Stücke anderen
2832 3200 3400 3267 Der erklärenden Möglichkeit
2832 3256 3372 3333 schließlich kann man sich
3247 3356 3399 3449 62
2972 3403 3400 3510 AA Ba A A 63=2000000
2909 4092 2988 4155 GPSE
