3344 4320
2036 160 2512 248 box 32/4
197 154 1907 286 2c.1. Konbedie der WorteZyklus
407 692 571 752 vom:
856 697 1541 838 Miaslaue Gonsial Mzeiasr
693 734 860 814 B
436 775 1436 888 Im Loßerbeater indel kene abend 8 Uhr die
353 803 985 897 Erstansführung von se
1034 850 1428 922 itzlers neuestem
357 856 1421 964 Werk: „KomödiHaunt¬
344 882 1424 1005 rollen liegen in den Händen der Herren Rotmund.
349 935 1435 1050 Reinicke, Kuaack, von Wolzogen und Gorter und der
341 963 1430 1067 Damen Holm, Wall, Gettke und Habel=Reimers. Spiel¬
338 992 1421 1115 leitune D#er Direktor Gorter. Die Innenausstattung der
336 1036 1419 1155 ersten beiden Stücke stammt von der bewährten Firma
336 1079 1411 1191 Gustav Goerke, Tauentzienplatz (Herr Goldstein). Sonn¬
341 1117 1413 1230 tog abend 8 Uhr wird „Die Komödic der Worte“ zum
339 1150 1414 1269 ersten Male wiederholt. Die Novität bleibt auch für die
326 1203 1023 1294 folgenden Tage auf dem Spielplan.
1312 1265 1426 1347 SeW
596 1802 1059 1882 Ausschnitt aus:
610 1842 1377 1996 vom 240. Bre
1175 1922 1428 1998 1Sann
1630 1970 3278 2042 Schlußstrich unter seine längst zerbrochene Ehe zieht, begibt er sich eben eine Lösung
773 1995 1282 2083 Lobe=Theater.
1650 2009 3283 2081 des Anrechtes auf Teilnahme an seinem Schicksal. Er verliert sic noch die langen A
1638 2053 3286 2125 vollends durch eine durchaus überflüssige derbe Gemeinheit, die er Denn Herbot wir
449 2071 1588 2144 Sonnabend, 23. Oktober: „Komödie der Worte“.*)
1638 2088 3296 2151 der Ehebrecherin hämisch ins Gesicht schleudert. So steht diese bleiben und neue
573 2133 1467 2194 Drei Einakter von Arthur Schnitzler.
1650 2119 3287 2197 wirklich als der reinere Mensch von beiden da, als sie in wortlosen, immer wieder der
1662 2165 3278 2229 Stolze das Haus verläßt. Auch Ehe=Irrungen kennen eine Ver eheliche Geduld 1
441 2165 1649 2227 Aus der langen Neihe von Schöpfungen, die Schnißters-Frucht
1661 2211 3291 2270 jährung. Wer die Sühne für Vergehen der Leidenschaft nicht auf Einfluß ausüben
371 2210 1669 2278 barkeit dem zeitgenössischen Theater geschenkt hat, heben sich deutlich
2934 2253 3282 2311 ganz geeignetes
1663 2267 2935 2310 der Stelle fordert, sondern geruhsam lauernd Jahr und Jahr ab¬
367 2254 1672 2305 zenug für den Rückschau Haltenden einige wenige heraus, in denen
2943 2285 3282 2346 und dieser ist jed
365 2292 1674 2339 Erlebtes dramatisch gestaltet ist. Die große Mehrzahl aber von
1651 2298 2938 2353 wartet, bis die ihm bequemste Stunde der Verhandlung gekommen
2929 2325 3287 2386 heiterung des P#
1657 2324 2945 2384 ist, und sie dann noch mit verbissener Gehässigkeit führt, wird als
374 2331 1665 2390 ihnen sind Komödien der Worte. Nachdenkliche Komödien freilich,
2926 2356 3285 2425 des großen Helde
373 2357 1668 2429 die nur Schnitzler formen, feine Worte, die nur Schnitzler sprechen
1647 2367 2949 2443 guter und gerechter Richter nicht geachtet werden können. Trotz
2926 2400 3287 2462 getönte Gestalt
376 2396 1667 2465 konnte dieser gütige und reiche Geist, der über Menschlichkeiten mit
1658 2418 2949 2465 allem Aufwand jener vorsichtig die Fäden schlingenden Technik, in
370 2449 1661 2506 so anziehender Melancholie zu lächeln weiß. Mit dem „Professor
1659 2446 3274 2503 der Schnitzler Meister ist. kann er nicht verhindern, daß der soltsame glieder rührend
362 2473 3282 2560 Bernhardi“ schien Schnitzler neuerdings gesonnen, das schmale Feld, Fall Eckhold als eine Schreibtisch=Erfindung erscheint, als eine kühle direktoren wie die
1657 2521 3132 2581 Komödie der Worte, nicht als eine lebendige Tragödie des wirk= zu sein.
366 2519 1675 2584 das er zu bestellen pflegte, um ein Beträchtliches zu erweitern.
372 2561 1678 2614 Jetzt kehrt er wider Erwarten in die alte Enge zurück. Die drei
1663 2572 1967 2641 lichen Lebens.
3005 2557 3291 2632 Dem Mimen
371 2599 1680 2660 Einakter, die er mit dem nach leiser Selbstironie schmeckenden Titel
1724 2601 3292 2674 Leichter, heiterer und verständlicher für den Zuhörer wickelt sichsfest“. Eine um
378 2634 1672 2700 „Komödie der Worte“ zusammenbindet erzählen von feelischen und
1668 2645 3290 2720 das zweite Stück, benannt „Die große Szene“, ab. Eineldiesmal die Frau
362 2676 1664 2742 körperlichen Mißverständnissen des Ehelebens, nicht mit der Erlöser¬
1669 2679 3277 2749 Schauspieler=Komödie, die nichts Neues zur Seelenkunde des durch doch im Grunde
367 2715 1669 2779 Kühnheit Ibsens, sondern wiederum mit jener lässigen, lächelnden
2946 2729 3286 2780 Paares Staufner
1669 2747 2945 2791 die Gunst der Menge verwöhnten Mimen beiträgt, aber Bekanntes
381 2757 1669 2823 Resignation die für einmal Geschehenes keine Auswege ins Freie
2934 2772 3287 2834 doch wieder gelei
1668 2773 2952 2830 ungewöhnlich geschickt und unterhaltsam vorträgt. Der berühmte
380 2803 1667 2867 keine endgültigen Abrechnungen, nur allenfalls die Verzeihung des
2942 2808 3281 2872 einander gewöhnt
1657 2812 2948 2876 Herbot ist ein großer Schauspieler, ein großer Lügner und ein
2944 2840 3283 2909 wenigstens die M
362 2842 745 2914 Verstehens findet.
1658 2855 2941 2919 großes Kind. Einer von den geborenen Theatermenschen, die auch
455 2861 1670 2937 Das erste Stück, „Stunde des Erkennens“, scheint hierin eine
2948 2892 3298 2945 ihren viel wenige
1662 2884 2942 2946 im Leben Komödie spielen, ohne es zu wissen, und darum meistens
2934 2924 3298 2985 ist aber Guido eb
375 2925 2945 2982 Ausnahme zu machen. Denn der praktische Arzt Eckhold ist ein noch viel besser als auf der Bühne. Herbot hängt aufrichtig an
2929 2964 3276 3027 getreuen Gattin
376 2972 2951 3022 Gekränkter ohne Erbarmen. Er jagt die Frau, die ihm vor zehn seiner liebenswürdigen, gescheiten, ein wenig hausbackenen Frau
372 3005 1673 3057 Jahren die Treue gebrochen hat. eines Tages unvermutet aus dem
2938 2996 3299 3061 zwei Schnellzügen
1673 3007 2945 3069 Er liebt sie sehr aber betrügt sie unaufhörlich. Daher verläßt sie
2942 3037 3293 3102 fest“ symbolisch=an
380 3041 1671 3095 Hause, vielleicht in den Tod. Aber wie Schnitzler zuvor die Dinge
1661 3060 2945 3111 ihn aller Augenblicke und kehrt doch immer wieder zu ihm zurück.
374 3076 1676 3145 wendet, gibt er dem Gatten unrecht, zeigt er daß er eigentlich die
2938 3081 3295 3157 Feftnacht erotische
1667 3081 2947 3142 Gerade hat Herbot wieder einmal einen ungewöhnlich ernsthaften
380 3122 1678 3184 Hörte des Nächers seiner Ehre verurteilt. Eine sonderbare, recht
2934 3125 3288 3180 zeihung gab, für
1664 3132 2948 3183 Liebeshandel hinter sich gebracht und wieder einmal ist es seinem
378 3160 1672 3216 verwickelte Geschichte übrigens. Frau Klara hat ihren Mann
2939 3163 3289 3230 Für einen eifersü
1677 3161 2950 3222 ihm befreundeten Brotgeber gelungen, die tiefgekränkte Frau zur
379 3200 1677 3260 geliebt, sich ihm dann innerlich entfremdet, sich endlich wieder
2939 3200 3282 3269 Auslegung des
1671 3209 2940 3267 Rückkehr zu bewegen. Nun wird sie aber Ohrenzeugin eines unver¬
378 3234 1679 3293 ehrlich zu ihm zurückgefunden. In der Zeit der Entfremdung hat sie
2943 3237 3300 3303 bewirkt die Inha#
1675 3246 2944 3301 muteten Nachsviels dieses Nomans. Der ahnungsvolle Bräutigam
374 3279 1675 3336 einen anderen Mann geliebt und sich ihm hingegeben. Am stärksten
2941 3276 3299 3339 Guido allein abres
1671 3289 2951 3344 des von Herbot verführten Mädchens erscheint und fordert Wahrheit
374 3324 1665 3372 aber hat sie alle die Jahre hindurch einen dritten Mann geliebt
2937 3319 3306 3381 Felix zurückkehrt
1671 3315 2948 3384 von dem großen Mimen. Der antwortet ihm natürlich Lüge aber
373 3352 1675 3403 und sich ihm gerade deshalb (?) verweigert. Die Piyche dieser Frau
1665 3351 3284 3418 er spielt die ihm abverlangte „große Szene“ so hinreißend, daß nicht Schlichtung des K
378 3391 1683 3453 scheint mir ein wenig dunkel, nicht minder die des Gewahls. Er
2947 3395 3287 3456 hoißen. Zum Sch
1668 3405 2955 3455 nur der andere, auch er selbst sie (beinabe) für wahr hält. Der
385 3441 2952 3485 hat seine Nache zehn lange Jahre hindarrch sozusagen auf Eis gelegt [Frau schandert es vor dieler auf das Lehen annewendeten Schau
2935 3431 3278 3502 „Ich hasse Dich“
376 3475 1678 3528 freundlich löchelnd geschwiegen und mit der Frau ebelich gelebt. als
2941 3459 3290 3535 mehr — mein Ge
1665 3471 2942 3537 spieler=Genialität und sie will zum allerletzten Male fort von dem
373 3511 1678 3574 wisse er nichts von ihrer Verfehlung. Es kommt- binzu, daß er nur
2948 3512 3276 3576 Pointe. als ein
1672 3523 2945 3574 unbeimlich naiven Komödianten des Wortes. Allein er selbst zwingt
373 3538 1672 3610 von der Tatsache dieser Verfehlung weiß, sich aber über den wirklich
1680 3560 3295 3617 lie diesmal, bei ihm auszubarren. Er ist schon im Hamlet=Kostüm, bütet sich vor Ent
387 3588 1678 3657 Mitschuldigen im Irrtum befindet. Und durch die kühle, förmlich
2936 3589 3304 3662 Akt — nicht ganz
1677 3592 2950 3654 drüben wartet der Kronprinz auf den Beginn der Vorstellung.
379 3622 1678 3694 genießerische Sachlichkeit, mit der er nach zehnjähriger Heuchelei den
2943 3624 3293 3694 sogar einmal „Ba
1656 3634 2947 3697 Herbot wird nicht spielen, wenn seine ihm angetraute Egeria nicht
2941 3668 3298 3732 Wahl des Schaup
1663 3667 2957 3741 auf ihrem gewohnten Logenplatze sitzt und Frau Sophie ist doch
471 3721 3297 3764 *) Buchausgabe Verlag S. Fischer, Berlin W., Bitlowstraße 90. Schauspielers=Gattin genug, um diesem Zwange des Augenblicks lustige Drum und
1674 3761 3300 3830 ihren Herzensavoll zu opfern. Aber ist diese Lötung nicht doch nur bahnbemütlichkei
380 3759 851 3845 Prois geh. 2.50 Mark.
