3344 4320
235 2323 336 2396 illy
226 2372 351 2437 Die
225 2466 350 2531 cht¬
221 2513 346 2583 Her¬
242 2551 352 2618 am
231 2635 346 2704 eren
232 2685 337 2755 Die
234 2737 331 2788 ent¬
227 2780 341 2834 gen.
235 2824 336 2878 und
237 2864 341 2920 Ver¬
226 2945 346 3017 lzer,
231 3000 344 3050 eten
230 3034 345 3094 ssor
224 3082 344 3137 bert
228 3129 340 3181 zwei
227 3176 343 3236 Rena
169 203 447 303 26.1
438 186 2484 289 Konoedie der Norte Zuklus box 32/7
347 895 1262 1015 Bassermann spielt Schnitzler
551 1008 1051 1080 „Komödie der Worte“
513 1068 1104 1137 im Deutschen Volkstheater
2282 985 2506 1205 #
400 1110 1259 1185 Für das Gastspiel Albert Bassermanns
356 1173 1255 1229 wird nun im Volkstheater die älteste Literatur
354 1221 1259 1269 hervorgeholt. Bei dieser Gelegenheit kamen auch
352 1266 1269 1319 die drei Einakter von Schnitzler zum Vorschein,
1801 1268 2157 1365 18. Juni 1929
351 1308 1267 1366 die immer schon von Schauspielern, die sich nicht
1849 1386 2781 1483 Bassermann im Deutschen
2072 1457 2568 1556 Volkstheater.
1850 1530 2762 1624 Schnitzlers „Komödie der Worte“.
1798 1594 2935 1661 Die Menschen sprechen zueinander, still oder mit der
1687 1639 2924 1729 großen Geste des Herzens. Was ist wahr, was verlogen? —
1700 1701 2943 1754 Komödie der Worte. ... Oder sie reden zu sich selbst. Auf¬
1550 1737 2949 1838 ###e richtig oder gespielt, und auch das, nur zu oft, Komödie der
1696 1797 1926 1869 Worte
1777 1831 2931 1907 Man kennt die drei kleinen Einakter von Schnitzler
1547 1901 2926 1955 iell Z längst und weiß, daß vieles darin schon Literatur wurde, in
1695 1936 2933 2004 jene nahe Vergangenheit gehört, der man schneller entwächst
1695 1985 2938 2044 als historisch geschlossenen Epochen. Die Regie Forests hat das
1699 2036 2929 2085 im ersten Bilde in den Figuren auch fein angedeutet. Ob aber
1554 2023 1671 2112 las.
1699 2078 2937 2131 psychische Technik der Vorkriegszeit, ob ewige Commedia der
1563 2096 1623 2164 a
1708 2127 2941 2185 Seelen, wie meisterhaft ist diese Theaterkraft, die alle äußeren
1557 2135 1669 2209 nier
1693 2178 2911 2228 Mittel verschmäht, wie unnachahmlich dieser „mondäne“
1550 2193 1684 2265 9006
1689 2211 2932 2269 Dialog, vom Humor des Verstehenden überglänzt! Wieviel
1690 2247 2925 2313 weiß Schnitzler von den letzten Dingen menschlicher Eitelkeit!
1682 2306 2932 2380 Wieviel Weisheit in dieser Klugheit! Und keine Entrüstung,
1695 2357 2912 2412 kein Zynismus, ein Lächeln oder Lachen, ein wenig Ironie —
1693 2395 2926 2463 seht, so sind sie, nehmt sie, wie sie sind, sie müssen mit den
1701 2447 2926 2511 andern, mit sich, mit der Welt, mit dem Leben Theater spielen.
1786 2493 2932 2544 Eine Komödie war die Ehe Dr. Ekolds und seiner Frau,
1697 2534 2932 2580 Komödie das ganze Dasein des großen Mimen, Komödie der
518 2551 1084 2629 Albert und Else Bassermann
1693 2578 2926 2640 Ehebruch der jungen Schriftstellersgattin und ihres Galans.
497 2612 1086 2680 in Schnitzlers „Große Szene¬
1697 2617 2937 2675 Bassermann spielt diesen Arzt, den berühmten Komödianten
1689 2665 2932 2728 und den betrogenen Schriftsteller mit seiner souveränen Freude
347 2682 1248 2752 allein auf ein Fach beschränken, bevorzugt wur¬
1690 2719 2928 2775 am Komödienspiel, ohne Scheu vor gelegentlicher Uebertreibung,
348 2741 1262 2798 den. Auch Bassermann zeigt hier in drei grund¬
1689 2758 2924 2801 mit hundert feinen Zwischenlichtern im großen Lichte seiner
344 2784 1251 2841 verschiedenen Gestalten seine schauspielerische
1687 2796 2927 2877 Menschlichkeit. Andre, wie etwa Korff, haben das eleganter,
351 2832 1257 2885 Vielseitigkeit. Im ersten Stück trägt er einen
1689 2854 2927 2916 gedeckter gespielt. Bassermann gibt sich glücklich der Lust am
353 2875 1260 2932 langen, roten Bart; im zweiten eine liebens¬
1703 2892 1986 2962 Theater hin.
357 2924 1264 2970 würdige Naivität zur Schau; im dritten ein
1792 2916 2921 2998 In „Große Szene“ gab es rings um ihn Längen, es
356 2957 1253 3013 Monokel. Daß er außerdem drei ganz große
1694 2981 2929 3029 fehlte an jenem Temperament, das die Szenen dichter macht.
356 2998 1253 3064 schauspielerische Leistungen bietet, braucht nicht
1703 3030 2923 3096 Else Bassermann, immer vorzüglich in der Anlage, schleppte
357 3054 1259 3114 erst berichtet zu werden. In den großen Beifall
1680 3057 2920 3129 ein wenig, was Forest in seiner kleinen Meisterrolle als
347 3101 1254 3151 des Abends teilten sich auch die übrigen Mit¬
1688 3110 2926 3186 Theaterdirektor diesmal retardieren ließ. Onno allzu schmächtig,
344 3146 1255 3194 wirkenden, so seine Gattin Else, die sehr char¬
1699 3167 2927 3219 nur eine Strichzeichnung; niedlich Elfriede Seidler als
357 3188 1253 3238 mant ihre wenig beneidenswerte Rolle spielt, so
1702 3207 2920 3277 Novizlein. Erika Wagner und Schmöle sehr geschmackvoll in
1601 3213 1694 3272 sen,
352 3220 1256 3289 Frau Wagner, eine Ibsengestalt in einem
1693 3252 2928 3301 der Ibsen=Stimmung des ersten Aktes, nicht minder Ida
1597 3261 1687 3306 ene
345 3271 1262 3326 dünnen Einakter, und Fräulein Stuckering,
1601 3296 1698 3357 nz¬
1701 3293 2926 3361 Stukering und Hans Olden als modernes Pärchen in
344 3324 1256 3373 die über alle Literatur hinweg bezaubert. Aus¬
1688 3345 2925 3398 „Bacchusfest", obgleich man hinter Olden immer wieder den
352 3360 1259 3416 gezeichnet auch waren die männlichen Chargen:
1706 3385 2921 3452 früheren Darsteller Sima sah. Wie ein Symbol amtlicher
352 3402 1259 3458 Herr Olden, voll erquicklichem Humor, die
1600 3367 1688 3476 65
1696 3433 2926 3506 „Wurschtigkeit“ schwankte der Bahnhofportier Bernhard
348 3446 1262 3501 Herren Onno, Schmöle und Forest. Letz¬
1693 3464 2183 3532 Pankls über die Szene.
2708 3477 2896 3537 H. T.
357 3491 1266 3569 terer zeichnete überdies für die vortreffliche
1149 3543 1207 3599 S.
2866 3521 3044 3609 AARRR
350 3539 499 3605 Regie.
1726 3572 2837 3645 E Bel gichtischen Schmerzen, Nerven= u. Kopfsche
1642 3607 2575 3710 # sowie bei Schlaflosigkeit wirkt T####¬
