3344 4352
2157 172 2593 270 box 32/1
280 176 2076 275 26.1. Kongedie der Norte zyklus
818 738 2575 820 kung der Tatsachen statt befreienden Blitz. Wer den andern zu verstehen ver¬
827 820 2594 896 mag, versteht ihn ohne Worte. Denn auch dort, wo keiner lügen will, lügt das
844 875 2594 952 Wort für ihn. Schon dadurch, daß es für jeden ein anderes Bedeuten hat,
829 931 2591 1014 aus andern Bezirken kommt und mit dem gleichen Laut für Jeden innerlich Ver¬
843 1004 1318 1077 schiedenes aussagt.
948 1033 2596 1129 Und gerade diese verachteten Worte sind in den drei Stücken mit einer
837 1126 2593 1185 Meisterschaft behandelt, die ihresgleichen sucht. (Was kein Widerspruch, son¬
827 1166 2593 1232 dern Betätigung ungemeiner dichterischen Kraft und Objektivierung ist.) Die¬
845 1231 2588 1311 ser Dialog glänzt und glitzert, funkelt in Geist und anmutiger Bosheit, be¬
835 1292 2582 1363 zwingt in milder, verstehender Melancholie, und hat dabei eine Unmerklich¬
832 1349 2584 1425 keit im unaufhaltsamen Vorrücken der dramatischen Substanz, gleich dem Zei¬
840 1402 2588 1475 ger der Uhr, dessen Weiterschreiten das Auge kaum merkt, bis mit hallendem
843 1481 2595 1539 Schlag die schicksalsschwere Stunde sich anzeigt. Diese Stücke bezwingen durch
833 1529 2591 1591 ihre Kultur, ihre gepflegte Geistigkeit und duren das erlesene Menschentum,
847 1580 2601 1665 das aus jedem ihrer Sätze schimmert, und dazu durch einen unglaublichen
842 1641 2594 1708 Reichtum der Gestaltung: diese Menschen atmen, leben, stehen mit höchster
843 1697 2592 1765 Evidenz da — und man lebt mit ihnen, wenn der Vorhang längst gefallen ist;
853 1761 2587 1827 sie gehören fortan zu uns, man entsinnt sich ihrer wie nur irgend eines wirk¬
836 1817 2590 1889 lichen Menschen, der in unseren Kreis getreten ist; ihr Schicksal geht uns
848 1871 2597 1952 weiter an, sie bleiben uns nah und zugehörig. Manches Stoffliche daran mag
836 1939 2603 2004 dürftig, manche Wendung künstlich wirken; aber doch nur auf den ersten Blick,
846 1994 2607 2058 denn dann enthüllt sich der innere Reichtum dieser scheinbaren Einfachheit
843 2057 2595 2127 und eine Natürlichkeit im höheren Sinn, deren freilich nur Menschen kompli¬
847 2113 2601 2179 zierterer Art fähig sind. Merkwürdig sind die unbestimmten Schlüsse der drei
851 2194 2605 2242 Komödien; man weiß nirgends mit voller Sicherheit, was mit diesen Ehepaaren
842 2223 2601 2301 am nächsten Tag geschehen, ob Klara wirklich sterben wird, ob die anderen
854 2295 2592 2353 wirklich beisammen bleiben werden oder ob der Zwang, der sie bisher aneinan¬
847 2340 2596 2405 derband, dem Zwang einer stärkeren Wahrheit weichen wird ... Kein Zweifel,
850 2414 2604 2473 daß die momentane Theaterwirkung unter dieser Unentschiedenheit leidet: das
840 2456 2605 2532 Publikum liebt es, präzise Fakten mit nach Hause zu nehmen. Kein Zweifel
850 2531 2597 2589 aber auch, daß gerade darin ein starker Reiz liegt, der Reiz des Verborgenen,
853 2575 2605 2639 nur Geahnten, nicht mit Gewißheit Vorherzusehenden. Der gleiche Reiz, den
857 2636 2615 2711 das Leben selber hat, in dem es nur ein präzises und endgültiges Faktum gibt:
846 2702 1110 2786 den Tod.
960 2753 2605 2833 Es sind noch mehr Gemeinsamkeiten in diesen drei Akten als das Problem
851 2822 2599 2888 der Frau, deren eigentliches Leben abseits vom Sexuellen und von der
856 2862 2614 2936 Liebe liegt, die schließlich ein Ende nehmen kann, während alles übrige,
862 2934 2611 2990 was sie mit ihrem Manne verbindet und was das „eigentliche Wesen
846 2995 2595 3056 ihrer Beziehung“ ausmacht, „unzerstörbar und unvergänglich bleibt.“ Der
857 3045 2613 3117 Titel „Komödie der Worte“ enthüllt alles, was hinter den Ereignissen
854 3112 2612 3179 steht; aber alle drei Stücke könnten ebenso den Titel des ersten oder
847 3159 2604 3217 des zweiten tragen: jedes bringt eine scheinbare „Stunde des Erken¬
1665 3237 1814 3324 792
