3392 4384
247 182 537 277 26. 1
2129 196 2562 292 box 32/1
532 206 1970 306 Konoedie NorteVKIIS
2004 612 2454 693 13. Oktober 1915
1626 677 2511 746 Fußball. Jugenömschft.=Kampf Leipzig g. Dres¬
1531 730 2509 786 den 2:0. München Bayern schlug Wacker=Turner¬
1534 767 2508 807 schaft 8:1. Turnverein München=West g. Germania
1525 798 2512 871 2:0. Turngemeinde Mütchen g. Turnverein Jahn
1520 835 2241 882 4:1. Teutonja g. Män=Turnverein
2249 854 2500 919 bingen) 5 : 0.
1619 867 1907 922 Stuttgart:
2096 871 2133 913 F.
1627 901 1945 955 Tschechischer Fi
2013 873 2496 950 7Viktoria Bysehrad g.
1537 927 1935 989 Viktoria Vinöhr. 9:0
2009 934 2511 998 Klsky S. KK. g. Praha XV.
2031 969 2282 1031 Stud2:0.
1537 971 1959 1035 9: 0. Ritschan. Ricag
1607 1156 2420 1258 Theater uno Nunst.
1540 1245 2530 1340 Die Schnitzker=Premiere im Burgtheater).
1738 1311 2292 1394 Der Worte“.
1533 1360 2504 1466 Gren 047 L. K. Wien, 12. Okt. (Tel. Ber.)
1601 1432 2566 1526 Das Burgtheater hatte heute seinen ersten )
1523 1487 2516 1553 Premièren=Abend: Die Uraufführung des Ein¬“
1530 1543 2513 1591 akter-Zyklus „Komödie der Worte" von
1532 1570 2512 1658 Arthur Schnitzler. Der Dichter betitelt die
1529 1622 2506 1671 Einakter: „Stunde des Erkennens" „Große
1518 1654 2519 1727 Szene" und „Das Bacchusfest". Er gibt ihnen keine
1523 1714 2511 1767 nähere, sie charakterisierende Bezeichnung. Sie
1527 1753 2516 1813 sind nur lose miteinander verbunden. Das sie um¬
1532 1803 2509 1861 schließende Bild bildet die Komödie der Worte, ie
1523 1837 2511 1900 große Lüge, in der Menschen oft in engster Ge¬
1522 1881 2537 1931 meinschaft leben. „Stunde des Erkennens“ ist ein
1529 1930 2539 1991 ernstes, tiefgründiges Schauspiel. „Große Szene“.
1523 1953 2544 2031 schwankt zwischen Lustspiel und Burleske, wiewohl
1532 2013 2507 2080 auch hier eine sehr ernste „große Szene“ das
1533 2039 2561 2137 eigentliche Rückgrat bilbet. „Das Bacchusfest“ ist
1535 2110 2403 2160 mit dem alten Cyprinne-Motiv ein Lustspiel.
1604 2123 2567 2206 Der Inhalt der drei Stücke ist der folgende: C
1533 2183 2513 2247 „Die Stunde des Erkennens“ kommt für den prat¬
1547 2238 2527 2286 chen Arzt Dr. K##l Eckold (Harry Walden)
1532 2277 2484 2330 #d dessen Frau Klara (Frau Bleibtreu), da
1522 2306 2550 2357 der langjährige Freund des Hauses und Studien,7
1524 2358 2527 2422 genosse Eckolds, Professor Dr. Rudolf Ormin (Herr
1540 2387 2597 2474 Devrien!) Abschied nimmt, um mit einer Sani¬ V#2
1531 2449 2511 2507 ###tskolonne auf den Kriegsschauplatz abzugehen.
1537 2494 2517 2547 Klara war einst Ormin viel, noch mehr aber dem
1533 2530 2517 2592 dritten Jugendfreunde Földling, der gleichzeitig
1536 2586 2507 2627 mit Ormin als Kriegskorrespondent abreist. Eckolds
1530 2616 2515 2697 Tachter Bettine hat eben geheiratet, befindet sich
1545 2667 2519 2719 auf der Hochzeitsreise, die in ihrem künftigen
1541 2710 2512 2762 Wohnorte Berlin endet. Bei diesem Abschiede
1539 2751 2510 2797 kommt es, während Dr. Eckold im Nebenzimmer
1535 2793 2505 2846 die ärztliche Ordination abhält, zwischen seiner
1549 2834 2520 2886 Frau Klara und Ormin zur Aussprache. „Es war
1543 2883 2510 2933 schön und gut, daß Sie, daß wir Beide in dieser
1545 2929 2498 2979 Stunde — endlich die Wahrheit gesprochen haben“.
1545 2947 2509 3020 sagt Ormin. Nachdem dieser fort ist, macht Eckold
1530 3005 2514 3066 seiner überraschten Frau den Vorschlag, zur Toch¬
1528 3046 2506 3093 ter Bettine. nach Berlin zu übersiedeln. Das schein¬
1533 3091 2509 3143 bar sehr harmonische Zusammenleben der Eheleute
1531 3136 2513 3200 war in den letzten zehn Jahren eine Lüge. Eckold
1544 3167 2505 3238 wußte genau vom Verrat seiner Frau. „Den äußer¬
1535 3228 2515 3281 lich ruhigen Lauf unserer Existenz zu unterbrechen,
1541 3264 2512 3319 eine so tiefgehende Erschütterung unserer Lebens¬
1539 3308 2508 3362 verhältnisse hervorzurufen, das wäre höchst un¬
1530 3357 2506 3413 praktisch, ja sogar unmoralisch gewesen. Und ge¬
1527 3392 2506 3445 radeso unmoralisch wäre es, wenn wir nun weiter
1539 3434 2512 3500 zusammen lebten, nachdem Bettine nicht mehr im
1541 3480 2517 3527 Hause ist“. Das ist die Erklärung des Ehegatten.
1544 3525 2511 3581 Er hat in der Tiefe seiner Seele seine Existenz
1531 3568 2502 3635 von der seiner Frau getrennt und der Stunde ent¬
1529 3618 2513 3675 gegengelebt, die nun endlich gekommen ist. Gebro¬
1540 3656 2165 3716 chen verläßt Klara das Haus.
1653 3690 2508 3760 „Die große Szene“ ist ein Schauspielerstück
1529 3732 2509 3813 und nach Berlin verlegt. Man glaubt, die Figuren
1535 3786 2512 3844 und die Schicksale zu kennen, Schnitzler — vielleicht
1538 3839 2509 3886 aus seiner nicht zu fernen Umgebung — dichteri¬
1542 3867 2519 3930 sches Leben gibt. Der gefeierte „Star“ Konrad
1547 3912 2517 3973 Herbot (Harry Walden) lebt im Hotel. Zum
1530 3955 2513 4020 wiederholten Male hat er seine brave Frau (Fran
1533 4008 2513 4058 Modelskys betrogen, die seine verständigste
1532 4042 2516 4104 Kameradin, sein klügster Berater und sein bester
1541 4090 2512 4141 Regisseur ist, an seinen Erfolgen also ihren großen
1536 4137 2502 4189 Anteil hat. Frau Sophie liebt ihn, Herbot sie auch,
