3392 4352
326 209 2027 310 26.1. Konoedie der Norte zyklus
732 1501 1298 1612 Deutsches Tagblatt
697 1583 1342 1690 Ostdeutsche Rundschau
959 1663 1119 1748 Wien
721 1674 990 1804 5. 1918
621 1760 1651 1856 Volksbühne. In Schnitzlers Einakterzyklus
594 1841 1641 1902 „Komödie der Worte“ hat-Herr Basser¬
599 1887 1648 1933 mann vorgestern etwas enttäuscht Er glaubte das
589 1930 1649 1997 Raffinierte dieser drei psycholögischen Spieleroien stei¬
595 1986 1650 2030 gern, das Künstliche überkünsteln zu sollen und er¬
591 2019 1649 2082 reichte dadurch nur, daß er die ohnehin von Haus aus
595 2071 1645 2119 schwach fundierte Glaubwürdigkeit der Vorgänge voll¬
597 2102 1657 2167 kommen erschütterte. Am deutlichsten fühlte man dies
600 2144 1660 2205 in der „Großen Szene“ in der Bassermann den be¬
593 2175 1659 2249 rühmten Schauspieler gibt, an dessen Liebesflammen
603 2236 1646 2290 sich die Frauenzimmer die Finger verbrennen. Diese
598 2277 1654 2344 bedenkenlos zugreifende, moralisch unbeschwerte Leicht¬
596 2319 1648 2380 fertigkeit des Komödiantentums verlangt einen Dar¬
596 2365 1651 2423 steller, der im Seelischen über menschliche Wärme ver¬
607 2409 1655 2470 fügt. Man muß spüren, daß dieser Mensch eigentlich
607 2460 1662 2513 ein guter Kerl ist, nur seine beispiellose Willens¬
602 2497 1652 2554 schwäche, sein ungehemmtes Begehren verstricken ihn
602 2540 1653 2593 in immer neue ethische Verfehlungen. An Wärme man¬
597 2584 1650 2644 gelt es nun Herrn Bassermann. Seine ganze Spiel¬
599 2622 1646 2687 kunst ist auf den Verstand eingestellt und er hilft sich
605 2673 1646 2725 daher mit darstellevischen Kniffen und Pfiffen, mit Fi¬
593 2714 1651 2777 nessen und Spitzfindigkeiten über diesen Mangel hin¬
594 2763 1648 2814 weg. Neben ihm bestand Herr Ziegler recht gut.
594 2805 1654 2854 Auch Frau Bassermann und Fräulein Karoly
589 2855 1661 2899 machten sich in ihren Rollen verdient. Die Bassermann¬
597 2888 1652 2947 schwärmerei war nach dem zweiten Stück besonders
598 2937 1647 2984 heftig. Man hat immer die Empfindung, ob diese Be¬
590 2976 1656 3031 geisterung (sie war gerade vorgestern wenig am Platz),
598 3021 1662 3084 nicht doch irgendwie „bestellt“ ist, da sie sich gar so
1451 3059 1607 3137 A. u.
600 3066 882 3137 prompt zeigt.
2175 209 2633 308 box 32/5
2750 1328 2824 1443 125
2856 1442 2923 1514 114.
2777 1462 3029 1565 A 70
2182 1493 2882 1622 Humoristische Blätter. Wien
1904 1627 2812 1762 M Demuger e
2189 1783 3098 1875 Bassermann ist ein vortrefflicher
2125 1830 3093 1930 Sthauspieler und seine Gastspiele in Wien
2115 1922 3009 2007 sind immer Festtage für das Publikum.
2196 1957 3098 2037 An der Volksbühne hat der sympathische
2115 2034 3102 2099 Künstler in Schnitzlers—Kamödie der
2124 2068 3118 2164 Worte“ einen durchschlagenden Erfotg ge¬
2121 2148 2271 2223 habt.
2205 2176 3114 2288 Bassermann ist eigentlich für die
2121 2244 3112 2337 müde, dekadente Schnitzfersche- Kunst
2125 2327 2509 2419 viel zu. robüist.
2211 2363 3105 2456 Allerdings für den „Raub der Sa¬
2135 2429 3111 2514 binerinnen“ ist er wieder zu feist, und
2128 2494 3112 2576 man wundert sich, daß er nach diesem über
2137 2547 3116 2645 alle Maßen abgespielten Schwank gegriffen hat.
2235 2611 3115 2702 Wahrhaft in seinem Element ist Basser¬
2132 2674 3038 2755 mann in lbsens „Wildente“ gewesen.
2230 2726 3115 2797 Hjalmar ist nicht ein Mensch, sondern
2142 2784 3116 2874 der Mensch schlechtweg, der durchschnitt¬
2134 2855 3118 2929 liche, minderwertige Mensch, der ängstlich
2135 2905 3130 2991 bemüht ist, seine Blößen mit bunten Lappen
2128 2982 2445 3061 zu bedecken.
2223 3012 3118 3092 Man hat noch Mitterwurzers kolossale
2146 3073 3129 3161 Leistung in dieser Rolle in Erinnerung und
2140 3156 3124 3224 muß sagen, daß Bassermann dagegen
2143 3214 3127 3271 nicht verblaßt. Und vor allem ist er der
2148 3257 3131 3337 Lebende und der Lebende hat immer recht.
2646 3394 2804 3475 1
3162 4111 3244 4183 K
