3344 4256
216 96 1942 226 26.1. Konoedie der Norte zyklus
376 1577 1475 1649 Zimmer, knipsen von außen das elektrische Licht ab, bis
134 1574 352 1668 liebenden
386 1637 1478 1699 der Vorhang fällt. Und dies ist der Schluß des Vexier¬
131 1652 361 1722 önnte, be¬
380 1674 1490 1755 dramas, welches der den Nichtschauspieler, der sich als
128 1694 363 1764 fung des
387 1725 1490 1795 Schauspieler ausgibt, spielende Held einem in sein
134 1753 365 1814 hierbei an
389 1780 1479 1842 Vexierdrama eingelegten und hierin dargestellten zwei¬
142 1802 357 1869 in, wie er
386 1832 1479 1903 ten Vexierdrama gibt. Das Vexierstück im Vexier¬
403 1869 1491 1948 stück, eine Traumspiegelkomi=Gödie heißt: „Die Puppen
145 1885 367 1962 hinterhalt,
391 1920 1484 1984 der Puppen der Puppen=Puppenstube“, mit dem Unter¬
156 1945 372 2002 tötet im
400 1974 1130 2047 titel „Liebe, Tod und Ausgerechnet.“
149 1989 357 2053 e, mit der
138 2041 362 2101 gjährigen
880 2042 984 2107 VI.
142 2090 362 2153 Geliebten,
439 2074 1489 2167 Schnitzler ist bedeutend genug, solche Prägungen zu
138 2136 372 2195 mung ein¬
395 2155 634 2230 vertragen.
166 2182 369 2244 in seiner
434 2161 1480 2274 Er schreibt seine Werke ja nicht bloß mit Gesinnung
197 2225 378 2310 achtung
390 2237 1490 2299 und mit Frische (was minder schwer ist), sondern
398 2284 1489 2350 trotz allem als ein entschlossener Könner. Sie sind zwar
142 2305 377 2388 nierem ehe¬
397 2334 1497 2413 geschoben und gespitzt; auf die I=Tüpfel eingestellt: aber
150 2379 377 2436 1 täuschen,
397 2382 1201 2463 sie fördern die Kenntnis von der Seele.
130 2425 377 2495 irklich an
448 2414 1489 2516 Sie suchen trotz allem die Eroberung verborgener
143 2466 378 2540 nuenwürde
412 2480 592 2564 Gräben.
449 2507 1481 2594 Er hält manches Innerliche zum erstenmal in der Ge¬
128 2547 380 2643 gt, schreitet
401 2581 1494 2662 schichte des Schauspiels fest. Er bleibt ein Wert für
137 2615 384 2684 mit einem
407 2618 1210 2711 unsere Bühne — mit seinen Marotten.
161 2666 383 2730 Kadetten,
441 2653 1501 2735 Auch in der Kraft zu bauen, zu steigern — wie am
146 2714 379 2773 ke der Tat
414 2709 1498 2782 Schluß des Mittelstücks, wenn der verlogene Mime noch
144 2756 375 2835 zt ihn rasch.
406 2765 1511 2845 im Hamletgewand erscheint. (Schade, daß trotzdem der
163 2809 382 2873 Sie rafft
406 2808 1426 2894 Lügner keinen schlichten bürgerlichen Beruf hat.)
141 2857 392 2918 und sagt in
899 2873 1010 2945 VII.
141 2902 384 2966 hnen klaffe
458 2906 1517 3007 Barnowskys Hand war lobenswert — bis auf die
141 2953 396 3018 schlossen sei.
167 2987 1160 3089 das leere mangelnde Dämmung Bassermanns.
2108 79 2537 173 box 32/3
2081 1598 3148 1678 Der Bahnhof in Salzburg, in Wirklichkeit von blitz¬
2048 1659 3148 1726 blanker Majestät, sieht anders aus — doch seiner blieb
2046 1701 3140 1774 wundervoll gemacht; ulkig. (Mein ganzer himm¬
2051 1742 3154 1816 lischer Augustmonat stieg nochmals auf. In acht
2056 1801 3150 1864 Tagen ist November; der zweite Kriegssommer um;
2060 1849 2778 1915 das Leben fliegt; schön war's doch.)
2100 1881 3139 1953 Barnowsky hat zum Vorbild sich selber zu nehmen:
2048 1946 3139 2010 als er den Weg Strindbergs nach Damaskus auf dem
2057 2003 3150 2065 eigenen Höhepunkt nachschuf. B. muß B.'s Schritt¬
2063 2051 2383 2123 macher bleiben.
2549 2067 2659 2146 VIII.
2100 2112 3144 2212 Das Größte des Abends war Lina Lossen. Als al¬
2054 2186 3088 2269 ternde Frau, die sich gab; und nie dem Rechten gab.
2105 2244 3078 2304 Der tiefste Seelenstrahl unserer heutigen Bühne.
2110 2268 3156 2349 Ein Mensch — über den man sich zu schreiben fast
2063 2326 3149 2400 scheut. Weil die letzten Dinge des Innern, die sie bietet,
2061 2372 3149 2436 kaum öffentlich behandelt werden wollen. Das war ja
2063 2437 3074 2516 ein Privatmensch. Das war nicht Schauspielkunst.
2196 2473 3145 2548 Bassermann war Schauspielkunst. Glänzenden
2065 2525 2597 2597 Stils. Und lauten Stils.
2113 2556 3156 2630 Er hat vermutlich eine Seele, der aber nicht beizu¬
2066 2607 3145 2677 kommen ist. Sie hegt um sich einen luftleeren Raum.
2075 2660 3162 2734 Alles zeigt eine Spur von Nichtgefaßtwerdenkönnen,
2073 2712 2929 2782 Vorbeireden. Auch wo er wundervoll ist.
2108 2761 3162 2820 Seine große Zeit war unter Brahm — der Seelen
2076 2807 3155 2871 meisterte. Sie kann wiederkommen, wenn ihn ein
2072 2858 3163 2940 Mensch bezähmt, bewacht. Wehe, wenn er los¬
2080 2919 2270 2977 gelassen.
2122 2917 3163 3017 Er ist im Grunde selten eine Gestalt; meistens ist er
2072 2996 2940 3084 herrlich als der Schauspieler dieser Gestalt.
3180 1835 3227 1904 F
