3296 4320
425 172 1231 260 „ORSERVER“ GRATIS
698 248 1275 290 österr. behördlich konzessioniertes
648 280 1293 330 Unternehmen für Zeitungs-Ausschnitte
658 324 1284 359 WienI, Wollzeile 11, Telephon R-23-0-43
415 480 782 551 Ausschnitt aus:
632 534 1265 648 Neues Wiener Hone u. 1. Sie
416 708 558 768 vom:
737 686 1063 794 24, SEP.
388 838 1456 1008 HEATER und KUNST
371 983 1465 1090 Snsennnenenennnenenenennnenmnn
341 1092 1393 1203 Ich bleibe selbstverständlich
660 1224 1071 1327 in Wien:
814 1319 931 1372 Von
647 1363 1064 1429 Hilde Wagener.
359 1429 1487 1510 „Ich kehrte gestern von einem kurzen Berliner Aufenthalt
259 1492 1481 1542 nach Wien zurück, eilte noch im Reisekleid ins Akademietheater
259 1533 1480 1594 auf die Probe zur nächsten Novität „Zwischen zwanzig und
269 1577 1478 1660 fünfzig“ von Ulrich Liebl, in der ich die Hauptrolle spiele, und
266 1629 1487 1690 erfahre dort zu meiner Ueberraschung, daß in Wien inzwischen
261 1674 1491 1747 Gerüchte verbreitet waren, ich wolle von hier ganz nach Berlin
263 1723 1484 1795 übersiedeln. Muß ich erst betonen, daß einem Künstler, der einmal
263 1763 1499 1841 in Wien aufgetreten ist, der das Glück hatte, vor dem Wiener
255 1821 1482 1893 Publikum und gar im Burgtheater zu spielen, nicht einmal der
265 1881 1489 1943 Gedanke kommen kann, diese wundervolle Stadt und seine erste,
264 1914 1503 1987 ehrwürdige, so sehr an Traditionen reiche Bühne dauernd zu
260 1982 482 2047 verlassen?
372 2023 1489 2094 In Wahrheit verhalten sich die Dinge so: Ich hatte in der
265 2075 1490 2145 letzten Zeit verschiedene, sehr ernsthafte Anträge nach Berlin
262 2114 1490 2177 erhalten. Einmal von Gustav Gründgens ans Staatstheater,
267 2176 1494 2225 dann von Heinz Hilpert ans Deutsche Theater und schließlich
268 2212 1500 2276 vom Grafen Solms ans Theater am Nollendorfplatz. Auf Grund
267 2258 1505 2314 meines Vertrages mit dem Burgtheater steht mir in jeder
258 2297 1496 2369 Spielzeit ein Urlaub von zwei Monaten zu. Ich dachte daher
276 2357 1503 2428 daran, diesen Urlaub dazu zu benutzen, um zwischendurch
282 2411 957 2474 einmal auch in Berlin aufzutreten.
380 2453 1499 2516 Darum fuhr ich nach Berlin Ich wollte die verschiedenen
274 2509 1507 2581 Anträge durch persönliche Besprechungen ergänzen und dann erst
274 2560 1504 2614 eine Entscheidung treffen. Tatsächlich nahmen die Besprechungen
278 2600 1507 2668 mit Gustav Gründgens einen überaus günstigen Verlauf.
277 2654 1502 2713 Gründgens wollte, daß ich sofort eine Rolle am Staatstheater
289 2705 1505 2764 spiele, und zwar in dem englischen Lustspiel „Der Himmel auf
273 2737 1511 2797 Erden“. Dazu hätte ich allerdings schon am kommenden Samstag
275 2789 1505 2868 wieder in Berlin eintreffen und mit der Probenarbeit beginnen
277 2854 439 2918 müssen.
390 2881 1515 2952 Das aber ging nun nicht. Denn mein Burgtheatervertrag
289 2946 1512 3010 sieht vor, daß ich Direktor Röbbeling jedesmal, wenn ich den
294 2985 1501 3047 mir kontraktlich zustehenden Urlaub antreten will, einen Monat
279 3032 1507 3089 zuvor verständigen muß. Die Gewährung des Urlaubs hängt
297 3087 1467 3150 überdies von der Repertoiregestaltung des Burgtheaters ab.
383 3133 1501 3197 Und da sitzt der zweite Haken. Ich spiele ja nicht nur in
291 3181 1510 3242 Ulrich Liebls Lustspiel die weibliche Hauptrolle, sondern auch
283 3240 1505 3286 in dem bevorstehenden Schnitzler=Abend des Akademietheaters,
290 3276 1503 3351 in der „Komödie der Worte“.Ichekann also ganz unmöglich im
300 3323 1512 3396 gegenwärtigen Zeitpunkt vom Burgtheater fort. Ich mußte
289 3379 1516 3433 Gustav Gründgens absagen, und wir verblieben dabei, daß ich
292 3431 1510 3492 zu einem späteren Zeitpunkt ein, zwei Rollen am Berliner
293 3474 1518 3529 Staatstheater spielen werde. Vermutlich wird dies im Frühjahr
285 3519 1511 3603 möglich sein. Eine Rollenauswahl für mein Berliner Gastspiel
295 3572 1519 3620 konnte naturgemäß noch nicht getroffen werden. Zunächst muß
297 3620 1510 3677 ich genau wissen, wann ich meinen Urlaub antreten kann, dann
307 3662 1430 3721 erst können alle weiteren Dispositionen besprochen werden.
401 3697 1521 3761 Wie fern mir aber die Absicht liegt, mein geliebtes Wien
294 3752 1517 3824 und mein geliebtes Burgtheater für immer zu verlassen, mag
297 3798 1523 3866 allen die Tatsache beweisen, daß ich vor kurzem erst einen neuen
295 3853 1522 3911 Vertrag mit dem Burgtheater abgeschlossen habe, der mich drei
304 3909 1526 3971 Jahre lang an dieses Haus bindet. Wenn ich also in Berlin
292 3950 1530 4007 sviele, dann ist dies nur vorübergehend, für zwei Monate.
304 3998 1214 4079 Nochmals: ich bleibe selbstverständlich in Wien!
2179 274 2762 410 Wienor Zoitung
2233 459 2723 582 29. SEP. 93b
1956 670 2948 759 Schnitzter=Abend im Akademietheater. Am 11. Oktober
1917 731 2956 797 findek im Akademietheater ein Schnitzler=Abend
1920 766 2948 835 statt, der die „Komödie der Worte“ mit den
1922 805 2953 878 Damen Pünkösdy, Mayen, Kramer und Wagener, den
1908 838 2941 902 Herren Balser, Ph. Zeska, Schmidt, Bettac, Eybner
1917 882 2744 942 und Ozorny bringt. Regie: Franz Herterich.
2119 1070 2633 1187 Kleine Volkeret Aen
2039 1293 2101 1355 T
2035 1282 2635 1396 — 1. UKT. iSs0
1997 1323 2037 1394 ∆
2006 1379 2051 1453 ∆
1921 1540 2787 1597 Am 11. d. findet ein Schnitzler¬
1882 1572 2802 1649 Abend statt, der die „Komödie der
1880 1622 2230 1697 Worte“ bringt.
2263 1902 2442 1987 shne
1983 1903 2083 1984 60
1984 1966 2084 2008 —
2097 1912 2677 2035 eumsei
1955 1985 2082 2054 1
1963 2041 2093 2103 —I
1945 2091 2076 2168 05
2183 2145 2463 2241 -6 0KI.
1921 2332 2960 2421 Im Akademietheater findet Freitag, den 11. d. M.,
1872 2398 3035 2487 Premiere der Neueinstudierung von Schnitzleis „Komödie
1878 2441 2281 2510 der Worte“ statt.
2097 2677 2187 2777 im¬
2178 2725 2713 2894 We Wich
1911 2861 2319 2993 #-6OKI.
1782 3044 2995 3118 Im Akademietheater findet Freitag, den II. d, die
1758 3106 2986 3178 Premiere der Neueinstudierung vonSchuitlers=Komödie
1758 3153 2987 3201 der Worte“ statt. Besetzungen sind folgende: „Stunde
1758 3196 2967 3250 des Erkennens“ Dr. Karl Eckold — Balser; Klara —
1757 3243 2975 3308 Pünkösdy; Professor Dr. Ormin — Höbling; Diener — Ozory.
1756 3316 2976 3359 „Große Szene": Konrad Herbot — Balser; Sophie —
1749 3342 2974 3402 Mayen; Edgar Gley— Zeska; Dr. Falk — Schmidt; Vilma
1761 3393 2972 3442 Flamm — Arnoscht: Inspizient — Ozory. „Das Bacchus¬
1749 3432 2972 3491 fest": Felix Stauffner — Balser; Agnes — Wagener; Doktor
1752 3491 2985 3546 Wernig — Bettac; Bahnhofportier — Eybner; Kellner — Ozory.
1764 3543 2988 3612 Die Regie führt Franz Herterich. Bühnenbilder Willi
1755 3582 1948 3654 Bahner.
