3344 4256
200 217 471 304 26.1
2068 195 2533 280 box 32/4
453 187 1930 311 Konoedie der Vortezukius
922 1453 2090 1553 Man achte genau aut das Wort LECIFERRIN.
2247 1508 2332 1557 „
2497 1498 3297 1575 Gelenus, Chem. Industrie
1818 1451 3048 1639 ntsien in nenen er e e er 12.
3039 1592 3300 1659 ein Wesentli
1753 1620 3040 1682 wird durch die kritische Selbstironie des Skeptikers, der sein Igno¬
3037 1632 3301 1693 schuldigen um
761 1567 1755 1721 Theater und Musik. Jer. Cug
1755 1656 3048 1730 rabimus kennt. Und das Schnitzlersche Nichtwissen beginnt da, wo
3042 1662 3304 1729 und aus der
492 1603 767 1770 10#1
1756 1696 3053 1764 Dichter von größerem Schwung des Geistes und von elementarer
3041 1706 3298 1766 Falles, und
1753 1734 3046 1787 Kraft der Intuition erst zum Fluge ins Reich des Außergewöhnlichen!
762 1737 1753 1840 Deutsches Schauspielhaus. ### 7..
3037 1752 3306 1805 sonderheit er
1748 1774 3052 1829 ansetzen. Schnitzlers poetisches Wissen bleibt im Grunde vationa¬
3034 1782 3300 1852 dramatischen
566 1786 1662 1853 Komödie der Worte, drei Einakter von Arthur Schnitzler.
1754 1813 3047 1870 listisch. Es ist von der Art Lessings, nicht von der Goethes oder
3034 1825 3294 1893 nis beruht, n
497 1838 1762 1906 Der Dichter ist der Seher. Und der Seher Arkhür Schnigter#r
1756 1849 3032 1908 Shakespeares. Es beruht auf feiner Kritik, nicht auf der unmittel¬
3025 1866 3297 1927 Gespenstern.
447 1852 1753 1954 von jener besonders scharfen und eindringenden Art, die nicht nur fest¬
1755 1888 2302 1948 baren Kraft der Anschauung.
3039 1898 3275 1961 Grade der
456 1922 1760 1968 stellt, daß ein Ding mit diesem oder jenem bekannten Wort zu bezeich¬
1808 1927 3049 1992 Ein so beschaffener dichterischer Dialektiker, ein Wäger der Worte
3035 1942 3300 2000 (wenn es nich
449 1951 1739 2022 nen ist. Name ist Schall und Rauch, umnebelnd Himmelsglut. Sondern
1752 1947 3042 2030 auf der Goldwage, mußte eine Komödie der Worte von feinen
3035 1976 3303 2041 des Schnitzle
448 1987 1742 2059 der Wiener Poet ist von der unendlichen Mannigfaltigkeit der Dinge
1750 2005 3039 2066 Reizen schreiben können. Er brauchte seine analytische Methode nur
3037 2024 3294 2077 großen Vorbi
454 2028 1751 2085 und von ihrem unerschöpflichen Eigenleben betroffen. Seine Entdecker¬
1740 2039 3043 2110 auf einen besondeten Fall, auf ein gegebenes Faktum anzuwenden und
3040 2064 3287 2117 wickelte Kunst
456 2083 1746 2138 freude sucht er dem Leser wie dem Zuschauer mitzuteilen, und darum wird
1741 2084 3034 2148 dieses nachträglich zu durchleuchten. Starre Vergangenheiten, unver¬
3031 2103 3299 2160 Aufgaben von
457 2109 1746 2173 er zu dem feinen Künstler der Sprache, als den wir ihn kennen. Die
1751 2125 3026 2178 änderliche Charaktere — in den schwankenden Charakteren ist die Un¬
3024 2142 3187 2191 als Arz
442 2147 1739 2212 gebräuchlichen Klischees und Schablonen hat er beiseite geworfen; ein
1748 2160 3034 2225 beständigkeit das Stereotype — läßt Schnitzlers Wortkunst neu auf¬
3032 2180 3105 2226 ein
436 2183 1754 2255 differenziertes Empfindungslebon glüht und jeuchtet in seinen Worten,
1739 2197 3039 2250 leben und flüssig werden. Die Taten in den drei Schnitzlerschen Ein¬
450 2225 1747 2288 und durch die Glut erscheinen die Dinge selbst als besondere, ihre
1739 2238 3032 2290 aktern fehlen zwar in der Lebensschule, aber vorhanden sind sie vor
3022 2256 3092 2302 W
446 2260 1746 2319 speziellen Merkmale enthüllende Wesen. Eine Analyse von eigener
1741 2278 3034 2338 den Bühnenauseinandersetzungen und außerhalb derselben. Auch im
3026 2293 3104 2337 per
439 2309 1747 2361 Art vollzieht sich sichtbar und faßbar vor den Augen des Publikums.
1741 2315 3087 2379 höchsten Grade wirksam sind sie. Im ersten Stück, der „Stunde des W
444 2341 1747 2406 Es gewinnt Alles ein neues und seltsames, aber zugleich vertrauteres
1742 2354 3028 2422 Erkennens“ ist die Tat und Schuld ein Ehebruch der Frau Klara,
3018 2370 3101 2419 mit
449 2384 1742 2445 und bekannteres Gesicht als vorher. Man darf den Dichter auf dem
1734 2390 3028 2460 eine Tatsache, die um zehn Jahre zurückliegt, die aber dennoch fort¬
3019 2413 3103 2459 ver
452 2425 1738 2478 Wege zu den Dingen, so wie er sie sieht, mit besonderer Schärfe und
1745 2434 3031 2491 wirkt, weil eben das Leben keine äußerliche Aneinanderreihung von ein¬
3014 2449 3124 2499 liche
438 2463 1741 2518 Unterscheidungskraft, begleiten, und die Worte sind bloße Reiseführer
1741 2469 3037 2513 zelnen Bildern ist, sondern ein Gewebe von Ursache und Wirkung.
3207 2402 3287 2542 8
3021 2487 3205 2541 nicht gan
569 2507 1658 2559 iesen Entdeckungen. Sie sind Definitionen, die schließlich
1744 2506 3034 2573 Auch der Ebebruch der Frau Klara Eckold ist ein Stück Lehen: das Wort
3008 2514 3213 2586 Eleganz
439 2543 1750 2618 inkommensurable Wirklichkeit selbst in sichtbarer, greifbarer Gestalt her¬
1745 2540 2341 2609 Ehebruch ist ein bloßes Wort.
2602 2551 2930 2612 m Eingelsatt den
3112 2556 3243 2624 in dem
433 2572 785 2639 vortreten lassen.
1740 2591 2995 2651 schiedensten Sinn haben kann. Schnitzler denkt hier ernsthaft an den
3117 2607 3290 2668 ergötlid
499 2602 1658 2670 Das Schnitzlersche Wort gibt auf diesem ansichtsreichen Wege
1744 2628 3030 2702 sozialen Sinn, in dem der Bruch eines der wichtigsten und inhalt¬
442 2639 1750 2715 Kunstwerk Höhe und Rang. Es wird das dichterisch, seherisch Auber¬
1736 2663 2804 2735 reichsten Verträge von schweren Folgen begleitet sein muß
3105 2647 3295 2743 aei
445 2700 1745 2748 ordentliche offenbar, und deswegen ist die Atmosphäre bei der Auf¬
1728 2702 2260 2762 troffene Mann schweigt
2279 2704 2481 2775 gehn I¬
2803 2696 3268 2769 Rücksicht Schein und
2570 2711 2726 2764 lang
445 2726 1739 2790 führung eines Schnitzlerdramas sast von iener Art, die wir aus Obser¬
1742 2728 2845 2799 auf das Kind, die Tochter; als diese erwachsen i
2918 2745 3302 2816 ver= Eine spielerisch
443 2772 1737 2827 vatorien, Laboratorien und Seziersälen kennen. Aber diese feine und
1739 2769 1959 2826 heiratet
2015 2780 2191 2830 treunt
2280 2787 3313 2853 sich von der Ehebrecherin. Die habt, und für
438 2795 1739 2868 klare Luft ist gleichsam erfüllt von der menschlichen Wärme und guten
1736 2813 3300 2883 Stunde des Erkennens enthüllt die Ursachen des Bruchs der Ehe und Geistes ein b
444 2845 3297 2936 Laune der begreifenden und verzeihenden Persönlichkeit des Vortragen= die Begebenheit; sie enthüllt sie, und sie läßt für den Manne zugleichgab in ihm n
