3344 4352
2100 187 2554 289 box 32/1
233 194 1954 284 26.1. Kongedie der Nortezyklus
1675 851 1915 922 Rundschau.
976 849 1095 922 142
1804 986 2655 1044 behalten. Im „Bacchusfest“, dem dritten
945 978 1795 1057 ihrem Manne zurück, daß er sie nicht mehr
1799 1023 2653 1099 Stücke, erzählt ein Schriftsteller den Inhalt
937 1046 1779 1102 belügt und betrügt. Da kommt der hinter¬
1802 1093 2654 1138 seines neuen Bühnenwerkes und erobert
943 1090 1784 1152 gangene Bräutigam und fordert Rechenschaft
1807 1135 2650 1184 damit seine junge Frau zurück, die eben im
949 1134 1797 1188 und Gewißheit. Nur einmal noch erbittet
1807 1172 2651 1219 Begriffe war, mit einem jungen Chemiker
948 1173 1796 1231 sich der Schauspieler von seiner Frau das
1804 1211 2650 1263 durchzugehen. Das Stück, von dem erzählt
953 1219 1786 1272 Recht, lügen zu dürfen. Und er spielt dem
1795 1267 2652 1313 wird, spielt auf den religiösen Brauch der
940 1269 1782 1314 jungen Manne, um ihn zu beschwichtigen,
1806 1305 2654 1355 alten Griechen an, der allen Liebenden eine
944 1310 1788 1372 eine Szene des Edelmutes mit solcher Meister¬
1805 1356 2649 1416 Nacht frei gab, nach der die Paare aus¬
946 1347 1786 1412 schaft vor, daß der horchenden Frau vor
1803 1382 2658 1442 einander mußten und nie wieder von dem
949 1399 1793 1446 dem Lügengewebe der Schauspielkunst graut
1797 1427 2654 1500 Erlebnis sprechen durften, und man gewinnt
952 1450 1787 1499 und sie auf und davon will. Allein der
1801 1478 2652 1531 fast den Eindruck, als habe der Schrift¬
950 1488 1788 1541 Kömödiant spielt auch ihr eine Szene vor,
1806 1529 2652 1581 steller mit ethisch wohlüberlegter Absicht eine
950 1532 1793 1578 die sie in seinen Bann zwingt, und mit
1807 1554 2646 1618 Liebesnacht mit dem jungen Chemiker ge¬
953 1575 1786 1635 schmerzlich lächelndem Verzeihen bleibt die
1816 1618 2658 1664 währt. Es wird wohl nur wenige Ehe¬
954 1626 1796 1671 Frau, wiewohl sie weiß, daß sie vielleicht
1809 1651 2651 1711 männer geben, die solche Umwege wählen,
955 1670 1797 1715 schon in der nächsten Stunde wieder von ihm
1811 1699 2658 1763 um ihre Frau desto fester an sich zu binden.
953 1715 1797 1773 betrogen wird. Hier, wo das Leben zum
1815 1751 2659 1803 Herr Walden spielt auch in diesen beiden
956 1752 1793 1813 Theater und das Theater zum Leben wird,
1810 1786 2659 1837 Stücken die männliche Hauptrolle. Als
950 1797 1802 1849 kann Schnitzler seinen artistischen Witz in
1811 1839 2653 1890 Rächer des verjährten Ehebruches umgürtet
957 1847 1790 1898 allen Lichtern der Ironie spielen lassen, und
1813 1875 2661 1937 er sich mit einer elegischen Kälte, die bei¬
955 1880 1799 1930 man folgt ihm willig in seine kleine Welt
1806 1909 2659 1966 nahe wie Charakterstärke anmutet, und als
953 1930 1791 1992 halber, heimlicher Empfindungen, Lügen und
1813 1970 2657 2029 alles verstehender und alles verzeihender
954 1978 1800 2029 Wahrheiten, zumal Herr Walden das
1812 2012 2652 2053 Schriftsteller spricht er die Fabel vom
948 2012 1798 2079 Komödiantische im Schauspieler so trefflich
1819 2049 2658 2110 „Bacchusfest“ mit einer lauernden, mahnen¬
955 2067 1803 2116 bringt, daß man die bestrickende Wirkung
1807 2095 2666 2149 den und nur ganz nebenbei drohenden An¬
954 2108 1792 2161 versteht, die er selbst auf eine so kluge, ver¬
1812 2134 2663 2205 züglichkeit, in der sich Strenge mit Milde
958 2149 1800 2198 ständige und herzensgute Frau ausübt, wie
1814 2193 2659 2242 glücklich paart. Ihn unterstützen im ersten
959 2196 1795 2241 Lotte Medelsky sie darstellt, und zumal auch
1812 2226 2651 2286 Stück Frau Bleibtreu und Herr Devrient
963 2238 1796 2295 Herr Tiedtke und Fräulein Kutschera zwei
1812 2270 2662 2329 mit der feinsten Konversationskunst des
957 2274 1798 2340 lebensechte Bühnengestalten zu dem ver¬
1814 2315 2660 2372 alten Burgtheaters und im letzten Fräulein
968 2331 1810 2386 gnüglichen, nur etwas zu länglich geratenen
1822 2363 2662 2414 Wohlgemuth und Herr Romberg mit dem
959 2381 1680 2426 Stündchen der Täuschung beisteuern.
1819 2407 2665 2469 löblichen Eifer gelehriger Schüler, sich ihrer
1042 2414 1797 2476 Um so gequälter und quälender wirkt das
1823 2451 2686 2513 Vorfahren würdig zu erweisen. Schöpft
953 2469 1807 2516 erste, um so leerer und unbehaglicher das
1809 2503 2693 2552 Schnitzler aus der Aufnahme und Wirkung,“
968 2503 1806 2552 dritte der drei Stücke. In der „Stunde der
1815 2538 2661 2591 seiner neuen Einakter im Burgtheater die
964 2556 1797 2603 Erkenntnis“ wird ein Ehebruch verspätet ge¬
1819 2586 2669 2642 Erkenntnis, daß der von ihm seit dem
963 2594 1809 2660 rächt. Zehn Jahre hat der Gatte — ein
1822 2630 2645 2684 „Zwischenspiel“ und dem „Weiten Länd“
971 2628 1815 2692 Arzt — gewartet, bis die Tochter aus dem
1817 2670 2661 2729 eingeschlagene Weg nicht ins Freieführt,
958 2690 1802 2744 Hause ist und er seiner Frau die Wahrheit
1819 2723 2657 2778 sondern nur immer tiefer in das Dunkel er¬
962 2725 1803 2785 sagen kann. Aber er hat nur die halbe
1827 2771 2665 2822 künstelter und verkünstelter Abspaktionen,
962 2778 1804 2836 Wahrheit. Er glaubt, seine Frau habe ihn
1822 2808 2662 2871 dann ist von ihnen eine günstigy Wendung
972 2818 1803 2871 mit einem befreundeten Berufskollegen be¬
1818 2850 2666 2901 zu erhoffen. Dann wurden sie weder umsonst
957 2857 1801 2917 trogen. Den hat sie indes nur platonisch ge¬
1816 2895 2665 2949 geschrieben, noch hat ihnen das Burgtheater
967 2903 1801 2954 liebt, weil sie fürchtete, er könnte ihr
1826 2936 2674 2991 umsonst die zärtliche Liebe Fesorgter Eltern
968 2941 1804 3010 Schicksal werden. Wirklich betrogen hat sie
1832 2976 2666 3056 für schwächlich geratene, bleichsüchtige Kinder
961 2991 1807 3049 den Gatten mit einem Dritten, der ihrem
1824 3034 2196 3099 angedeihen lassen.
960 3030 1817 3098 Herzen weniger nahe stand. Und sie läßt in
1905 3054 2666 3129 Theater im Theater bot auch die Re¬
970 3081 1806 3131 der Stunde der Abrechnung und des Aus¬
1821 3115 2663 3179 sidenzbühne in einem Lustspiel von
975 3125 1809 3178 einanderseins ihren Gatten bei der halben
1818 3158 2662 3209 H. Vosberg. Das konnte man schon aus
972 3167 1805 3227 Wahrheit, weil er ihr gesteht, daß sie in den
1822 3199 2656 3254 dem Titel „Generalprobe zu Ein kostbares
963 3206 1803 3279 zehn Jahren geschlechtlichen Verkehres nach
1818 3261 2666 3301 Leben“ erraten und man war, auf das
971 3255 1819 3309 dem Ehebruch ihm weder Gattin, noch Ge¬
1819 3290 2657 3356 Schlimmste gefaßt, ins Theater gekommen.
977 3296 1819 3359 liebte war, sondern... das häßliche Wort
1827 3335 2663 3400 Doch die Entzauberung des Kulissenzaubers
962 3343 1810 3399 wird nicht ausgesprochen. Man kann sich
1832 3385 2665 3438 geschieht hier mit einem sachlichen Witz, der
961 3392 1808 3447 vorstellen, daß eine Dirne dem Manne in
1825 3420 2669 3486 selbst den grundsätzlichen Verächter des sich
963 3433 1812 3492 dem Augenblick, wo er in ihren Armen
1824 3458 2662 3522 auf eigene Kosten lustig machenden Theaters
967 3477 1812 3534 Weltvergessen sucht, zur Geliebten wird. Im
1827 3508 2665 3569 entwaffnet. Ein ausgewachsener Schwank,
963 3523 1820 3584 Liebesleben den umgekehrten Fall zu eroti¬
1825 3549 2680 3622 dessen Lustigkeit wohl nicht hinreißend wirkt,
977 3564 1814 3616 schen Nachezwecken zu entdecken, das blieb
1820 3598 2677 3673 aber doch allein für sich bestehen könnte,
964 3615 1825 3676 dem psychologischen Spürsinn Schnitzlers vor¬
