3344 4352
2089 158 2547 250 box 32/4
219 203 1939 278 26. 1. Kongedie der NorteZyklus
377 786 1481 872 ichnitt aussdtinchener Neueste Nachrichter
920 860 1193 944 München
569 876 840 959 -B MRIFE
1451 940 1653 1012 —0
527 934 1449 1004 ene.Dieser=Schluß ist unrichtig. Kilchener
1498 1041 2383 1118 ermutlich nicht so lange brauchen wie Karl
2381 1057 3306 1109 viel menschliche Ueberlegenheit aufbringt, zwischen
1471 1092 1619 1143 Eckold.
639 1051 1335 1143 Komödie der Worte
2389 1093 3307 1153 zwei Zügen die Gattin in Güte vom Liebhaber
2396 1133 3306 1176 weg wieder zu sich herzureißen, in diesem Starken
1495 1113 2382 1185 Frau v. Hagen und Herr Steinrück spielten die
608 1126 1362 1180 Drei Einakter von Artur Schnitzler
2394 1166 3298 1223 steckt vom Dichter her doch etwas mehr, als
1458 1163 2378 1236 romanhafte Geschichte mit einer Energie, die
540 1163 1423 1238 (Erste Aufführung im Residenztheater amt 0. Rovemder
2387 1207 3308 1275 Steinrück sich in der Rolle wollte anmerken lassen.
1455 1214 2377 1265 Strindbergsche Schattierungen vortäuschen konnte,
570 1226 1447 1283 * Ein so geschickter Theatraliker wie Schnitzler
1466 1254 2388 1306 wo der preziöse Dialog die Absicht nicht vereitelte.
2419 1251 3309 1318 Ueber diesen Scherzen war es am Samstag
525 1261 1449 1329 erreicht auch dort noch das Bühnenwirksame, woer
1456 1292 2376 1337 Steinrücks Eckold war ein Salon=Kondottiere von
2396 1285 3304 1342 abend beinahe 11 Uhr geworden, was ein bißchen
524 1310 1439 1368 saus den Spänen, die in seiner dramatischen
1462 1326 2377 1370 eiserner Bestimmtheit, an dessen kalter Seite Frau
2395 1332 3303 1389 lang ist für drei Einakter. Aber man hatte sich
531 1355 1443 1416 Künsttischlerei abfliegen, hübsche Kleinigkeiten zu¬
1455 1373 2379 1420 v. Hagens Klara weiche Weiblichkeit bot, ausge¬
2394 1369 3300 1417 schließlich doch unterhalten, und darüber Auftakt
519 1374 797 1453 sammenfügt.
1458 1405 2378 1458 zeichnet durch verhaltenes Gefühl, späterhin durch
2398 1414 3299 1462 und Schwäche dieses Schnitlerabends vergessen.
560 1422 1449 1473 Stunde des Erkennens nennt sich eine
1457 1446 2134 1510 den Aufruhr wilder Leidenschaften.
2398 1446 3301 1489 für dessen dichterischen Gehalt man kaum eine
526 1462 1460 1513 Art Auftakt in Moll. Zwei Hauptfiguren: der
2391 1486 3307 1537 bessere Bezeichnung wird finden können als jenen
1503 1489 2383 1545 War dies ein ernst gemeinter Auftakt, bei dem
523 1508 1449 1554 Mediziner Eckold, ein gesuchter Arzt und stark ver¬
2398 1518 3297 1586 Titel, den er selbst gewählt: Komödie der Worte.
1462 1537 2377 1579 es wirklich nichts zu lachen gab, so versuchte man
525 1544 1454 1586 sonnen, Schnitzlerisch versongen. Und Frau Klara,
2900 1559 3276 1635 Richard Elchinger
1470 1573 2390 1620 im weiteren Verlauf des Abends dem Uebel ab¬
521 1572 1451 1632 Peine Gattin. Dieweil, nach scheinbar glücklichem
1462 1618 2391 1665 zuhelfen. Beim zweiten Stück hielt man noch die
532 1612 1447 1667 Verlauf der Ehe, die siebzehnjährige Tochter eben
1461 1651 2378 1712 Grenzen ein. Große Szene ist ein Vorkomm¬
551 1657 1450 1704 Neuvermählte das Haus verlassen, stehen
1465 1681 2387 1742 nis aus der dankbaren Welt der Kulisse. Un¬
525 1700 1452 1745 Klara und Karl allein sich wieder gegenüber. Nun
1466 1727 2398 1770 widerstehlicher Mime, von der sattsam bekannten
562 1738 1452 1794 g auch noch Ormin, ein alter Jugendfreund des
1452 1768 2381 1822 Theaterei auch im Leben, links; rechts die große,
552 1772 1448 1821 #uses, der als Pestarzt in den Krieg zieht, Ab¬
1467 1808 2395 1851 noch unbekannte Menge der Verehrerinnen
559 1815 1450 1864 hied genommen. Mann und Frau sind endlich
1463 1844 2391 1900 (Motto: nur nicht drängeln, Kinder!) und eine
513 1852 1449 1904 Allein: da fährt der schweigsame Eckold mit der
1458 1880 2394 1930 zarte Gattin in der Mitte. Das ist das Per¬
510 1874 1446 1932 Güsteren Nuance heraus: er wolle den gemein¬
1459 1917 2390 1971 sonal. Und die Handlung besteht darin, daß der
515 1924 1449 1982 samen Haushalt auflösen. Zehn Jahre liegt der
1454 1954 2390 2005 Schauspieler Herbot, der sehr alltäglich ist, es sei
522 1954 1448 2027 Fehltritt zurück, den Klara einst getan. Zwar
1457 1996 2393 2058 denn, daß sein großer Hunger ihn interessant
531 1998 1457 2061 wußte Karl damals schon darum, aber ein Dezen¬
1466 2030 2392 2084 mache, trotz allem den Hamlet nicht spielen kann,
533 2046 1025 2093 nium vermochte er das
1016 2047 1448 2095 abrechnende Wort im
1465 2079 2396 2124 wenn Frau Sophie, die in reinere Luft geflohen.
521 2079 1448 2122 Busen zu bewahren, und jetzt erst, nachdem die
1463 2115 2383 2162 nicht in der Loge sitzt. Schnitzler wollte offenbar
518 2117 1445 2168 Tochter wohl verheiratet und der vom Glück be¬
1450 2147 2388 2204 im Spaßhaften durchhalten, machte aber dabei
515 2163 1451 2210 günstigte Ormin, den Karl im Innern stets ge¬
1450 2185 2390 2241 Konzessionen, die man einem Schwankschreiber
517 2190 1443 2238 haßt, in den sicheren Tod gezogen, erfüllt der in
1464 2216 2386 2275 nicht verübeln könnte. Hier war Herr Steinrück
519 2231 1448 2299 Schweigsamkeit Geübte die späte Gattenpflicht
1453 2260 2385 2313 als spielfroher Hamlet=Interpret im Element der
508 2271 746 2325 und redet.
1458 2299 2394 2346 schönsten Möglichkeiten, die sich aus Konrad Her¬
554 2288 1445 2355 Mit Recht ist die gesünder empfindende Klara
1452 2340 2419 2387 bots Uebermnt und Paschalaune frei entwickeln¬
509 2344 1443 2389 von solcher Ethik aufs peinlichste verletzt, und
1452 2375 2402 2443 konnten. Die Witzigkeit des Theaterdirektors
515 2383 1449 2448 bleibt auch durch den literarischen Einwand nicht
1464 2422 2393 2469 brachte Herr Schwanneke zu treffsicherer Anschau¬
509 2433 1447 2473 zu beschwichtigen, Eckold habe in Haß dieser
1463 2465 2392 2510 ung. Fräulein Wimplinger überraschte in der
514 2459 1447 2524 Stunde „entgegengelebt“. So viel Gefühlskälte
1467 2490 2384 2545 Episode einer jungen Novize durch kecke Charak¬
510 2506 1444 2548 von seiten des Gatten verdient die Unver¬
1452 2541 2393 2586 terisierung. Fräulein Bierkowskis Sophie wirkte¬
516 2539 1459 2596 frorenheit, womit Klara dann Eckolden sozu¬
1468 2569 2393 2639 in dem Tumult gesrielter Leidenschaften wie
513 2586 1455 2632 sagen aufsitzen läßt. Karl hat sich nämlich im
1452 2605 2117 2673 Preisgegebene zarte Menschlichteit.
516 2612 1447 2663 Objekt geirrt und während er noch immer mit
1498 2623 2371 2703 Den Beschluß des Abends bildete Das
507 2653 1445 2700 eingelegter Lanze auf Ormin zielt, nach einer
1462 2673 2394 2737 Bacchusfest, auf dem sich's die Darstellung
515 2692 1444 2735 Seite, wo der Feind nicht steht, beginnt Frau
1463 2727 2395 2781 wohl sein ließ, sogar nicht ohne Extempore, wie
513 2735 1446 2775 Klarg überlaut von dem verjährten Glück zu
1452 2759 2391 2813 es schien. Man kann's ja begreifen: für den
515 2765 1448 2822 schwärmen, das sie indes mit einem anderen, wir
1451 2795 2394 2860 Darsteller des Staufner war's die dritte Ehe an
506 2802 1452 2864 wissen das aus der Exposition, geteilt. Sachlich
1457 2845 2391 2891 einem Abend.... Aber dieweil man so für die
517 2844 1444 2893 wird zwar dadurch nichts geändert, aber die Leute
1463 2861 2397 2938 äußere Wirkung spielte, spielte man doch eigente
503 2879 1446 2928 in dem Stück sind aun einmal so, daß kie unnaiv
1460 2913 2396 2970 lich gegen Schnitzler. Fräulein Ritscher, die
513 2918 1447 2964 bleiben bis zuletzt. Wie Karl mit Würde das
1459 2935 2404 3005 prickelnd ist, wo ihre Eigenart entfesselt werden
514 2953 1455 3004 Zimmer verlassen, entschließt Frau Klara sich zu
1455 2993 2400 3040 kann, verführte nicht den Dr. Wernig zum Da¬
504 2990 1461 3055 jähem Ausgang. Man weiß nicht recht, wohin sie
1448 3025 2403 3083 bleiben, wohl aber dessen Darsteller dazu, in der
512 3035 1455 3087 geht, und zehn Jahre sind eine lange Zeit. Aber
1453 3069 2399 3111 Bahnhofshalle allerhand scherzhaften Spuk mit¬
522 3067 1463 3142 da sie sich wieder zu ihrer eigenen Ethik Mut ge¬
511 3104 2402 3173 macht, wird sie zur Erfüllung ihrer Rachogeliute zumachen. Und in dem Dichter Staufner, der so
