3344 4256
212 222 436 312 26.1
1415 134 1535 185 an
2061 191 2527 281 box 32/4
1959 223 2072 285 S
413 212 1933 305 Kongedie der WorteZyklus
516 840 1407 1028 Breskaust Genelal Anzeiger
411 963 571 1033 vom;
515 986 635 1069 gse
2247 995 2407 1078 eeache Ken.
1163 997 1761 1079 n
1475 1072 3315 1147 [Dirne: nicht das ist „unwahrscheinlich“ oder ausgeklü= Effekt und nicht ohne virtuosenähnlichen An
1490 1121 3263 1195 gelt oder tonstruiert. Die Konstruktion, also das Ge=] „Warum ist unsereiner so geschaffen,
479 1080 1419 1230 „Komödie der Worte.“
2508 1164 3206 1218 Menschen völlg verfallen sein kann —
1485 1172 2528 1224 zwungene, Gemachte und nicht Gewordene, liegt vielmehr
2512 1207 3306 1254 nicht einmal verdient, der es nicht einmal
1484 1217 2523 1260 in dem ganz Unelementaren des Grundantriebes aus dem
535 1217 1418 1298 (Eestaufführung im Lobetheater.)
2510 1244 3304 1294 die Frau des Hofschauspielers Herbot. Da
1490 1252 2525 1302 alles Unheil entsprang: er glaubte (und glaube sie näm¬
2519 1267 3288 1334 einer“ ist, durch und durch angefressen
1493 1289 2525 1342 lich untren mit dem von Schicksal und Glück in Beruf und
511 1275 1501 1348 Die alte Philosophenweisheit wird gestaltet, und je¬
2504 1309 3294 1374 skrupellos bis aufs Mark, ohne in seiner
1483 1314 2522 1375 Leben vor ihm begünstigten Professor Ormin; und daß sie
428 1314 1489 1391 mand spricht sie aus, klipp und klar: „Worte lügen“.
2507 1354 3316 1415 des Gedankens Blässe unangekränkelten Ab
1494 1368 2519 1422 ihn mit dem hinterging, mit ihm, dem Glückskinde, dem
439 1359 1497 1426 Menschliches, Allzumenschliches. Was Einer redet und
1495 1390 3313 1454 olles im Leben wie von selber zugeflogen kam, währenz er der das Komödiespielen zur zweiten, oder
447 1396 1497 1465 Kovon Einer spricht niemand darf sich einbilden, ihn zu
1491 1434 3314 1494 selbst sauer ringen und sich schließlich doch bescheiden zigen Natur geworden ist, auch nur die S
431 1424 1495 1501 kennen nach seinen Worten. Denn mehr noch als hinter
1479 1464 3319 1531 mußte, das wurmt ihn am nefsten. Jeden andern hätte fühls dafür zu haben, zeint Schnitzler in tem
443 1478 1490 1535 dem „Nebeldunst der sogenannten Erlebnisse“, wie es der
2528 1510 3315 1567 Szene“, nach der das Stück den Namen t#
1489 1514 2531 1575 er ihr verziehen: ihn nicht. Etwas in ihm schreit auf;
434 1516 1491 1573 Professor Ormin in der „Stunde des Erkennens“ einmal
2508 1556 3309 1603 svielt Herbot einem bvaven Jungen, dem er
1488 1552 2531 1606 aber nicht sein Blut, sondern sein rechnender Verstand.
441 1552 1485 1623 nennt. verschwimmen seine Züge hinter dem Nebeldunst
2512 1595 3302 1654 führt hat und der acht Tage vor der Ehe z
1494 1588 2522 1645 Und das ist Schnitzlers Rechenfehler: wer aus so kleinem
450 1595 1493 1652 der Worte. Worte sind Schall und Rauch. Man spricht,
2522 1639 3316 1682 um die Wahrbeit zu erfahren, ein so täu
1484 1637 2526 1688 und kleinlichem Neide handelt, der ist nicht fähig zu der
452 1628 1498 1696 nicht um Innerstes bloßzulegen, um Verborgenes ans Licht
1487 1671 3309 1729 grauenhaften Größe solcher Nache: anders herum: bei dem takulum auf, in dem Rührung und edie
437 1680 1501 1736 zu tragen, man spricht um sich dichter zu verbergen, tiefer
1487 1707 3319 1761 ist solche Nache nicht mehr groß, sondern schurkisch. Das srehstanklägerische Reue und Zerknirschung
444 1710 1498 1771 zu verhüllen. Worte lügen, und die Wahrheit bleibt ewig
2511 1741 3316 1802 hoher Sinn und Wahres und Falsches so
1492 1745 2520 1798 ist der Unterschied zwischen diesem strindberg=ähnlichen
445 1754 1496 1809 das verschleierte Bild zu Sais. So aber ist es bestellt um
2511 1781 3301 1836 mischt #id, daß der brave Junge gerührt
1497 1788 2525 1842 Schnitzler und Strindberg: wo Strindbera seine Konflikte
438 1786 1499 1851 menschliches Leben, daß Lüge und Wahrheit in einen un¬
2511 1827 3309 1873 und Herbot vergnügt — den Hamlet kann
1497 1824 2522 1881 aus elementaren Urtrieben ballt, wird Schnitzler berech¬
446 1829 1499 1872 löslichen Knoren verschlungen sind und niemand weiß, wo
2518 1862 3316 1913 Seine Frau aber, die im Nebenzimmer alle
1491 1866 2526 1919 nend und berechnet. Menschlich rein wird seine Kunst, so
449 1868 1492 1943 die Lüge aufhört und die Wahrheit beginnt. Das ist der
1488 1889 3296 1957 verschlungene Wege sie auch gerade da geht, erst wieder bei erschauert im Ekel vor soviel Gemeinbeit
449 1903 951 1970 Weisheit letzter Schluß.
1482 1937 3268 1987 der Frau. Mit seelenkennerischer Behntsamkeit nimmt er auf immer. Doch er behauptet, ohne sie
525 1953 3319 2024 Das ist der letzte Schluß von Arthug##ier um Schleier von ihr, dentet das Rätsel ihrer nicht den Hamlet spielen zu können. fleht
438 1974 1499 2052 lers Weisheit. „Du mußt es dreimal sagen“, läßt er sich
2518 2008 3309 2068 pathetisch an, und sie bleibt. Die Ketten sch
448 2011 2530 2078 von Mephisto willig belehren, und beklopft in der „Ko= Psyche mit wundervollen Worten und noch mehr mit dem,
1491 2059 2527 2109 was er verschweigt und ersühlen, erraten läßt, und er¬
2515 2060 3323 2118 Das ist der Kern! Rundherum und mitt
445 2075 1498 2125 mödie der Worte"*) sein Thema in drei Ein¬
2516 2094 3309 2144 viel gescheite, lustige und witzige Bemer
1489 2094 2528 2148 reicht, daß man an sie glaubt, trotz allen Irrgängen, die
450 2106 1500 2156 aktern, mit immer neuem Ton, neuen Licht vu. neuen
2520 2135 3310 2185 Theaterdinge, Dichter, Schauspieler, Kritike
1490 2121 2522 2192 in ihr sind. Sie hat nämlich . . Ormin wirklich geliebt,
452 2136 1498 2194 Menschen; seziert mit förmlich medizinischer Saa,lichkeit
1488 2180 2524 2223 aber hintergangen hat sie ihren Mann mit einem andern.
2510 2173 3304 2222 kum, ein samoser Thoaterdirektor wandelt ei
438 2180 1495 2237 drei „Fälle“ und spürt ihnen bis in die dunkelsten Winkel
1492 2208 2517 2262 den sie weniger liehte. Einem, dem sie „in trübem Dasein
2510 2208 3311 2261 nuskript unterm Arm, scherzhafte Gesstreic
442 2213 1496 2280 und verschlungensten Wege nach mit der unfehlbaren,
1490 2250 2522 2300 der erste Himmelsstrahl“ war, „das große, das einzige
2513 2246 3310 2305 der Zunge und verstehendes Menschentum im
448 2253 1494 2317 hauchartigen Feinheit seiner pfychologischen Sonde. Diese
1487 2288 2519 2338 Glück eines Lebens“. Und somit wäre alles anders ge¬
2519 2292 3320 2338 ist überhaupt leichter und schweberder, lustig
451 2287 1504 2347 #sychologische Gestaltungskraft hat ihn noch nie so in die
2516 2332 3313 2377 santer als vorher — aber der Kern bleibt de
452 2323 2517 2387 Tiefe der Dinge geführt, wie im ersten der drei Einakter, kommen (dies aber braucht kein Rechenfehler zu sein,
2510 2361 3325 2427 loses Aneinandergekettetsein von Mann und
441 2351 2527 2423 der „Stunde des Erkennens“ Hier sind mit kann vielmehr eine Verschärfung der grausig hohnvollen
1483 2410 2519 2460 Tragik bedeuten), wenn ihr Mann, der auf der falschen
2517 2395 3308 2457 im letzten Einakter, dem „Bacchusfest“
451 2413 1494 2470 meisterlicher Hand zuckende Seelen bloßgeleat: hier sind
1493 2435 2519 2496 Jährte war, gesprochen hätte. Wenn die „Stunde des
2526 2427 3319 2499 tiefsten versteckt unter der bunt schillerude
447 2450 1501 2497 nicht nur die festen Formen der psychischen Erscheinungs.
1485 2472 2517 2529 Erkennens“ in ihren Grundvesten nicht eine „Komödie des
2522 2476 3288 2532 Daz Taschenspielerkunststückchen, wie ein
450 2481 1500 2545 welt Ausdruck und Gestalt geworden, sondern das Ver¬
444 2531 3313 2575 schwimmende, Verschwehende Zergleitende aller, halb un= Schweigens“ wäre und nicht erst wieder zur „Komödie vom Bahnhof zwieschen zwei Zügen seine Frau
455 2568 3312 2621 bewußten, Zwischenformen, die Dämmerwelt verschwiegen= der Worte“ würde, als die Frau in ihrer arauenhaften buhler, der sie schon sicher zu haben g'aubt
1825 2602 3309 2645 rich durch liufdecken der Wahrheit den sagt zur dadurch, daß er ihn überhaunt i
448 2598 1775 2669 ster Regungen ist festgehalten und in Worten von bohren= Erniedrigung
2508 2627 3313 2692 kommen läßt, ihn mit seiner glänzenden Die
452 2638 2531 2694 der Gründlichkeit ihres Geheimnisses entkleidet. Die] Mann erläst söndern ihn in seinem Wahn bestärkt und
1494 2671 2526 2729 nun ihrerseits ebenbürtige R####e nimmt. indem sie ihm
2512 2679 3309 2730 erschlägt und sich in der Selbstverständlicht
451 2687 1494 2734 schmerzliche Resignation, in die Schnitzler, früher einmal.
1497 2715 2522 2765 alles Glück mit Ormin, das sie nie genossen, noch einmal
2526 2711 3313 2771 Besitzes, die doch in diesem Augenblick ei
454 2713 1504 2768 seine Dichtungen einhüllte, die sie umspielte mit dem Reiz
1486 2747 2532 2805 in den glühendsten Farben molt Das ist das Ende, und
2513 2747 3321 2815 wiegt: Dies Kunststückchen wäre nur tasch
448 2756 1505 2818 wehmütiger Stimmungen und vor dem Aeußersten, der
440 2776 2526 2854 letzten Konsequenz fast immer zurückschreckte, ist ver=doch nicht ganz das Ende. Die Frau verläßt noch in der¬
2521 2780 3297 2853 schlummerte nicht der Geist der Schwere
452 2829 2520 2882 schwunden. An ihre Stelle getreten ist ein unerbittlichez selben Stunde das Haus Wohin? In die Werl? In den
2520 2825 3310 2882 unter allem. Bräche er nicht nach langem, u
444 2871 3319 2924 Bis=ans=Ende=gehen, und eine hohnvolle Härte, die — von Tod? Sie schweigt sich darüber aus. Werte lügen.“ Der Grollen hervor im Stöhnen des Mannes
451 2914 3330 2963 Strindberg kemmt und sich von ihm nur unterscheidet durch] Mann aber kemmt jetzt zum tiefsten Bewußtsein des reit= Dich!“ Worauf sie: „Und ich Dich noch tauf
1492 2943 2574 2997 losen, rettungslosen Verkettetseins mit der Frau. Erf—
2617 2948 3332 3021 mein Geliebter!“ Sie knnen nicht
447 2956 1504 3010 den Mangel an Erlebnisintensität. Daß der Arzt Dr.
1493 2980 2525 3033 zögert, und ein Wort von ihr würde ihn halten. Sie
2514 2994 3038 3056 Der Widerbaken sitzt zu tief.
447 2985 1497 3045 Karl Eckold zehn Jahre lang neben (und mit) seiner
1492 3005 2520 3073 spricht es nicht, dies Wort. Die Ketten sind gebrochen.
2591 3007 3335 3074 Menschliche“, Allzumenschliches. „Wort#
448 3025 1512 3086 Frau weiterlebt, nachdem er von ihrem Betrug weiß; daß
448 3055 2523 3110 er zehn Jahre lang schweigt bis zu dem Tage, da die Das Martyrium ist aus, oder — fängt erst recht an.
2511 3051 3318 3111 Das in ein Motto, und kein ungefährliches
1493 3087 2518 3142 Wenigstens für ihn, mit sich selbst, seinem „Gewissen“.
3094 3106 3330 3157 Der brau
2514 3109 3105 3155 ldiese „Komidie der Worte“
452 3093 1499 3146 Tochter verheiratet ist und mit ihrem Gatten das väter¬
1486 3125 2519 3202 Das nenne ich „Bis=ans=Ende=gehen“ ohne Rücksicht auf
2502 3131 3335 3192 dramatunnische) Ban der drei Ginakter ist von
439 3131 1496 3204 liche Haus verlassen hat; und daß ei nun seine Rache ge¬
1505 3160 2334 3239 „ethisch“ oder sonstwie befriedigende Schlüsse.
2497 3179 3319 3232 Geschlossenheit und Lückenlosigkeit. Sie trag
448 3184 1495 3234 nießt und die Frau hinausjagt, nachdem er ihr eröffnet
1561 3222 3330 3279 Rettungslolen Aneinandergesettetsein — darum kan=Isich, ihr Geletz, den Rothmus ihres Geschehe
455 3226 1497 3270 hat, was sie ihm während der zehn Jahre gewesen ist
1498 3244 3331 3314 delt sichs auch in den beiden so genden Stücken, werngleich! Entwicklung, unverrückbar in sich. Sie mü
455 3263 1494 3323 wie er sie, durch Gedanke und Tat, erniedrigt hat zur
1499 3290 3332 3344 spielerischer (von außen gesehen! Im Innern ist kein sie sind, oder sie können überhaupt nicht sein.
1481 3327 3332 3401 Jota verändert), jöngleurhafter, mehr im Hinblick auf den wie der des ersten Stückes ist unerhört in sc
517 3341 1378 3412 *) Buchausgabe bei S. Fischer, Verlag, Berlin.
