3344 4352
2088 170 2542 274 box 32/4
240 185 1940 300 26.1. Konoedie der Worte Zykius
1612 1137 2591 1217 klangen in eine Huldigung für den König aus.
1618 1175 2594 1267 Die Büste Ludwigs III. ward sichtbar, um sie
1628 1219 2600 1314 scharten sich die Bühnenmitglieder und ihre Leiter,
1618 1274 2593 1355 die heutigen und die früheren, soweit sie lebensfroh
1629 1312 2599 1398 und erreichbar waren. Nach einer Pause ging als
1620 1357 2593 1449 Erstaufführung in Szene: „Gold gab ich für Eisen“.
1614 1396 2589 1492 von V. Léon mit der „Ich hatt einen Kameraden“
1624 1446 2606 1523 anmutig als Leitmotiv nützenden Musik von E.
1626 1490 2596 1575 Kälman. Die Fabel aus unseren Kriegstagen ist
1633 1538 2624 1615 recht unwahrscheinlich, aber rührsam und entbehrt
1631 1591 2344 1668 auch nicht des lustigen Einschlages.
1692 1614 2610 1703 Bei ausverkauftem Hause wurde im kgl. Resi¬
1621 1648 2623 1747 [denztheater Artur Schnitzlers „Komödie
1629 1708 2611 1802 der Worte gegghen—Der Birfan wär wohl um
1629 1752 2617 1834 eine Kleinigkeitscywächer, als bei der Frank¬
1644 1801 2611 1881 furter Uxackfführung. Steinrück war in den
1640 1838 2616 1932 drei Rolles bravourös. Der Arzt, der so lange
1629 1887 2625 1967 seinenGroll verschloß, liegt seiner Individualität
639 1892 1519 1988 itt aus: Frankfurter Nachrichten
1635 1933 2607 2028 am besten, der Schauspieler der „großen Szene“
640 1962 1470 2077 -äNdwto-gund Intelligenz Blatt
1633 1958 2628 2073 ast wohl in der äußeren Repräsentation blendender,
1652 2020 2624 2110 „Harry Walden“ gemäß gedacht. Von den übrigen
944 2037 1405 2135 Ztenikfurt a. M.
1663 2067 2621 2150 sind Frau v. Hagen, Frl. Bierkowsky und
1662 2112 2625 2199 Janssen (Frankfurt) a. G. besonders zu
1660 2148 2641 2231 erwähnen. — Lediglich um die Theaterchronik zu
691 2086 1653 2249 ntänchener Theater und Künst.
1668 2197 2648 2279 vervollständigen, sei erwähnt, daß „Die schwe¬
748 2225 1663 2312 Seinen fünßigsten Geburtstag feierte das
1666 2236 2633 2325 bende Jungfrau“ ein Schwank von F.
698 2288 1658 2359 Theater am Gärtnerplatz. Als Volks¬
1667 2289 2653 2365 Arnold und E. Bach im Volkstheater viel
706 2325 1667 2401 bühne erbaut, hatte das Theater ##langs mit
1669 2333 2637 2407 belacht wurde. Wir haben den galanten, alten
708 2371 1668 2453 gsoßen Schwierigkeiten zu kämpfen gehabt. Am
719 2370 2642 2488 Gröffnungsabend fiel ein Kandelaber um, man Sünder schon tausendmal gesehen und so kann es
716 2390 2660 2535 kinute ihn wieder aufrichten. Bald fielen die sden „Autorend nigmand übel nehmen, daß die dra¬
1682 2443 2661 2575 inglischen Hmbinatigen längst erschöpft sind.)
709 2497 1680 2586 Aktien, sie erholten sich niemals. Während des
721 2539 1681 2627 siebziger Krieges kaufte König Ludwig II. das
705 2590 1676 2685 Haus. Es wurde als kgl. Theater geführt, später
709 2636 1680 2707 wieder verpachtet, wie noch heute, aber Besitzer ist
716 2675 1693 2753 die kgl. Vermögensverwaltung geblieben. Die
722 2719 1699 2804 Glanzzeit der Bühne war die Glanzzeit des ober¬
719 2767 1701 2846 bayerischen Volksstückes. Ihre Gastspielreisen
727 2808 1701 2893 gingen in alle Welt. Von den damaligen Größen
727 2863 1701 2931 wirken noch, wenn auch heute lediglich vom Redner.
729 2895 1700 2982 pult aus, Hofpaur und Frau Hartl¬
728 2938 1702 3014 Mitius unter uns. Die Direktion Franz Josef
730 2987 1708 3063 Brakls, des einstigen Tenors, wahrte als letzte
731 3023 1710 3104 neben der Operette dem Volksstück und Schauspiel
738 3086 1718 3159 sein Recht. Seit 1898 führen Stollberg und
741 3112 1707 3198 Schmederer das Theater zugleich mit dem Schau¬
749 3151 1718 3250 spielhaus. Brakl gründete seine Galerie und ward
751 3195 1718 3286 eine der führenden Persönlichkeiten des Münchener
741 3238 1720 3334 Kunsthandels. Das Gärtnertheater wurde nun
752 3283 1725 3377 seine Operettenbühne. In diesem Herbst haben
745 3334 1719 3420 Stollberg und Schmederer das Haus am Gärtner¬
751 3379 1724 3459 platz an einen Unterpächter abgegeben. Herr Dr.
753 3417 1725 3508 Warneck=, der neue Leiter, hatte es sich begreif¬
749 3468 1731 3554 licherweise nicht nehmen lassen, eine Festvorstellung
760 3507 1729 3593 anzusagen. Frau Hartl-Mitius, die treff¬
746 3562 1726 3627 liche Veteranin der Bühne, sprach den von ihr
760 3590 1736 3688 gedichteten Prolog, in dessen anmutigen Versen sie
753 3636 1747 3715 in ihrer einfachen, herzlichen und humorvollen Art
753 3686 1751 3783 die Geschichte des Hauses schilderte. Ihre Worte
