3392 4320
2148 187 2597 292 box 32/1
274 197 2005 305 26. 1. Konoedie der NorteZyklus
629 835 1077 931 Ausschnitt aus:
1069 876 1455 974 Der 4.O AUUR
631 941 907 1007 vom: 70
915 951 1139 1055 —
1715 1046 3366 1108 Umgebung — dichterisches Leben gibt. Der gefeierte „Star“mythologischen
476 1057 1650 1166 Arthur Schnitzler's „Komödie der
1711 1085 3362 1152 Konrad Herbot (Harry Walden) lebt im Hotel. Zum wieder=] Wernig fährt in
1715 1133 3359 1217 holten Male hat er seine brave Frau (Frau Medelsky) be= Staufner bleibe
913 1144 1225 1251 Worte“.
1708 1192 3025 1258 trogen, die seine verständigste Kameradin, sein klügster Berater
3064 1188 3354 1256 Ein Aerzte¬
1711 1239 3024 1301 und sein bester Regisseur ist, an seinen Erfolgen also ihren
3017 1230 3366 1312 in denen sich Arn
473 1219 1716 1322 Aus Wien schreibt unser L. K.=Mitarbeiter unter dem
410 1275 723 1370 12. d. Mts.:
3009 1284 3369 1355 weiß. Diese
1714 1289 3034 1361 großen Anteil hat. Frau Sophie liebt ihn, Herbot sie auch, was
473 1327 3367 1419 Das Burgtheater brachte heute die ersten Neuheiten: ihn aber nicht hindert, sie mit der Braut eines braven, jungen nahme der Fra
413 1382 3355 1441 Die Uraufführung des Einakter=Zyklus: „Komödie ders Mannes Edgar Gley (Herr Gerasch) zu betrügen. Das gefallen. Dem
410 1431 3366 1488 Worte“ von ArthurSchultz Der Dichter betitelt wurde Frau Sophie zu bunt und sie ist auf und davon. Darüber Die Psyche des
408 1474 3368 1536 die Einakter: „Stunde des Erkennens", „Großesist Herbot sehr unglücklich, er kehrte nach Berlin zurück, zog ins Der verwöhnte
404 1537 3338 1583 Szene" und „Das Bacchusfest“. Sie sind nur lose mit= Hotel und schwor, seine schöne Wohnung nicht früher zu be= Publikums, is
403 1566 3374 1639 einander verbunden. Das sie umschließende Band bildet die treten, als Arm in Arm mit seiner Frau. Der brave Theater=Kind, dem mal
414 1625 3363 1686 Komödie der Worte, die große Lüge, in der Menschen oft in direktor Dr. Falk (Herr Tiedtke), der die Menschen und Dauer gram sei
406 1694 3359 1734 engster Gemeinschaft leben. „Stunde des Erkennens“ ist ein Komödianten richtig zu werten weiß, hat Frau Sophie durchfolg des Abend
403 1723 3374 1787 ernstes, efgründiges Schauspiel, „Große Szene“ schwankt bewegliche Briefe veranlaßt, wieder zu ihrem Manne zurückzu= den beiden and
404 1764 3371 1851 zwischen Lustspiel und Burleske, wiewohl auch hier eine sehr kehren. Die Ehe scheint sich wieder zu leimen. Da kommt der eine Mann
413 1823 3369 1865 ernste „große Szene“ das eigentliche Rückgrat bildet. „Das Dr. Gley, um Herbot inständig zu bitten, ihm die Wahrheit Verachtung straß
414 1866 3363 1927 Bacchusfest“, mit dem alten Cyprienne=Motiv, ist ein Lustspiel. zu sagen, was zwischen ihm und seiner Braut vorgegangen andere, der sich
3012 1909 3368 1978 dauernd entrisseh
1711 1919 3028 1977 sei. Nun setzt die „Komödie der Worte“ ein, Herbot spielt die
418 1923 1728 1975 Schnitzler erweist sich neuerbings als der Meister des geist¬
3021 1957 3362 2024 stalten wie die
1716 1971 3018 2026 „große Szene“. Er erzählt dem armen Jungen einen Roman,
408 1971 1721 2033 vollen Dialogs, der feine Seelenmaler, der die Schleier des
3021 2006 3370 2075 Männer polter
1716 2017 3018 2069 als wenn er um dessen Braut beinahe toll geworden wäre, und
411 2024 1724 2090 Innenlebens abhebt und die Psyche der Menschen bloßlegt, der
3014 2055 3355 2114 Frauen sie bet
1707 2064 3020 2108 sie hätte ihn nicht erhört. Frau Sophie hat aus dem Neben¬
418 2070 1475 2132 scharfsinnige Beobachter und künstlerische Gestalter.
1710 2109 3368 2171 zimmer alles mit angehört, vor so viel Lüge erfaßt sie ein Ekel, Auseinandersetz
470 2107 1721 2170 Der Inhalt der 3 Stücke ist der folgende: „Die Stunde
3008 2152 3365 2226 die Worte werd
1729 2144 3024 2221 ein Grauen, sie will wieder fort, doch dem Sophisten Dr. Falk
405 2135 1729 2231 des Erkennens“ kommt für den praktischen Arzt Dr. Karl
3064 2201 3373 2266 Harry Wal
1719 2199 3036 2272 gelingt es, ihren Sinn zu wenden, zumal Herbot allen Ernstes
415 2216 1725 2282 Eckold (Harry Walden) und dessen Frau Klara (Frau
1728 2259 3363 2329 nicht auftreten will, wenn er seine Frau nicht in der Loge sieht. [sprechend, alle di
414 2257 1723 2316 Bleibtreu), da der langjährige Freund des Hauses und
3007 2294 3367 2367 Trecht dankbare
409 2298 1733 2368 Studiengenosse Eckolds, Professor Dr. Rudolf Ormin (Herr
1760 2307 3018 2369 Der dritte Einakter, „Das Bacchusfest“, führt uns in die
415 2352 1721 2411 Devrient) Abschied nimmt, um mit einer Sanitätskolonne
1721 2335 3379 2412 Salzburger Bahnhofshalle. Dort erwartet Frau Agnesknneren Zusan
413 2403 1726 2458 des Roten Kreuzes sich nach Japan einzuschiffen und von dort
1720 2404 3367 2471 Staufner (Frl. Wohlgemuth) ihren mit dem Zuge aus Aehnlichkeit de
1719 2447 3376 2518 Innsbruck eintreffenden Gatten, den Schriftsteller Felix bringen. An di
406 2455 1726 2514 auf den Kriegsschauplatz abzugehen. Klara war vor zehn
1723 2487 3370 2558 Staufner (Harry Walden). Sie ist von Herrn Dr. Guidotheaters Spre
409 2492 1722 2562 Jahren Ormin viel, noch mehr aber dem dritten Jugendfreunde
1711 2547 3365 2615 Wernig (Herr Romberg) begleitet. Vor sechs Wochen hatMeisterschaft, fl
418 2554 1727 2611 Földling, der gleichzeitig mit Ormin als Kriegskorrespondent
3009 2583 3376 2653 einem Gewande
421 2597 3021 2657 abreist. Bei diesem Abschiede kommt es, während Dr. Eckold sie an derselben Stelle von ihrem Manne Abschied genommen.
420 2627 3376 2704 im Nebenzimmer die ärztliche Ordination abhält, zwischen! Fünf Jahre war sie mit ihm verheiratet, nun will sie die Gattin ruhig legte er de
417 2692 3362 2761 seiner Frau Klara und Ormin zur Aussprache. „Es war schön des Doktors der Chemie Wernig werden, den sie inzwischen zugroße Pose n
409 2734 3372 2815 und gut, daß Sie, daß wir beide in dieser Stunde — endlich näher kennen gelernt hat. Sie wollen es Dr. Staufner gleich ein großes Kind
419 2786 1728 2851 die Wahrheit gesprochen haben,“ sagt Ormin. Nachdem dieser
1725 2787 3364 2851 sagen. Der hat sich in das Gebirge zurückgezogen, um sein die innere Erre
1729 2845 3368 2914 Stück „Das Bacchusfest“ zu vollenden. Das Bacchusfest be¬ steller Staufner
419 2842 1718 2905 fort ist, macht Eckold seiner überraschten Frau den Vorschlag,
1714 2882 3368 2962 stand bei den Griechen darin, daß einmal in jedem Jahre, zur auf. Die Frauen
420 2892 1726 2955 zur Tochter Bettine nach Berlin zu übersiedeln. Das scheinbar
3009 2924 3366 2990 grund. Frau B
425 2940 1727 3004 sehr harmonische Zusammenleben der Eheleute war in den
1718 2932 3031 2999 Zeit der Weinlese, für eine Nacht alle Bande der Familie, alle
414 2979 1724 3048 letzten zehn Jahren eine Lüge. Eckold wußte genau vom Verrat
1721 2970 3375 3042 Gebote der Sitte einfach aufgehoben waren. Bei Anbruch des den Schlußszene
3006 3009 3373 3085 Gesponsin des
1719 3037 3014 3096 Tages war das Fest vorbei und jeder Teilnehmer war ver¬
408 3034 1722 3099 seiner Frau. „Den äußerlich ruhigen Lauf unserer Existenz zu
3016 3065 3379 3127 Ton und resign
416 3086 1722 3155 unterbrechen, eine so tiefgehende Erschütterung unserer Lebens¬
1724 3084 3019 3150 pflichtet, zu vergessen, mit wem er für seinen Teil im heiligen
3004 3120 3364 3179 lebte die kleine
411 3126 1721 3196 verhältnisse hervorzurusen, das wäre höchst unpraktisch, ja so¬
1715 3134 3013 3196 Hain das Fest gefeiert hatte. Einander wieder zu erkennen,
3003 3166 3370 3232 beredtes Mien
1716 3166 3022 3235 hätte als frevelhaft gegolten. Die Festteilnehmer sollen zu¬
418 3162 1734 3242 gar unmoralisch gewesen. Und geradeso unmoralisch wäre es,
3015 3220 3374 3272 Devrient mi
419 3229 1724 3286 wenn wir nun weiter zusamenlebten, nachdem Bettine nicht
1723 3228 3021 3294 weilen etwas ermüdet, aber doch erfrischt, ja gewissermaßen
3016 3266 3365 3333 Schauplatz die
417 3277 1727 3338 mehr im Hause ist.“ Das ist die Erklärung des Ehegatten. Er
1717 3256 3033 3337 geläutert nach Hause wiedergekehrt sein. Wenn zwei noch am
3005 3312 3372 3380 sehr gut gestellt
419 3323 1728 3392 hat in der Tiefe seiner Seele seine Existenz von der seiner Frau
1727 3308 3030 3409 nächsten Abend nacheinander Sehnsucht verspürten, so dürfte
3005 3363 3373 3425 die genau wiede
1714 3383 3023 3434 niemand, auch nicht Ehegatten oder Eltern, die Verliebten
416 3376 1722 3445 getrennt und der Stunde entgegengelebt, die nun endlich ge¬
3012 3402 3379 3473 bei Ankunft und
418 3419 1728 3500 kommen ist. Gebrochen verläßt Klara das Haus. Die Er¬
1713 3425 3019 3484 zurückhalten. Aus dieser zweiten Nacht gab es keine Rückkehr.
3015 3455 3379 3527 schlägen der Ver
414 3460 1522 3522 niedrigung durch den Gatten treibt sie in den Tod.
1713 3475 3012 3527 Das frühere Heim war beiden verschlossen, und sie blieben für
3007 3501 3378 3584 „Die große Szei
477 3506 1728 3583 Die „große Szene“ ist ein Schauspielerstück und nach
1714 3519 3009 3585 den weiteren Verlauf des Daseins aufeinander angewiesen.
420 3547 3021 3617 Berlin verlegt. Man glaubt, die Figuren und die Schicksale zu Darum sollen so wenige Lust verspürt haben, am zweiten
407 3617 3052 3696 kennen, denen Schnitzler — vielleicht aus seiner nicht zu fernen! Abend, — außer Haus zu gehen. Das Liebespaar versteht die!
