3392 4256
688 259 966 332 onded
1297 262 1366 335 W
1120 268 1175 336 d
2134 268 2646 361 box 32/2
336 275 2056 352 26.1 1ederorte zyklus
2481 536 2906 623 Nen und we
812 563 1247 643 #.sprochen werden.
1752 568 2625 680 —ansbildung befänden.
878 668 2986 736 Von dieser Summe sind 69867 Mark der hiesigen! In der „Stunde des Erkennens“ vermeint
887 707 2982 775 Kriegsfürsorge, der Fürsorge für die kriegsgefange= ein Arzt, der, wie ihm bekannt war, früher von sei¬
821 711 884 796 a
884 742 2989 820 nen Deutschen im Auslande, sowie der Kriegskrüp=Iner Frau hintergangen wurde, erst zehn Jahre
810 789 875 836 h
875 781 2985 837 pel= und Kriegsblinden=Fürsorge zugeführt worden.I später, als seine sich verheiratende Tochter das Haus
884 832 1929 879 Der Rest ist der Unterstützungskasse des Zentral¬
1925 836 2985 872 rerläßt, seine Rache kühlen und die Gattin demütigen
881 872 1913 916 verbandes der Gemeindebeamten Preußens, sowie
1923 870 2986 940 zu müssen, indem er ihr trotz der inzwischen schein¬
881 904 1918 957 der Kriegsfürsorgekasse des Vereins der städtischen
1922 903 3049 974 bar wieder glücklich verlaufenen Ehe die Türe weist.
880 946 1919 994 Beamten zu Frankfurt a. M. überwiesen worden.
1928 947 2989 1007 Die Schuldige geht, aber nicht zu dem, welchen ihr
1930 987 2991 1041 Mann als Verführer ansah, sondern zu einem an¬
964 1005 1010 1047 —
996 990 1926 1043 Das Eiserre Kreuz. Dem Etappen=Telegra¬
1928 1022 3033 1096 dereen, von dessen sündiger Liebe zu seinem Weibe“
880 1034 1915 1089 pheninspektor, Ober=Postinspektor Bauer von der
1932 1059 2409 1116 der Arzt nichts wußte.
876 1083 1928 1140 hiesigen Ober=Postdirektion ist das Eiserne Kreuz
1979 1097 2993 1161 Im Einakter „Große Szene“ wird ein mora¬
875 1123 1462 1183 2. Klasse verliehen worden.
1926 1140 2982 1210 lisch innerlich angesaulter Schauspieler, den wegen
992 1153 1925 1223 Eisenbahnunfall. Im Hauptgüterbahnhof fuhr
1930 1189 2977 1244 ehelicher Fehltritte seine Frau verließ, als „großes
879 1208 1924 1255 gestern früh gegen 2 Uhr ein von Worms kommender
1928 1225 2984 1282 Kind“ geschildert, dem man manches verzeihen kann.
887 1252 1914 1299 Güterzug auf einen anderen Güterzug, der noch im
1928 1265 2989 1319 Als die Gattin auf Bitten eines Theaterdirektors.
880 1286 1925 1334 Einfahrtsgleise stand. Eine Lokomotive und 8 Wagen
1924 1303 2980 1370 der den Schauspieler als Kassenmagnet benötigt, wie¬
877 1325 1941 1382 entgleisten und wurden schwer beschädigt. Der auf
1928 1343 2983 1403 der zurückteirt und dann mit anhören muß, in wel¬
879 1359 1931 1420 dem einfalrenden Güterzug bedienstete Schaffner
1922 1390 2977 1444 cher Verlogenheit ihr Mann vor dem Bräutigam
874 1402 1925 1459 Wilhelm Spang aus Worms wurde schwer verletzt
1920 1420 2986 1480 eines von ersterem verführten Mädchens sich „recht¬
869 1435 1924 1486 und kam ins städtische Krankenhaus. Der Unfall ist,
1930 1459 2983 1513 sertigt“ erfaßt sie aufs neue ein Ekel. Aber die liebe
867 1475 1922 1539 wie man hört, durch vorzeitige Freigabe der Einfahrt
1923 1494 2983 1565 Eitelkeit siegt, denn da der Kronprinz im Theater
868 1513 1070 1578 erfolgt.
1923 1539 2978 1603 ist und ihr Mann den „Hamlet“ nicht spielen will,
974 1548 1918 1616 * Anzeige gegen Molkereien. Wie wir hören,
1932 1582 2985 1640 wenn sein liebes Weibchen nicht dabei ist, gibt sie als
870 1590 1920 1653 ist gegen Molkereien, die sich an die festgesetzten
1931 1611 2986 1673 Gattin des „großen Menschen“ nach und geht ins
866 1637 1928 1708 Milchhöchstpreise nicht halten wollen, Anzeige bei der
1924 1651 2992 1721 Theater und damit in ihre zerrüttete Ehe zurück.
868 1688 1618 1742 Staatsanwaltschaft erstattet worden.
1966 1699 2982 1746 Der letzte Einakter „Das Bacchusfest“ ge¬
983 1734 2976 1787 „Uebt Kameradschaft!“ Unter diesem Titel ist hört zu dem schwächsten der drei Stücke. Hier bringt
855 1769 1928 1831 in dem Verlag der Carolus=Druckerei ein
1918 1771 2986 1836 ein energischer Ehemann sein Frauchen, das wäh¬
852 1816 1925 1860 Heftchen erschienen, das für unsere Feldgrauen be¬
1933 1817 2980 1873 rend seiner Abwesenheit mit einem fast troddelhaf¬
865 1843 1913 1908 stimmt ist. Der Verfasser, Walter Egon=Metz, behan¬
1920 1850 3004 1920 ten Jüngling Seitensprünge zu machen versuchte,
861 1889 1919 1949 delt in 4 Abschnitten die wahre Kameradschaft. Der
1930 1900 2983 1971 zur Vernunft zurück und der Verführer muß allein
1919 1928 2086 1986 reisen.
857 1933 1920 1974 niedrige Preis (10 Pfg. das Stück) sollte Veran¬
867 1965 1927 2023 lassung sein, jedem Soldaten das hübsch ausgestattete
1978 1952 2978 2027 In allen drei Stücken führte sich Herr Schrö¬
866 2009 1919 2070 16 Seiten starke Heft ins Feld oder in die Kaserne
1918 2014 2984 2080 der als werte Kraft in den Rollen der Ehemänner
858 2048 1136 2122 zu schicken.
1928 2054 2983 2090 ein, Frl. Sangora und Herr Großmann wuß¬
1930 2087 2993 2155 ten ebenfalls durch ihr Spiel dem zweiten, mit etwas
986 2082 1916 2142 Die ersten Christbäume. Obwohl uns noch
1927 2129 2972 2193 Humor getränkten Einakter zu einem Erfolge zu
865 2125 1917 2195 Wochen vom Weihnachtsfest trennen, hat der Handel
1937 2171 2979 2213 verhelfen, des weiteren waren noch die Damen Leiko,
872 2177 1924 2220 mit Christbäumen bereits seinen Anfang genommen.
1924 2209 2982 2268 Tillmann, Fuchs und die Herren Klöpfer, Gewinner,
870 2214 1922 2269 Die Händler bereisen gegenwärtig die großen
1928 2244 2981 2301 v. Möllendorff und Guter in den drei Stücken be¬
877 2245 1919 2298 Staats= und Gemeindeforsten des Spessart, Taunus,
1925 2285 2980 2338 schäftigt, denen die Spielleitung unter Direktor
881 2292 1915 2344 Odenwald und Vogelsberg und machen mit den
1927 2327 2975 2390 Hellmer eine prächtige szenische Umrahmung ge¬
878 2332 1926 2384 Forstverwaltungen ihre Abschlüsse. Der Truppen¬
1928 2360 2189 2421 geben hatte.
879 2362 1911 2421 übungsplatz bei Bad Orb stellt in diesem Jahr den
878 2410 1920 2465 Händlern 15000 Weihnachtsbäume zur Verfügung.
871 2451 1921 2500 Ueber die Preise wurden bisher noch keine Verein¬
2234 2410 2679 2524 Marktberichte.
873 2481 1936 2546 barungen getroffen. Im vorigen Jahr bezahlte man
1973 2513 2980 2584 Obst= und Gemüsemärkte. Am 12. Oktober erzielte
874 2530 1929 2571 für das Hundert 8—9jähriger Bäume 40 N, 10—12=
1928 2561 2981 2622 in Worms der Zentner Weißkraut 5—6 M, Kar¬
874 2570 1913 2619 jähriger Bäume 40—50 M. Zu diesen Preisen kamen
1927 2605 2969 2657 toffeln 4—5 #, Zwiebeln 18—20 M, Aepfel 6—15.,
861 2601 1911 2670 noch die Hauerlöhne und die erheblichen Transport¬
1925 2644 2970 2695 Birnen 8—18 A. Svinat 8—12 , gelbe Rüben 8 bis
859 2647 1045 2712 kosten.
1925 2683 2970 2731 10 -. rote Rüben 6—8 =, die 100 Stück Blumenkohl
965 2677 1908 2746 = Die Intendanz des Schauspielhauses gibt be¬
1923 2728 2976 2787 10—50 4, Rotkraut 10—40-4, Wirsing 5—15 .K, Salat
868 2723 1921 2786 kannt: Zum Gedenktag der 500jährigen Herrschaft
1918 2758 2478 2808 6—18 X, Sellerte 5—12 A.
870 2770 1922 2818 des Hauses Hohenzollern wird am 21. ds. Mts. im
870 2810 1931 2870 Schausvielhaus Ernst von Wildenbruchs „Die
869 2854 1919 2896 Quitzows“ in Szene gehen. Die Vorstellung wird
2266 2835 2636 2919 Briefkasten.
868 2891 1923 2946 eingeleitet durch Wildenbruchs Gedicht „Die Beleh¬
1959 2905 2986 2964 B. 72, Urberach. Wenden Sie sich an das „Zentral¬
862 2920 1914 2991 nung der Mark Brandenburg“, gesprochen von Herrn
1920 2933 2965 2987 Nachweise=Bureau des Kriegsministeriums“, Berlin NW. 7,
872 2966 1040 3020 Ebert.
1922 2968 2982 3041 Dorotheenstraße 48, oder an das „Dänische Rote Kreuz“ in
1930 3011 2165 3071 Kopenhagen.
927 3010 1923 3067 = Brüder Post=Konservatorinm. Am Donners¬
866 3045 1918 3103 tag, den 14. Oktober findet das zweite Abonnement¬
2139 3030 2763 3154 Vereinskalender.
868 3088 1933 3151 Konzert, unter Mitwirkung von Georg Adler und
864 3132 1922 3185 dem Brüder Post=Quartett, statt. Zur Aufführung
1928 3140 2973 3199 Kath Männer=Verein Frankfurt, gegr. 1870. Donnerstag
863 3173 1923 3229 gelangen Quartette von Beethonen A—moll Op. 132,
1957 3176 2968 3223 Versammlung mit freier Aussprache und Erledigung von
1941 3211 2389 3258 Vereinsangelegenheiten
867 3208 1922 3275 Mozart A-dur Nr. 16 und Klaviersoli von Bach,
868 3247 1509 3305 Schumann, Chopin und Liszt.
1980 3277 2910 3348 Wettervoraussage für Donnerstag:
902 3293 1928 3345 = Albert Schumann=Theater. Morgen Donnners¬
898 3330 1932 3396 tag, den 14. d. Mts. findet im Albert Schumann¬
1972 3331 2965 3407 Zunächst noch mild, feucht, trüb, später aufklärend.
864 3370 1914 3428 Theater ein Programmwechsel statt. Diesmal hat
867 3419 1920 3458 die Direktion ein Werk erworben, das bisher in
877 3454 1914 3502 Frankfurt noch nicht gegeben wurde, es ist die
2147 3423 2741 3521 Seefischverkauf
863 3493 1926 3543 Operette: „Der Zigeuner=Primas“ von Jul. Wil¬
1969 3506 2925 3581 unter städtischer Preiskontrolle.
859 3521 1922 3592 helm und Fritz Grünebaum, Musik von Emerich
870 3572 1923 3624 Kälmén. Die Hauptrollen sind besetzt mit den
1988 3563 2958 3644 Die Preise für frische Seefische in den bekanntge¬
864 3606 1916 3666 Damen: Irmgard Pagenstecher, Anni Sutter, Berna
1913 3621 2737 3689 gebenen Geschäften sind für diese Woche:
877 3649 1916 3699 Maria Köhler, Winni Fischer und den Herren Ju¬
2000 3668 2467 3741 Ia Bratschellfische
864 3681 1927 3751 lius Dewald, Emil Nothmann, Emil Schroers, Ernst
864 3730 1927 3779 Willert, Emil Amann, Fritz Weber, Fred Fried
2003 3710 2870 3803 Ia mittelgroße Schellsische 53 Pf.
868 3770 988 3828 usw.
2666 3775 2884 3832 60 Pf.
2003 3778 2279 3840 Ia große
2012 3814 2877 3891 Ia Kabeljan. 52 Pf.
1051 3844 1753 3956 Kunst und Bühne.
1179 3943 1614 4027 Neues Theater.
2154 3938 2393 4023 Armee¬
2845 3867 2949 4039 7
2561 3939 2825 4036 Nur
2827 3988 2882 4047 4
815 4004 1925 4076 [Uraufführung: „Komödie der Worte“
2172 4021 2386 4105 Dolch
999 4063 1781 4121 Einakterfolge von Arthur Schnitzler.
2143 4087 2390 4135 beste Waffe sü
908 4098 1916 4164 Fast erweckt es den Eindruck, daß der von seiner
2154 4099 2422 4186 den Radkampf.
2194 4152 2382 4198 Länge des
864 4128 1911 4201 Gemeinde als Dramatiker über alle Maßen empor¬
2139 4177 2428 4224 Messers 28 cm,
861 4197 1922 4241 gelobte Wiener Arzt und Theaterschriftsteller Arthur
2480 4168 2579 4238 0
2718 4099 2868 4268 9
2133 4203 2425 4266 Länge d. Klinge
822 4233 885 4273 1
