3344 4352
2098 188 2553 301 box 32/1
238 207 1979 300 26.1. Konoedie der Norte zyklus
1046 1126 1935 1217 —. .. Asungen des Datober, drei Mondte,
136 1131 373 1224 en welt
2011 1152 2475 1239 Was son da werten?
439 1165 1923 1259 lich versucht nach dem Beginne des Krieges, als viele Siege erfochten,
129 1206 742 1274 em Abwehrfeuer. Auf dem
1929 1209 3109 1302 uns fast blendet. Pflichten werden erkennbar, die trotz ihres
747 1229 1916 1310 aber die Gefahren noch nicht gänzlich verschwunden gewesen
139 1259 735 1319 hafter Artillerietätigkeit, be¬
1926 1266 3108 1361 Ernstes nicht erschrecken und denen eine Großmacht, das
760 1273 1908 1353 sind. Wir hören auch bald, was dem großen Werkmeister
140 1304 739 1362 stlich von Bras, westlich vom
1916 1321 3103 1387 alte und doch so neuartige Habsburgerreich, nicht ausweichen
751 1323 1907 1401 den Schlaf von den Augen verscheucht und ihn hinaus¬
139 1353 732 1407 und an mehreren Stellen in
1914 1368 3097 1438 darf, da Geschichte und Bestimmung es von ihm wollen. Die
753 1378 1907 1439 gedrängt hat in den nächtlichen Park, damit er in der Ein¬
150 1393 736 1460 idende Insanteriekämpfe gab
1921 1403 3111 1484 Antwort auf die Frage des Evangelisten ist ein Bedürfnis
759 1418 1905 1486 samkeit und Stille den Plänen nachhängen könne. Einige
158 1444 739 1513 Nacht ein vereinzelter fran¬
1910 1451 3102 1523 der Willensbildung und der Gedankentätigkeit. Sie ist fast.
739 1467 1917 1546 Wochen später wurde in der Tischgesellschaft von der Mög¬
136 1479 738 1566 luf Dorf Blanzée blutig ab¬
1912 1494 3102 1583 nötig zur Erziehung, die uns in einen weiteren Rahmen
741 1515 1912 1582 lichkeit gesprochen, daß der Krieg nach der Schlacht von
1914 1548 3096 1643 hineingewöhnen und dazu bringen soll, vor größeren Auf¬
739 1568 1911 1627 Sedan hätte aufhören können. Der Kanzler sagte, er
144 1563 736 1652 unserer Abwehrgeschütze ge¬
1925 1597 3092 1647 gaben nicht scheu zu werden. Auch deshalb, weil die Werk¬
741 1623 1910 1685 glaube, wenn Louis Napoleon damals Frieden gemacht
145 1622 734 1696 sches Flugzeug zwischen den
1922 1644 3094 1716 tätigkeit, die zur Mitarbeit berufen wird, den Optimismus,
749 1654 1913 1731 hätte, wäre er auf dem Throne als achtbarer Regent ge¬
154 1674 732 1746 stlich von Chateau=Salins
1919 1683 3100 1766 ohne den niemals ein Fortschritt in der Welt durchzusetzen
748 1699 1907 1778 blieben. Napoleon sei jedoch dumm und sentimental gewesen.
149 1723 733 1806 sind tot und wurden mit den
1911 1727 3093 1809 war, erhält und ausbreitet. Der Bericht unseres General¬
746 1749 1909 1823 König Wilhelm dachte ebenfalls,des werde nach Sedan zum
149 1773 527 1841 on uns geborgen.
1923 1780 3098 1852 stabes erzählt heute, daß die österreichisch=ungarische Armee
742 1794 1901 1871 Frieden kommen, und wollte erfahren, welche Friedens¬
1920 1837 3100 1908 am unteren Semeni die italienischen Truppen in der östlichen
146 1815 695 1910 ankriegsschanplatz.
740 1851 1906 1918 bedingungen der Kanzler vorschlage. Der jetzige Krieg ist
1907 1867 3105 1948 Flanke bedroht und zum Rückzuge gezwungen habe. Das
751 1888 1905 1964 über Vergleiche hinaus, und die Maßenverhältnisse von da¬
1908 1915 3101 1986 ist weit in Mittelalbanien, wo der Fluß in die adriatische
750 1935 1908 2002 mals gelten nicht für unsere Tage. Aber lernen können wir
196 1928 695 2026 Oberste Heeresleitung.“
1909 1961 3094 2042 See mündet. Der deutsche Generalstab berichtet, daß sächsische
734 1986 1899 2057 aus jeder Zeit und in den Fußstapfen großer Männer
1909 2010 3091 2078 Regimenter stark ausgebaute Stellungen zwanzig Kilometer
752 2038 1906 2115 einherschreiten, bringt immer Gewinn, weil ihr Beispiel
157 2031 662 2139 en Hauptquartiers:
1909 2062 3094 2137 von Reims gestürmt haben. Die Schlacht bei Verdun ist
748 2077 1901 2165 die höchste Begabung im Wollen und Handeln dar¬
1903 2109 3100 2175 nach dem Eindruck in Paris zu beurteilen, wo der Kriegs¬
159 2116 697 2211 tantinopel, 10. März.
739 2119 1307 2194 stellt und eine Stütze
1297 2129 1901 2206 für unser eigenes Ziel¬
1917 2158 3094 2229 minister sich öffentlich krank meldet. Was soll da werden?
743 2174 1900 2253 bewußtsein ist. Es geschah zu Versailles im November,
157 2176 292 2249 mit:
1912 2196 3102 2282 Ein großes und starkes Oesterreich, kühn, aber sicher im
744 2217 1910 2279 daß Fürst Bismarck die Flügeltüren seines Zimmers, wo
151 2219 720 2323 Fronten ist kein Bericht ein¬
1909 2249 3094 2322 Aufbau, festgefügt, eine Stätte des Rechts, ein Land, das
737 2264 1902 2352 sich drei Vertreter des bayerischen Königs befanden, öffnete
142 2296 731 2371 e Aenderung gemeldet wird.
1917 2298 3084 2365 ohne Zaghaftigkeit einer mächtigeren Zukunft entgegen¬
719 2315 2847 2415 und mit einem Becher in der Hand sich dem Tische, an dem schreitet, getragen von einem freien Bürgertum.
151 2392 282 2469 hält:
724 2429 1893 2491 poetische Sintflut ist der erfreuliche Beweis einer hoch¬
1901 2444 3094 2518 wirklich neugebornes Werk beschert worden („Komödie
728 2472 1900 2544 gespannten, nach höchstgesteigertem Ausdruck ringenden
146 2454 720 2570 Nachrichtenblatt“:
1904 2499 3191 2596 der Worte“ von Schnitzler), im übrigen nur Wieder¬ #
735 2521 1899 2593 Vaterlandsliebe, in künstlerischer Hinsicht aber keine un¬
1904 2541 3081 2599 holungen, lauter neufenierte= Allertümer, frisch ausge
154 2531 713 2648 dwehr= und Marine¬
722 2560 1896 2640 bedenkliche Erscheinung, denn man kann es ohne weiteres
1892 2588 3100 2667 grabene hundertjährige Literatur. Die überlieferten Schätzt
735 2617 1899 2678 als Lehrsatz gelten lassen, als einen durch vielfache Er¬
156 2618 541 2705 Seite 33 bis 37.
1905 2647 3161 2729 zu hüten, gehört nun zwar zu den vornehmsten Aufgaben),
736 2657 1891 2739 fahrung erhärteten, beinahe unumstößlichen: je zahlreicher
1911 2692 3080 2752 einer großen Hofbühne. Doch soll ein solches In¬
156 2684 506 2778 her. Seite 38.
740 2707 1904 2800 die Gedichte, desto geringer ihr geistiger Wert — je mehr
1901 2726 3086 2798 stitut nicht bloß Museum sein, sondern doch auch
726 2749 1893 2839 Poeten, desto kränker die Poesie. Auch scheint dieser
1905 2775 2869 2852 eine Art Laboratorium, eine Werkstatt des
2856 2792 3177 2883 schöpferi“
724 2800 1899 2881 tyrtäische Drang, sich reimweise über Kriegsereignisse aus¬
1907 2823 2868 2905 schen Zeitgeistes, und davon hat man
2857 2838 3070 2904 während
724 2854 1893 2928 zusprechen, eine Ablenkung der dichterischen Produktion
165 2819 498 2948 eton.
1893 2871 3102 2951 der zwei letzten Jahre im Burgtheater blutwenig“
726 2906 1888 2978 von ihren anderen Gebieten, dem dramatischen zum Bei¬
1897 2926 3148 3003 verspürt. Wir leben allerdings in einer schweren##
730 2943 1889 3031 spiel, zur Folge gehaht zu haben. Wenigstens gewinnt
164 2944 331 3032 eater.
1898 2965 3088 3039 Ausnahmszeit. Vielleicht hat man dort am Franzensring
718 3001 1892 3063 man diesen Eindruck bei einem flüchtigen Rückblick auf
1896 3037 3090 3119 einen Vorrat zeitgenössischer Neuheiten angelegt, eine##
164 3008 711 3097 ungen hat das erste Kriegs¬
719 3032 1886 3121 die Leistungen des Burgtheaters während des gegen¬
1891 3048 3195 3164 Sparbüchse für kommende Tage, vielleicht sind die neu¬ 5)
151 3073 717 3144 gedichte hervorgebracht, und
729 3090 1887 3168 wärtigen Spieljahres, das sich mit behenden Schritten
1905 3118 3097 3192 gebornen Stücke anderen Wiener Bühnen zugelaufen.“
158 3124 713 3205 den, daß sich im zweiten
727 3135 1893 3227 seinem letzten Drittel nähert. In der ganzen abgelaufenen
1899 3160 3071 3244 Der erklärenden Möglichkeiten gibt es mehr als eine, und
194 3170 725 3256 ausrunden wird. Diese
710 3183 1885 3289 Frist, seit September also, ist uns bloß ein einziges.
1887 3208 3097 3305 schließlich kann man sich mit dem Sprüchlein trästen:
598 3290 1144 3413 TRREA
2019 3265 2506 3465 00
