3296 4352
2057 209 2538 299 box 32/2
215 221 1953 307 26.1. Konoedie der Jorte zyklus
1537 970 2685 1054 In der den Abschluß des Abends bildenden „Großen
1457 1017 2693 1091 Szene“ befindet sich Schnitzler wieder auf dem ihm eige¬
131 1042 730 1116 F.Scacen
1452 1061 2675 1127 nen Gebiete der menschlichen Seele. Er führt uns durch
1455 1103 2687 1171 ihr schwieriges Gelände wie durch einen selten begangenen
1454 1142 2680 1206 Wald mit Höhen und Tiefen, verschlungenen Seitenwegen,
1458 1170 2690 1248 überraschenden Ausblicken. Die Gestalt des Schauschielers
126 1181 734 1284 gliches Hoftheater
1445 1212 2689 1271 Konrad Herbot, die vom Glanz des Ruhmes, wie von
132 1255 465 1325 Uraufführung:
1445 1260 2683 1328 der Gunst der Frauen beschienen ist, wird mit feinen Stri¬
734 1183 817 1351 0
1456 1300 2685 1370 chen gezeichnet; es werden die Grenzen berührt, an denen
140 1302 537 1375 nödie der Worte
1453 1345 2681 1402 der Mensch aufhört, Wirklichkeit und Einbildung zu schei¬
125 1345 685 1411 er von Arthur Schnitzler
1457 1379 2682 1427 den; aus der Literatur kommt Schnitzler wieder zur Men¬
153 1390 904 1463 n weichen, süßen Anatol=Szenen ist
1453 1408 2687 1482 schengestaltung. Frau Meißner, sowie die Herren
347 1449 900 1507 Frau Gabriele und
1448 1456 2686 1519 Harprecht, Ehrle und Weisker standen ihm in der
398 1483 890 1543 Schneeflocken auf der
1445 1505 2692 1560 Darstellung, Herr Baumeister in der Spielleitung hilf¬
450 1525 883 1582 inkäufe, erstere für
1443 1534 1802 1594 reich zur Seite.
462 1572 891 1622 Mädel mit den zer¬
1531 1568 2686 1644 Namentlich das erste und das letzte Stüsk wurden mit
492 1604 885 1663 orstabt seiner war¬
1439 1611 2134 1680 lebhaftem Beifall aufgenommen.
2531 1622 2651 1696 2
564 1630 890 1699 die Tragik der
615 1680 884 1735 das kleine
673 1723 897 1775 tol einige
698 1763 892 1829 enso lie¬
750 1819 852 1890 rühr
1534 1828 2562 1912 Datcslocte CagtCane
1562 1935 2667 2070 Sroßherzogliches Boftheater.
1818 2052 2395 2140 Dienstag, den 12. Oktober.
1887 2116 2324 2202 Uraufführung:
1837 2175 2371 2260 Komödie der Worte.
1647 2224 2560 2311 Drei Einakter von Arthur Schnitzler.
1516 2264 2686 2379 Stunde des Erkennens. — Das Bacchusfest. — Große
2011 2333 2201 2398 Szene.
818 2365 861 2406 8•
1602 2364 2669 2456 W-I. Von Ehe und Eheleid erzählen mit Aufwand
816 2401 879 2452 er
1510 2427 2666 2485 von vielem Geist diese drei Einakter, und zwar wird
796 2442 884 2485 nt¬
1521 2461 2675 2535 das Thema nicht in dem frivolen Ton unserer westlichen
1519 2495 2668 2575 Nachbarn, sondern in einem ernsten Grundton behan¬
814 2512 886 2579 at.
1529 2543 2684 2620 delt. Nach der Art Schnitzlers werden meistens nicht
1528 2587 2672 2649 Geschehnisse vorgeführt, sondern die Handlung wird in
1518 2616 2675 2671 Gesprächen und aus Gesprächen heraus entwickelt. worin
1526 2664 2665 2740 Schnitzler Meister ist und seine Geistesschärfe und seinen
1523 2697 1867 2765 Witz entfaltet.
1592 2736 2666 2814 Die ersten beiden Einakter behandeln die Eheirrun¬
829 2756 887 2802 k.
1523 2786 2658 2860 gen von Frauen. Der erste ist eine sehr geschickt und
1518 2822 2668 2897 sehr spannend gearbeitete Szene, im wesentlichen ein
1513 2868 2663 2938 Zwiegespräch zwischen dem Arzt Dr. Eckold und seiner
789 2911 876 2964 sie.
1516 2889 2662 2979 Frau, das die vor 10 Jahren von der Frau begangene
798 2951 869 3000 uck,
1527 2945 2658 3014 Eheirrung, über die der Mann seiner Tochter zuliebe
711 2989 873 3041 rutali¬
1520 2984 2659 3046 und bis zu ihrer Verheiratung geschwiegen, zum Gegen¬
1513 3031 2663 3081 stand hat und die zur Trennung der Eheleute führt. Die
696 3028 879 3097 Heinz
1510 3074 2666 3130 Art, wie die Handlung aus einem anscheinend harmlosen
536 3074 891 3156 usfest“. — kritt
1511 3104 2667 3181 Gespräch entwickelt und immer spannender zugespitzt
560 3140 882 3200 in Eheproblem.
1511 3140 2661 3217 wird, ist ein Meisterstück dramatischer Technik. Ist dieser
563 3182 879 3234 iebe entdecken;
1506 3185 2654 3261 erste Einakter auf einen elegischen, man kann sagen tra¬
527 3221 892 3278 in letzter Minute
1506 3216 2171 3280 gischen Grundton gestimmt, so
2239 3239 2652 3295 der zweite, „Das
439 3256 881 3316 verzeiht ihr, wie sei¬
1512 3264 2649 3330 Bacchusfest“, mehr heiteren Charakters. Durch die Er¬
521 3297 890 3357 der Liebe freige¬
1509 3309 2650 3361 zählung von dem altoriechischen Bacchusfest und seiner
288 3337 336 3401 5
498 3334 876 3396 Szene fiel das
1512 3351 2656 3412 höheren sittlichen Bedeutung rührt der Dichter Felix
274 3376 896 3426 st wie eine Verbindung von
1503 3380 2649 3438 Staufner seiner jungen Frau, die sich einem albernen Lieb¬
142 3409 812 3472 Mythologie; allerdings will
1506 3427 2660 3494 haber an den Hals geworfen hat und im Begriff ist, auf
147 3440 898 3515 an der Darstellung eine geistigere
1512 3459 2646 3539 Abwege zu geraten das Gewissen und führt sie wieder zu
150 3493 888 3548 önnen, als es gestern geschah. Es
1507 3514 2651 3575 sich zurück. Das Stück ist schwächer, als das erste, na¬
167 3528 873 3601 he und die Herren Schneider
1510 3551 2658 3594 mentlich ist der Charakter und die Handlungsweise der
1512 3583 2648 3651 Frau und die Umkehr von der einfältigen Gans zu einer
1502 3621 2650 3703 verständnisvoll empfindenden Frau nicht genügend mo¬
1494 3650 1686 3718 sviert.
2263 3757 2365 3820 TER
2980 3844 3038 3896 3#.
3216 1296 3291 1362 310
