3392 4320
229 210 2037 314 26.1. Kongedie der Norte—Zykius
1318 1068 1496 1156 S
147 1131 827 1205 seinen Herzog als wahrhaft ver¬
840 1143 2018 1208 einen Jux will er sich machen! Der Künstler ließ sich
139 1177 819 1247 in Marberg (Olivia) hält
836 1191 1999 1252 das nicht zweimäl sagen, und er verdoppelte die Dosis:
154 1226 823 1292 feinen Lustspiels fest und gibt
836 1230 1996 1302 sein Malvolio ist die Karikatur einer Karikatur, ein ver¬
132 1269 827 1337 ammenden Neigung zu Viola¬
842 1287 1999 1340 zerrtes Zerrbild, eine Ueberfratze, an sich aber etwas Ur¬
144 1315 825 1381 leise, sinnig angedeutete Wendung
840 1335 2009 1394 komisches, in seiner dummstolzen, gespenstischen Steife,
146 1369 823 1420 kulein Wohlgemuth (Viola),
841 1374 1999 1448 seiner hanswurstlichen Grandezza ein Lachobjekt, wie
143 1413 817 1467 immer, reizend in verschiedenen
835 1421 1999 1474 man es dort am Orte wohl noch nie gesehen, das Zwerch¬
142 1466 824 1530 weilen von der großen Lustig¬
847 1474 1994 1543 fell reizend, auch ohne den Mund zu öffnen, jede Finger¬
136 1500 820 1559 pielsweise die schöne Stelle: „Ich
837 1517 1999 1588 bewegung ein Witz, jeder Blick eine Schnurre, jede
136 1553 822 1611 ein Weidenhüttchen“ in einem
829 1560 2002 1637 Grimasse eine gelungene Parodie, die ganze Figur mit
148 1592 812 1666 n, während diese Stelle doch das
839 1611 1951 1693 dem sauertöpfischen Bocksgesicht der Gipfel der Groteske -
140 1646 813 1717 beele, das verhüllte Geständnis
830 1658 1600 1724 der Gipfel, aber auch die Grenze.
151 1688 819 1761 st. Aber freilich, wenn alles lacht,
917 1700 2007 1772 Man sollte nun glauben, dieser lustige Karneval
163 1731 824 1807 o schädigt das ausdringliche Vor¬
835 1766 2009 1809 würde im flottesten Tempo erledigt werden, in Saus und
170 1778 818 1848 den Gesamteindruck, den dieses
839 1811 2003 1868 Braus vorüberstürmen. Dem ist aber nicht so. Spiel um
144 1799 821 1902 llte. Alles Süße, Holde, Lieb¬
838 1857 2005 1931 Spiel wird von den Darstellern mit äußerstem Behagen
146 1881 819 1951 Dichter begnadete, verliert seinen
833 1919 1998 1974 ausgeführt, und Behagen will sich Zeit lassen, liebt die
156 1935 820 1993 Shakespeare kommt selten zum
831 1969 2004 2018 gemächliche Gangart. Dazu kommt ein anderer Zeit¬
205 1970 812 2051 ganz verstummen, und das
836 1988 1996 2054 verschwender: der Zwischenvorhang. Er bietet den Vor¬
153 2021 625 2102 ans andere Ufer...
837 2050 2000 2111 teil, daß man die Szenen so ziemlich in der vom Dichter
174 2072 811 2145 komischen Rollen werden auf
835 2109 2001 2167 gesetzten Reihe bringen kann, unterbricht aber dafür jeden
147 2130 820 2201 gau Albach=Retty (Maria)
834 2147 1999 2217 Augenblick den Fluß der Handlung, reißt jeden Augen¬
158 2183 829 2255 diegenen Burgtheaterkunst unter
835 2185 2000 2255 blick den Zuschauer aus der Stimmung. Mit Wehmut ge¬
191 2227 821 2295 Schwank= und Possenhaften
835 2237 1992 2302 denken wir einer Vorstellung von „Was ihr wollt“ durch
183 2269 819 2349 und nur ihre köstliche Schilde¬
835 2284 2002 2353 die Meininger, die fast das ganze Stück, ungemein
155 2318 817 2383 rliebtheiten beweist, daß man
841 2331 1994 2391 stimmungsvoll, in derselben Dekoration spielten, den
159 2371 818 2435 ielen kann, auch ohne sich auf
834 2383 1998 2437 ganzen Abend nur zwei Verwandlungen nötig hatten.
145 2411 827 2482 en. Herr Walden in der
831 2433 1993 2492 Im Burgtheater sind es deren fünfzehn oder zwanzig.
138 2460 816 2535 hrt sich wiederum als trefflicher
833 2474 1993 2542 Und der verwünschte Vorhang fällt auch, wenn gar kein
143 2512 817 2577 gleich, doch was nützte ihm all
832 2520 2003 2575 Dekorationswechsel stattfindet, das nämliche Bild wieder¬
152 2565 813 2623 nicht auch Luftsprünge von be¬
831 2568 1993 2623 kehrt, fällt oft, nur um zu fallen, um sein Daseinsrecht
157 2610 807 2664 tagweite auszuführen verstünde.
822 2618 1994 2680 zu behaupten, als Prinzip, gehabt sich förmlich als
156 2655 827 2720 berschwang vermag bloß Herr
827 2666 1991 2730 drimatische Notwendigkeit. Es läßt sich gar nicht be¬
153 2698 817 2774 Malvolio siegreich aufzukommen.
830 2712 2001 2777 schreiben, wie grausam dieser Spielverderber die Harmonie
161 2751 812 2821 komisch, sie bietet auch Stoff
830 2753 2006 2816 des Ganzen zerstört, ein so schön gebautes Meisterwerk
180 2788 812 2858 Charakterstudie, deren dieser
835 2809 1993 2863 zerstückelt und zerhackt. Um dann den Zeitverlust ein¬
171 2842 821 2919 durchaus fähg wäre. Doch
822 2854 1993 2906 zubringen, den er verursacht, haben sich einschneidende
185 2892 812 2955 ein Verstoß gegen den Grund¬
816 2899 1994 2966 Kürzungen als notwendig erwiesen. Die Pfarterszene des
160 2939 1986 3023 wesen. Die Losung hieß: Kari=] Narren mußte zum Beispiel geopfert werden, das Stück
160 2989 1733 3058 Faschingslaune, Narrenfreibeit. ist um einen ganzen Akt kürzer geworden.
2062 196 2552 293 box 32/1
3048 1072 3163 1169 —
2095 1148 3188 1221 Dabei hat man auch diesmal, wie kürzlich bei
2005 1191 3188 1245 Molières „Don Juan“, das Schaugerüste zu vereinfachen.
2020 1253 3193 1312 gesucht. Wir seiern ein Wiedersehen mit den famosen
2008 1297 3189 1354 Rollertürmen. Sie bleiben festgewurzelt, wie auch der
2012 1343 3191 1416 Schauplatz wechselt, stehen jetzt im Freien und jetzt im
2018 1395 3180 1447 geschlossenen Raum, bald als Ausgang, bald als Ein¬
2007 1433 3178 1496 gang dienend, das richtige Entoutcas. Gewechselt wird
2009 1486 3180 1542 immer nur der Hintergrund der Bühne, der Prospekt,
2026 1535 3189 1605 und auch der bleibt fest wie eine Schanze. Ein „durch
2015 1578 3186 1653 die Mitte ab“ gibt es nicht mehr, die Personen treten
2010 1627 3178 1694 in einem fort von der Seite her auf, was auf die Dauer
2023 1675 3195 1732 sehr eintönig wirkt. Auch diese vereinfachte Bühne
2101 1711 3186 1778 eine Rückbildung ins Veraltete, Unfertige, Primi¬
2014 1774 3174 1822 tive. Wenn sie wenigstens den Zwischenvorhang über¬
2022 1813 3184 1875 flüssig machte! Der aber rutscht unermüdlich weiter,
2020 1863 3185 1918 herunter=hinauf, hinauf=herunter. Alle technischen Bühnen¬
2018 1909 3178 1980 reformen, die nicht den blitzschnellen Dekorationswechsel
2011 1961 3180 2023 bei offener Szene ermöglichen, sind keine zwei Heller
2000 1998 3178 2072 wert. Wir haben die Schattenseiten dieser Vorstellung
2014 2063 3178 2131 vielleicht zu stark hervorgehoben. Zum Glück fehlt es nicht
2008 2107 3172 2162 an erfreulichsten Eindrücken. Es ist immer eine Freude, zu
2004 2151 3177 2215 sehen, wie alles mit Leib und Seele bei der Sache ist, die
2013 2205 3171 2266 kleinsten Rollen sich in den bestmöglichen Händen be¬
2014 2232 3185 2318 finden, die Tradition des Hauses überall lebendig nach¬
2007 2300 3185 2363 wirkt. Ganz zum Schluß ein überraschendes Capriccio.
2007 2342 3187 2392 Das Stück ist aus, die Darsteller sind abgetreten, nur der
2005 2389 3178 2457 Narr blieb zurück, um vor dem Souffleurkasten sein
2004 2440 3175 2497 Regenlied zu singen. Da senkt sich knapp hinter ihm eine
2008 2483 3181 2537 feine, durchsichtige Nebelkurtine, auf der nun, während
2007 2528 3179 2596 des Gesanges, die dunkeln Silhouetten der Personen, die
2000 2580 3185 2662 in dem Stück mitgespielt, in Lebensgröße vorübergleiten,
1998 2628 3174 2695 die Liebespaare Küsse tauschend, die beiden Junker er¬
2012 2665 3177 2741 bärmlich zugerichtet, Malvolio ganz allein, splendid
2012 2718 3174 2783 isolation, zuletzt der Narr selbst, sein Narrenzepter
2000 2773 3172 2846 schwingend. Ein köstliches Schattenspiel als Postludium.
2003 2821 3174 2881 Der Einfall ist allerliebst, und dem glücklichen Finder ge¬
2005 2864 3170 2929 bührt alles Lob. Nachdem man schon so viel gelacht, lacht
1998 2928 3172 2979 man wieder und wieder, lacht noch draußen auf der
1990 2960 3181 3024 Straße, und so bewährt sich auch hier das alte Wort:
1992 3008 3161 3092 Wer gelacht hat, muß die Waffen strecken. — X.1
