3344 4352
2136 214 2580 319 box 32/1
259 252 1989 346 26.1. Konoedie der Norte Zyklus
1114 535 1968 627 Oesterte mnseue Morgenzeitung
1282 609 1799 702 und Handelsblatt
1344 677 1725 774 Mähr.-Ostrau
1276 808 1562 915 30 JMN 19 5
1392 897 2122 1000 Komödie der Worte.
1305 985 2196 1054 (Von unserem militärischen Mitarbeiter.)
1254 1048 2241 1125 (Genehmigt vom Preßbureau des Kriegsministeriums.]
1763 1100 2197 1180 Wien, 29. Jänner.
1352 1141 2249 1246 Im Wiener Burgtheater wird gegenwärtig
1272 1213 2248 1283 as neueste Werk unseres Arthur Schnitzler“
1264 1240 2244 1328 „Komödie der Worte“ aufgeführt. Die Worte
1269 1303 2233 1366 werden zur Komödie, die sie sprechen, zu Ko¬
1265 1345 2241 1418 mödianten. Man belügt sich selbst, indem man
1263 1386 2245 1467 die anderen zu beschwatzenglaubt. Aber jede
1268 1449 2237 1513 Lüge hat nur kurze Beine. An die Einakter
1264 1492 2236 1571 von Schnitzler erinnert die Erklärung Lloyd
1268 1548 2236 1606 Georges, die Alliierten seien ebenso fest geeint
1276 1592 2243 1645 wie beim Beginn des Krieges, und sie hätten
1275 1634 2236 1698 nicht den geringsten Zweifel an ihren Sieg.
1279 1696 2251 1745 Will Lloyd George die Welt glauben machen,
1275 1725 2262 1789 daß er auf einer Insel lebt, mitten im Ozean,
1271 1784 2253 1831 wohin keine Kunde von den Ereignissen kommt,
1281 1825 2251 1889 welche die Welt bewegen, auf welcher die Stim¬
1271 1869 2251 1940 men der Völker nicht vernehmbar sind und auch
1272 1913 2253 1982 Zeitungen nicht eindringen können? Hat Lloyd
1285 1963 2246 2016 George von der Uneinigkeit der Alliierten in
1271 2009 2256 2075 Griechenland kein Sterbenswörtchen erfahren?
1272 2057 2257 2144 Sind ihm die Klagen der Franzosen unbe¬
1283 2107 1444 2174 kannt?
1380 2137 2258 2217 Wenn der der Vierverband so einträchtig
1285 2190 2263 2270 zusammenhält, warum führt seine nervöse
1282 2243 2258 2303 Presse eine so aufgeregte Sprache, und sucht ein
1286 2295 2267 2361 Teil die Schuld an den Mißerfolgen auf den
1278 2329 2270 2400 anderen zu wälzen? Im gewöhnlichen Leben
1282 2385 2258 2448 hat man von Einigkeit und Treue andere Vor¬
1290 2429 2261 2494 stellung. Wie sagte doch kürzlich Gustave Hervé¬
1284 2490 2260 2549 „Ich weiß nicht, wie es die Oesterreicher=Un¬
1285 2526 2257 2595 garn und Deutschen machen, aber sie haben im¬
1288 2580 2260 2635 mer Leute, um Offensiven zu ergreifen oder
1290 2619 2266 2682 vielmehr ich weiß es doch: Sie graben sich ge¬
1286 2672 2269 2747 genüber unseren Linien ein, spicken ihre Gräben
1302 2716 2271 2779 mit tausenden von Maschinengewehren, wo¬
1292 2752 2274 2827 durch sie trotz ihrer zahlmößigen Unterlegenheit
1294 2807 2266 2881 immer ein Operationsheer haben, das sie bald
1290 2856 2276 2923 gegen uns bald gegen Rußland, gestern gegen
1287 2905 2284 2968 Serbien und heute gegen Montenegro ansetzen.
1298 2957 2280 3025 So und ähnlich klagt Hervé und aus seinen
1288 3005 2253 3054 traurigen Bekenntnissen muß man logischer
1300 3039 2277 3118 Weise den Schluß ziehen, daß man eben doch
1294 3087 2273 3160 in Frankreich zu erwachen und die Situation
1301 3140 2277 3191 der Verbündeten zu erkennen beginnt. Jean
1302 3189 2285 3245 Moreau aber übt im „Petit Nicis“ scharfe
1293 3214 2273 3283 Kritik an den Verbündeten. Er spricht von der
1291 3273 2284 3342 Riesenlast, welche Frankreich durch den Krieg
1300 3324 2280 3396 zu tragen habe. Wir warten noch immer, sagt
1304 3382 2278 3437 er, auf die von unseren Verbündeten verspro¬
1292 3418 2276 3480 chene volle Mitwirkung. England gibt uns die
1309 3458 2281 3525 Freiheit der Meere aber nicht das nötige Men¬
1302 3515 2280 3574 schenmaterial. Die langsame Mobilmachung
1295 3554 2276 3626 Rußlands hat uns auf den an der Ostfront aus¬
1309 3622 2289 3679 zuübenden Druck warten lassen". Und der
1304 3657 2273 3719 „Temps“ fordert immer dringender die Mit¬
1299 3698 2269 3761 wirkung Italiens in Saloniki. Italien will Va¬
1306 3741 2284 3820 lona halten, stellt das Blatt fest, meint aber zu¬
1311 3791 2281 3862 gleich, daß Italien um diesen Hafen zu vertei¬
1300 3838 2278 3894 digen nicht alle seine Streitkräfte dorthin zu
1309 3878 2289 3950 schicken braucht. Das würde nicht mehr heißen,
1311 3926 2289 3993 in vollkommener Solidarität und inniger Zu¬
1319 3973 2291 4043 sammenarbeit mit den Alliierten (!) handeln.
1402 4017 2295 4084 Inzwischen mehren sich die Friedenskund¬
1318 4069 2290 4138 gebungen in Rußland und Italien. Solche ha¬
1317 4111 2291 4181 ben in den letzten Tagen in Bologna und in
1310 4152 2282 4219 Moskau in großem Umfange stattgefunden und
