3344 4320
491 729 1726 777 gelauert. Die Heirat der Tochter hat den Tag gebracht; Eckold offenbart
488 762 1727 816 sich seiner Frau und schleudert ihr, als sie zum Beweis der Verzeihung
479 809 1723 852 die nach der Irrung vorgefallenen ehelichen Zärtlichkeiten anruft, mit
484 846 1718 890 kaltem, grimmigem Triumph die schändliche Beleidigung ins Gesicht, daß
489 877 1727 938 sie ihm bei jenen Schäferszenen nicht mehr feine Frau, nicht seine
1556 915 1723 963 sondern
485 926 1548 985 Freundin, ja, nicht einmal seine Geliebte gewesen sei,
483 953 1729 1016 höchstens... Klara ist zerschmettert durch die jahrelange Lüge und die
492 1003 1730 1041 ihrer Frauenehre angetane Schmach. Aber auch ihr blüht die Rache.
483 1030 1727 1085 Sie erfährt, daß Eckold irrtümlich Ormin für den Schuldigen hält,
493 1086 1728 1134 seinen Jugendfreund, dessen Ruhm und Erfolge ihn ohnedies mit heim¬
493 1115 1732 1172 lichem Neid plagen, und läßt ihren Gaten bei diesem Glauben in der
492 1141 1728 1189 richtigen Vermutung, daß die Persönlichkeit Ormins den Stachel des
487 1179 1740 1239 Ehebruchs noch vergifte. Eckold wird, nachdem er sein garstiges Mütchen
490 1218 1732 1269 gekühlt, schwankend in seinem Scheidungsentschluß, aber Klara verläßt
490 1268 1736 1315 das Haus auf Nimmerwiedersehen. Der Gesamttitel lautet nicht um¬
486 1295 1734 1343 sonst Komödie der Worte; eine kurze Inhaltsangabe erschöpft die
485 1332 1730 1383 Gedankengänge nicht. Als Bodensatz bleibt jedenfalls eine Empfindung
492 1384 1739 1423 des Ekels vor diesem seelischen Schmutz, vielleicht um so mehr, als er#
498 1414 1736 1473 bei Klara mit edlern Gefühlen überkleistert ist. Gespielt wurde das
500 1453 1737 1501 Stück im Schauspielhaus recht gut von Walter Dysing als
494 1476 1738 1543 Eckold, Margarete Frey als Klara und Paul Senden der indes
487 1520 1735 1574 zu jung in der Maske und auch zu unbedeutend war, als Professor
494 1564 1738 1612 Ornim. Der zweite Einakter: „Große Szene“ ist harmloser und
498 1612 1728 1654 von den drei Stücken das erfreulichste. Sophie, das hübsche, wackere
497 1636 1727 1696 Frauchen des großen Heldenschauspielers Herbot, ist eben zu ihrem
482 1672 1731 1723 liebenden Gatten zurückgekehrt, den sie wegen grober Untreue kurze
497 1727 1735 1763 Zeit verlassen hatte. Als der Bräutigam des Mädchens, mit dem Herbot
493 1751 1729 1800 gefrevelt, Rechenschaft verlangt, drängt Sophie ihren Gatten, nun
490 1800 1730 1839 noch einmal zu lügen, um die unglückliche Sache aus der Welt zu
492 1839 1734 1890 schaffen. Und Herbot lügt, lügt mit allen Schikanen, lügt bald in
492 1863 1735 1913 Brustton des ritterlichen Biedermanns, bald mit Tränen in der Stimme,
493 1898 1738 1958 lügt so erfolgreich, daß der genasführte Bräutigam ihn befriedigt ver¬
495 1953 1734 2001 läßt und Sophie, die hinter dem Vorhang gelauscht hat, sich von
489 1976 1740 2036 ihrem Mann aufs neue lossagt, weil ihr vor solch unerhörter Virtuvsität
493 2014 1735 2065 im Lügen graut. Aber Herbot, der sich unterdessen in das Hamlet¬
494 2052 1738 2103 kostüm geworfen hat, wirbt, einige Augenblicke vor Beginn der Vor¬
502 2084 1731 2146 stellung, so stürmisch um die kleine Frau, daß sie halb gegen ihren
489 2122 1743 2182 Willen bei dem frohlockenden Sünder ausharrt. Ausgezeichnet und
495 2178 1733 2224 mit köstlichem Humor ist der Mime gezeichnet, bei dem wahres Emp¬
497 2210 1743 2271 finden und Komödienantenphrase sortwährend ineinanderfließen, so daß !
493 2236 1742 2290 ihm bei aller eiteln Pose doch noch ein Rest verföhnender Naturburschen¬
491 2277 1733 2338 Naivität verbleibt. Vergleiche den unsterblichen Delobelle. Ernst Gode
501 2326 1736 2376 traf in der Darstellung des Bretterhelden den richtigen Ton und
495 2351 1739 2408 führte die dankbare Rolle mit trefflichem Verständnis durch; mit hoher
494 2400 1740 2447 Anerkennung sind ferner zu nennen: Else Baumbach als Sophie
502 2425 1746 2484 und Walter Korth als komischer Theaterdirektor; die gleichgültige
501 2469 1744 2531 Rolle des betrogenen Bräutigams gab Paul Würthenberger an¬
495 2499 1744 2562 gemessen. Der letzte Einakter: „Das Bachusfest“ ist recht matt.
496 2532 1743 2600 Ein junger Sportsmann hat mit der Frau eines Dichters geliebelt,
507 2586 1742 2635 während dieser in der Einsamkeit ein Drama verfaßte. Die beiden
507 2611 1742 2677 wollen ihre Liebelei durch nachfolgende Ehe legitimieren und erwarten
504 2668 1733 2712 am Bahnhof den Dichter, um ihm ihren Entschluß kundzutun. Der
500 2689 1743 2755 überlegen schlaue Dichter wittert den Braten, läßt in scheinbar jovialer
505 2745 1745 2789 Laune die beklommenen Leutchen gar nicht zu einem Geständnis kommen
505 2776 1751 2824 und führt ihnen durch die Blume, durch ein Gleichnis aus seinem
504 2816 1744 2859 antiken Drama: Das Bachusfest, dessen flaue, gequälte Geistreichelei aus¬
504 2845 1750 2910 führlich darzulegen nicht verlohnt, die Torheit ihres Beginnens zu
510 2882 1740 2945 Gemüt. Der Sportsmann zieht ab ine ein begossener Pudel, die Gatten
511 2927 1744 2982 bleiben zusammen in haßvermischter Liebe. Die Moral des Stückes
503 2966 1740 3019 hält die goldene Mitte zwischen der Ethik eines Zuhälters und der eines
503 2994 1752 3056 anständigen Mannes. Bei der Auffühung im Schauspielhaus war das
516 3011 1753 3099 Treiben auf dem kleinen Bahnhof sehr nett in Szene gesetzt, im übrigen
513 3072 1752 3141 war sie verfehlt. Der Sportsmann ist ein Flachkopf, ein korrekter,
514 3104 1748 3164 nüchterner Dutzendmensch; Georg Kiesau machte aus ihm ein derb
513 3129 1758 3200 komisches Zerrbild im Stile des aus Possen bekannten schüchternen
510 3186 1753 3238 Kandidaten. Dadurch wird der Fehltritt der Frau des Dichters, einer
510 3237 1755 3274 keineswegs auf den Kopf gefallenen Dame, vollends unbegreiflich; Lotte
521 3266 1752 3317 Klinder spielte die Rolle demgemäß ziemlich farblos. Richard
515 3307 1752 3349 Aßmann unterstrich durch sein Minenspiel und dämonisches Augen¬
508 3343 1758 3386 rollen zu aufdringlich den Doppelsinn der selbstgefälligen Redereien
518 3368 1761 3416 des Dichters; solcher Winke mit dem Zaunpfahl bedarf es kaum. Der
519 3411 1751 3480 Beifall des Publikums galt hauptsächlich dem zweiten Stück, der
499 3453 843 3523 „Großen Szene“.
2272 266 2795 349 teschenungase dane Gerant.
2378 328 3036 406 Kölnische Volkszeitung
1978 373 2376 442 Ausschnitt aus:
2526 390 2897 477 Köln a. Rh.
2137 428 2407 520 180K1 1975
1968 481 2141 538 vom:
2259 565 2830 624 Theater und Konzerte.
1980 607 3163 677 — Kölner Schauspielhaus. Gestern war im Schauspielhaus
1941 663 3151 705 großer Wäschetag. Drei Parteien wuschen coram populo — am
1944 697 3157 743 Waschtrog stand Hr. Arthur Schnitzler — ihre schmutzige
1943 739 3155 806 Wäsche ein Arzt nebst Frau Ge#chauspieler=Ehepaar
1944 780 3153 828 und ein Schriftsteller mit Frau und zugehörigem Liebhaber. Sie
1942 810 3154 856 alle laufen, mit Ibsen zu sprechen, mit der Lebenslüge einher,
1950 855 3152 886 alle haben, wieder modern zu reden, die Ehefessel durchbrochen,
1945 895 3157 947 in einem Falle schon vor zehn Jahren. „Unser Liebesleben,“ sagt
1937 938 3152 988 der einzig gesunde Mann, der, Schriftsteller, „ist getrübt, ja ver¬
1938 974 3158 1029 giftet von üge und Selbstbetrug, von Eifersucht und Angst, von
1950 1010 3162 1067 Frechheit und Reue.“ Auch das ist ibsensch, daß wir nur die
1943 1054 3159 1097 letzten Szenen, gleichsam die Bilanzabrechnungen erleben und das
1940 1092 3148 1142 vor der Gegenwart Geschehene nur erzählt bekommen. Es sind ge¬
1943 1129 3158 1184 wissermaßen Novellen, die von hinten anfangen. Seien wir froh
1939 1164 3146 1207 dieserhalb, denn Erfreuliches und Erhebendes ist es nicht, was uns
1955 1200 3152 1246 sonst auf der Bühne gezeigt würde. „Aber Schnitzler hat uns doch
1948 1244 3145 1282 immer etwas zu sagen!“ Hat er? Ist es wirklich so interessant zu
1950 1273 3155 1322 wissen, mit wem Frau Dr. med. Karl Eckold vor zehn Jahren
1944 1307 3145 1368 ihren Gatten betrog, ob es der Prof. Ormin war oder der Schriftsteller
1950 1358 3154 1401 Flöding? Zumal wo dem armen Publikum von dem Lügengeschwätz
1946 1401 3142 1443 so dumm im Kopf wird, daß es am Schlusse die Frage selbst kaum
1952 1439 3151 1486 beantworten kann? „Aber spannend sind diese Sachen!“ Auch ein
1943 1469 3156 1533 Kolportageroman kann spannend sein; allerdings ist zuzugeben,
1942 1503 3149 1550 daß es Schnitzler versteht, einen Dialog zu bauen, daß er alles
1953 1553 3142 1609 sagen kann, ohne direkt unanständig zu werden, daß er oft amüsant,
1950 1595 3148 1646 mitunter geistreich sein kann, und er könnte in diesem Falle darauf
1953 1636 3151 1667 hindeuten, daß er in den drei Einaktern doch nur eine Komödie
1945 1665 3155 1715 der Worte habe schreiben wollen. Das alles zugegeben; aber ist
1953 1704 3153 1767 das die Aufgabe der Bühne, und gerade in jetziger Zeit, in der
1947 1751 3152 1785 gesunde kräftige Kost statt der Krankensuppen verabreicht
1941 1791 3153 1845 werden sollte. Und das Denken all dieser Personen ist doch patho¬
1952 1815 3192 1877 logisch oder nur so, wie es Hr. Schnitzler zu seinen 1
1950 1916 3153 1966 Wortkomödien gerade gebrauchen konnte, um zu blüffen.
1957 1952 3151 2009 Das Goethesche Rezept für den Dichter, die Menschen
1957 1990 3150 2034 zu verwirren, hat er getreulich befolgt. Frau Eckold gesteht dem
1957 2034 3144 2084 sich verabschiedenden Professor Ormin, daß sie ehemals die Seine
1949 2073 3150 2114 nicht habe werden können, weil sie ihn geliebt habe; sie war also
1953 2109 3155 2161 nach ihrer Logik in die Notwendigkeit versetzt, ihren Gatten mit
1944 2146 3151 2196 einem anderen zu betrügen! Dr. Eckold sah alles kommen, und
1960 2182 3144 2226 sein einziges Streben in dieser Sachlage war, ihr in dem Ehe¬
1945 2222 3152 2269 bruch zuvorzukommen!! Und noch heute, nach zehn Jahren, freut
1945 2268 3148 2318 er sich dessen! Sind das noch normale Menschen? Jetzt, nach der
1941 2302 3155 2357 Verheiratung ihrer Bettine, hält er es für unumgänglich, sich
1945 2343 3151 2382 mitten in seiner konventionellen Lebensführung von der vor einem
1947 2375 3154 2422 Jahrzehnt Ungetreuen zu scheiden. Die Sache wäre reichlich
1951 2418 3147 2461 banal, wenn Schnitzler nicht das schon angedeutete Spiel mit der
1942 2459 3155 2507 Person des Zerstörers des ehelichen Glückes ausführte. Dieser
1941 2499 3154 2551 Stunde des Erkennens — auch nur ein Wort — folgt die
1953 2534 3160 2576 Große Szene die zwischen dem Schauspieler Konrad Herbot,
1940 2574 3159 2607 Edgar Gley, (dessen Braut jener verführt hat), Frau Herbot
1937 2617 3146 2665 und dem Theaterdirektor sich abspielt. Frau Sophie ist ver¬
1951 2652 3162 2716 zeihend zu Herbot zurückgekehrt; nur einmal noch soll er lügen
1941 2690 3157 2737 und Komödie spielen, als Edgar Gley ihm seinen Verdacht vortragt.
1941 2725 3148 2780 Aber diesen Augenblick hat Herbot vorausgesehen und sein Verhalten
1947 2767 3150 2804 mit der Verführten besprochen, worüber Frau Sophie so sehr in
1948 2804 3151 2861 Aufregung gerät, daß sie von neuem fort will. Das ist ziemlich
1941 2850 3154 2906 unbegreiflich, aber Schnitzler braucht das Verhalten zu weiteren
1950 2878 3148 2940 Effekten. So macht sich überall etwas Unnatürlich=Gekünsteltes
1945 2919 3152 2973 bemertbar. Ist diese dankbare Charakteristik des aufgeblasenen
1945 2959 3151 3003 Schauspielers auch nicht neu, so ist sie doch dank des witzigen
1953 2995 3143 3044 Dialogs am fesselndsten unter diesen Skizzen; am schwächsten
1949 3035 3139 3079 wirkte die letzte, Das Bacchusfest, in dem die Frau des Schrift¬
1954 3077 3138 3119 stellers Staufer mit ihrem Geliebten Dr. Wernig ihren Mann auf
1953 3117 3147 3170 dem Bahahof zurückerwartet, um ihm zu sagen, daß das Schicksal
1951 3152 3146 3210 sie fürder für den Dr. Wernig bestimmt habe! Aber Staufer, der
1941 3198 3151 3251 die Sachlage im voraus durchschaut, läßt die beiden gar nicht zu
1942 3231 3143 3278 Wort kommen und zieht seine Frau wieder zu sich zurück. Er
1943 3275 3148 3329 erzählt ihnen von den Baechanalien, die er in einem neuen Werk
1948 3310 3141 3356 symbolisch verwerterhahe. Auch hier sind es Worte, mit denen
1956 3348 3156 3416 sich in der Lebenswirttichee wohl kaum eine Wirkung erzielen
1949 3385 2067 3434 ließe.
1982 3397 3148 3483 Die Aufführung hielt sich unter ve. Leitung des Herrn Kiesau
1949 3460 2821 3517 auf anerkennenswerter Höhe. Herr Dysing s###
1945 3469 3144 3539 und eitlen Argt plausibel, der Prof. Ormin des kalt ehrgeizigen
1956 3513 3150 3585 war nicht zu auforinglich; Frau Freys Klara Eckold U. Senden
1960 3545 3154 3627 großenteils unter schwerer Verständlichteit. In anderen Thealder
1951 3602 3159 3659 wurden die drei männlichen Hauptpersonen von einem Darsteller“
1960 3634 3155 3702 gegeben. Bei uns hatten Herr Gode den Schauspieler und Herr
1954 3665 3167 3748 Atmann den Schriftsteller übernommen. Der erstere blieb der
1957 3711 3160 3773 genialen Fahrigkeit des Komödianten etwas schuldig; er müßte
1964 3751 3161 3818 jede Spur von Nüchternheit abstreifen. Frl. Baumbach schattierte
1951 3791 3162 3844 die Rolle seiner Frau Sophie mit Glück ein wenig ins Wienerische.
1953 3825 3165 3887 Herr Würthenberger umgab den Edgar Gley mit steif kondentio¬
1957 3866 3166 3926 neller Korrektheit und Herr Korth war ein unterhaltsamer Theater¬
1955 3905 3167 3963 direktor. Im letzten Einakter stand dem gesunden, so gar nicht
1964 3932 3165 4005 nach Wiener Kaffeehaus; riechenden Schripsteller Staufer des
1958 3980 3185 4045 Herrn Aßmann Frl. Klinder als Frau gegenüber, während Herr ###
1963 4020 3169 4086 Kiesau den Dr. Weing reichlich jungenhaft zeichnete. Wo dieser!
1961 4058 3163 4124 Nawling den Doktortitel herhatte, mochte Gott wissen. Die Auf¬
1999 4101 3164 4146 „ #as aesten Stückes war ziemlich kühl, das zweite entfesselte
