3344 4320
2090 185 2549 285 box 32/8
229 189 1940 293 26.1. Konoedie der Norte Zyklus
656 446 1179 576 Abtodspoet Wian
532 539 990 660 X 11.00.
1943 557 2289 703 GRATS
2296 654 2523 763 ##. Aler
476 688 1507 789 Im Burgtheater beginnt die Samstag stattfindende
1892 696 2067 809 Naiez
334 739 1258 820 Aufführung von „Peer Gynt“ um ½8 Uhr.
2063 747 2251 846 .0KT
1300 774 1514 829 Sonntag
2287 751 2451 862 935
332 782 1216 856 nachmittag wird die Jubiläumsvorstellung
1234 815 1502 866 von Georg
336 827 1506 892 Reimers, das Lustspiel „Der Schwan“ von Franz
1690 835 2876 938 * Im Akademietheater findet heute die Premiere
335 858 1505 933 Molnar, mit dem Künstler als Pater Hyazinth zu kleinen
330 900 1493 980 Preisen wiederholt. In den übrigen Hauptrollen sind Hedwig
1647 922 2867 986 eines Schnitzler=Abends stat mit des Dichters.
323 937 1498 1019 Bleibtreu, Tini Senders, Rosa Albach=Retty, Alma Seidler
1657 962 2870 1046 „Komödie der-Worte“. Die männlichen Hauptrollen
333 980 1500 1053 sowie Fred Hennings unt Ulrich Bettac beschäftigt. Der
330 1021 1501 1090 Beginn dieser Vorstellung ist 3 Uhr. — Im Akademie¬
315 1051 1507 1127 theater findet Freitag die Premiere eines Schnitzier¬
329 1092 1183 1157 abbends statt, der des Dichters „Komö##
1657 1088 2868 1157 spielt Ewald Balser, in den übrigen Rollen sind Auguste Pün¬
1362 1118 1490 1165 mute“
319 1137 1506 1194 zum erstenmal in diesem Theater zur Aufführung bringt.
1658 1159 2866 1210 kösdy, Philipp Zeska, Wilhelm Schmidt und Ulrich Bettac be¬
325 1171 1506 1243 Die drei männlichen Hauptrollen spielt Ewald Balser, in
1663 1203 2903 1283 schäftigt. Die Regie führt Herterich, die Bühnenbilder sind von
325 1209 1499 1267 den übrigen Rollen sind Auguste Pünkösdy, Mavia Mayen,
332 1245 1499 1318 Hilde Wagener, Franz Höbling, Philipp Zeska, Wilhelm
1648 1246 1952 1308 Willi Bahner.
331 1282 1501 1357 Schmidt und Ulrich Bettac hervorragend beschäftigt. Die
327 1315 1497 1405 Regie führt Franz Herterich, die Bühnenbilder sind von
319 1354 683 1434 Willi Bahner.
486 1478 851 1550 Ausschnitt, aus:
704 1509 1331 1631 Nedes Wier u Büsez Kat, An 100
2130 1554 2280 1656 GR.
1990 1627 2756 1748 österr. Ahendetg. Wien
485 1676 1177 1800 vom: 17. 0KT. 1935
2106 1788 2530 1909 1.0KT. 1935
297 1804 1435 1934 Seute Schnitzler=Abend im Akademie¬
1929 1880 2796 1994 * Im Akademietheater findet heute die Pre¬
752 1918 1027 2021 theater.
1890 1956 2783 2037 miere eines Schnitzler=Abends statt, der
1901 1998 2784 2074 des Dichters „Komödie der Worte“ zum ersten
374 1976 1500 2073 Im Akademietheater findet heute die Premiere eines
1895 2041 2789 2106 Male in diesem Theater zur Aufführung bringt.
275 2052 1503 2106 Schnitzler=Abends statt, der des Dichters „Komödie der
1891 2083 2786 2149 Die drei männlichen Hauptrollen spielt Ewald
275 2108 1507 2173 Worte“ zum erstenmal in diesem Theater zur Aufführung bringt.
1899 2130 2784 2190 Balser, in den übrigen Rollen sind Auguste Pün¬
278 2149 1507 2218 Die drei männlichen Hauptrollen spielt Ewald Balser, in den
1904 2169 2794 2229 kösdy Philipp Zeska, Wilhelm Schmidt und
1899 2187 2798 2284 Ulrich Bettac hervorragend beschäftigt. Die Regie
265 2209 1514 2271 übrigen Rollen sind Auguste Pünkösdy, Philipp Zeska, Wilhelm
1898 2242 2796 2318 führt Franz Herterich, die Bühnenbilder sind
276 2233 1506 2317 Schmidt und Ulrich Bettac hervorragend beschäftigt. Die Regie
1904 2295 2266 2349 von Willi Bahner.
267 2306 1451 2379 führt Franz Herterich, die Bühnenbilder sind von Willi Bahner.
375 2575 1263 2680 CAIINOS IN OSTERREICH
484 2653 1176 2722 BadenSalzburg Semmering
376 2696 1249 2753 Roulette — Baccara — Chemin de fer
2076 2729 2359 2840 Barkag.
372 2751 1182 2830 Österreichische Casino A.
378 2813 1264 2870 Wien III, Schwarzenbergplatz 5a
2103 2860 2588 2983 120kl. 935
358 2914 1204 3005 „OBSERVERTGRATIS
610 2988 1251 3050 I. österr. behördlich konzessioniertes
609 3043 1251 3088 Unternehmen für Zeitungs-Ausschnitte
615 3072 1251 3117 Wien I, Wollzeile 11, Telephon R-23-0-43
2017 3040 2767 3182 ORENIRE NAu GE 2%,
2430 3114 2573 3183 en
1953 3224 2530 3328 „Komödie der Worte“
370 3230 1097 3340 Ausschnitt aus: Df läg. Mar
2223 3294 2806 3394 im Akademietheater
1955 3369 2825 3443 Schnitzlers „Komödie der Worte“ bewährte
560 3361 1030 3475 11. 0KT. /935
1913 3419 2826 3496 zwanzig Jahre nach ihrer Uraufführung im
367 3448 538 3537 vom:
1922 3460 2826 3543 Burgtheater nun auch im Akademietheater
1920 3512 2824 3571 ihre blendende Wirkung aus Eros, Ironie
1929 3557 2828 3609 und Melancholie. Balser zeigte in den drei
336 3565 937 3643 Premiere im Akademietheater.
1930 3588 2820 3657 Einaktern seine schauspielerische Gestaltungs¬
428 3608 1247 3700 Im Akademietheater findet heute (Freitag)
1929 3638 2827 3703 kraft von drei verschiedenen Seiten und über¬
330 3682 1243 3749 die Premiere eines Schnitzler=Abends statt, der
1921 3678 2830 3737 zeugte jedesmal. Die drei Frauen wurden
338 3704 1243 3789 des Dichters „Komödie der Wonte“ zum ersten¬
1927 3729 2819 3781 von Maten, Wegener und Pünkösdy gespielt.
1921 3776 2832 3842 Ausgezeichnet auch Bettac als Mann ohne
353 3765 1245 3838 mal in diesem Theuter zur Aufführung bringt.
1928 3813 2833 3874 Bedeutung. Über die Aufführung, die großen
344 3815 1257 3900 Die drei männlichen Hauptrollen spielt Ewald
1926 3868 2761 3937 Beifall fand, soll noch gesprochen werden.
346 3866 1244 3955 Balser, in den übrigen Rollen sind Auguste
2602 3889 2793 3961 o. m. f.
355 3912 1251 3990 Pünkösdy, Philipp Zeska, Wilhelm Schmidt und
352 3960 1254 4048 Ulrich Bettac hervorragend beschäftigt. Die Regie
354 4015 1254 4091 führt Franz Herterich, die Bühnenbilder sind
347 4078 730 4148 von Willi Bahner.
