3344 4224
2038 164 2504 275 box 32/3
182 181 1902 273 26.1. Konoedie der WorteZuklus
1014 840 2714 928 586 fhimimhhninmhnnsstczunimmnnmmmnmnmtrinr inmm Friedrich Düsel: Mnmmmmmmmmemmmmmmmmmmmmmmmmmmmmmimmn
1015 954 2711 1016 gen Argwohn einlullende Komödie vorspielt, seln geneigt war. Auf dem Theater freilich
1852 993 2715 1062 machte gerade dies Stück, das mittlere der
1028 1006 1859 1069 eine wahre Teufelsmischung aus Verstel¬
1026 1045 2724 1104 lung, halber Wahrheit und abgefeimtem drei, das Glück des Abends. Basser¬
1030 1115 2726 1159 Betrug. Seine Frau, die aus dem Neben= mann als der große Mime Konrad Herbot,
1870 1145 2712 1206 dem die andern eigentlich nur die Stich¬
1030 1152 1874 1216 zimmer alles mit angehört hat, ist angeeielt
1869 1191 2717 1252 worte bringen, hatte wirklich seine „große
1027 1203 1850 1263 von diesem Menschen, dem Liebe, Betrug,
1867 1249 2719 1309 Szene= und war bei allem routinierten
1032 1250 1865 1308 Mord in der Wirklichkeit nicht schwerer wie¬
1876 1293 2715 1348 Theaterschmiß von einer zuweilen geradezu
1020 1298 1864 1358 gen, als wenn sie in einer seiner Rollen
1874 1343 2720 1424 rührenden, hinreißenden Jungenhaftigkeit
1027 1348 1852 1410 stünden.Ein Mensch — er? Ein toll¬
1875 1397 2381 1459 voller Laune und Feuer.
1029 1393 1864 1463 gewoordener Hanswurst, der, wenn's sich
1916 1421 2707 1518 „Das Bacchusfeste: eigentlich nur
1022 1440 1866 1511 einmal so fügt, auch bereit ist, einen Men¬
1871 1485 2713 1554 noch ein Füllsel, eine Zugabe. Ein nach
1034 1499 1858 1563 schen zu spielen — aber kein Mensch.=
1883 1540 2715 1601 sechswöchiger Abwesenheit aus der Sommer¬
1021 1545 1861 1615 Sie will von ihm, für immer — aber da
1877 1592 2721 1655 frische heimkehrender, geistig und körperlich
1032 1593 1859 1666 liegt er vor ihr auf den Knien, flehend, bet¬
1877 1640 2727 1708 gleich überlegener Schriftsteller holt sich mit
1032 1648 1863 1719 telnd: nur wenn sie da sei, könne er heute
1873 1687 2721 1759 ein paar bald kalten, bald heißen Hieben
1032 1695 1861 1762 abend den Hamlet spielen. Und sie ver¬
1873 1741 2723 1796 siegesgewisser Dialektik seine Frau — ein
1034 1757 1859 1812 gibt ihm, dem großen Kinde, dem unver¬
1873 1798 2717 1854 rechtes Gänschen übrigens — aus der
1031 1793 1869 1862 antwortlichen Jungen. Was anders sonst
1882 1838 2726 1907 sommerlichen Dummen=Jungen=Zärtlichkeit
1040 1838 1869 1906 als unendliche Güte und Liebe einer Frau
1883 1898 2723 1951 eines Sportsmannes zurück und schickt ihn
1033 1889 1860 1948 könnte sich eines solchen Unverbesserlichen
1867 1938 2724 2002 selbst mit der antiken Anekdote von dem
1038 1941 1867 1991 erbarmen? ... Es fragt sich nur, ob dies
1036 1985 1865 2051 Bild des Schauspielertums wirklich noch
1883 1988 2727 2043 Bacchusfest, das jungen liebebedürftigen
804 2010 981 2107 114
1881 2035 2722 2095 Leutchen wohl ein einmaliges freies Bei¬
1037 2039 1867 2109 seine Heimat im Reiche der Kunst, also doch
1884 2085 2715 2151 einander gewährte, für das zweite Mal
1033 2090 1875 2158 eines menschlichen Höhenreiches, hat, wie
727 2096 1009 2200 Kbur dx
1888 2133 2726 2191 ihnen aber nur die Wahl zwischen Tod
1032 2138 1872 2209 Schnitzler meint und will, oder ob es dem
1875 2185 2725 2243 oder — ewiger Vereinigung vergönnte, mit
1034 2199 1863 2252 verstaubten und verkommenen Komödianten¬
1878 2234 2717 2299 dem nächsten Eilzug nach Paris ... Hier
1034 2236 1866 2296 tum angehört, einer Zeit, wo man Genie
1873 2284 2719 2341 haben Worte einmal das drohende Gewitter
698 2280 1860 2382 ## mit Erbärmlichkeit und Unreife zu verwech¬
1879 2339 2718 2394 vertrieben und die Situation gerettet. Dafür
1873 2398 2721 2449 aber — und das ist der besondere Fluch
1875 2423 2723 2484 dieses auch durch Bassermanns Fechter¬
1878 2477 2722 2539 gewandtheit nicht zu rettenden Stückes, wie
1869 2527 2730 2595 es das Verhängnis der ganzen Dreiheit ist
1930 2581 2725 2641 bleiben es auch wirklich nur Worte. Mit
1869 2633 2725 2685 den Künsten eines geistreichen, eben nur
1881 2681 2729 2742 dem Augenblick genügenden Dialogs ist Ver¬
1868 2734 2718 2788 dienst und Wirkung dieser Stücke erschöpft.
1869 2765 2726 2838 Sobald man von ihnen weg wieder dem
1876 2825 2726 2882 Antlitz der Zeit gegenübertritt, kommt etwas
1877 2875 2723 2935 wie Scham über einen, daß man sich auf
1875 2930 2732 2992 ihrem schwanken Kahn auch nur für ein
1878 2975 2740 3048 Stündchen aus der großen Wirklichkeit hat
1882 3029 2222 3088 entführen lassen.
1929 3068 2726 3125 Vor Rudolf Presbers und Leo
1883 3113 2733 3192 Walther Steins neuem Lustspiel =Die
1876 3178 2731 3238 selige Exzellenze geht es einem nicht
1885 3222 2725 3275 anders. Ein hübscher und ertragversprechen¬
1892 3266 2727 3326 der Theatereinfall, den begabten und ein¬
1894 3318 2729 3383 flußreichen Minister, der sie alle am Bändle
1892 3367 2732 3420 hatte, auch nach seinem Tode weiter die
1887 3419 2731 3472 Fäden der Hofgeschicke lenken zu lassen, in¬
1475 3446 1879 3490 Auln. Zunder & Labisch. Berlin
1898 3467 2733 3524 dem seine vertraute Freundin Frau von
1040 3486 1876 3533 Albert Bassermann (Konrad Herbot) und Else
1889 3518 2723 3588 Windegg (mit Hilfe eines versiegelten Kon¬
1053 3521 1875 3584 Bassermann (Frau Sophie Herbot) in Schnitzlers
1116 3574 1826 3634 Einakter =Große Szene= (Lessingtheater)
1886 3566 2739 3643 versationslexikonbandes) aus seinem Nach¬
