3344 4320
1917 195 2473 304 box 32/6
148 239 1851 312 26. 1. Kongedie der-orte— Zyklus
1473 1035 1741 1117 kE
1160 1098 2002 1186 SIAPLICISSIAUS
1966 1163 2033 1210 —
1163 1164 1862 1220 DIREKTION: KARUMOL
1169 1200 2032 1275 I. WOLLZEILE SL TELEFON 78-4-34
1201 1268 1969 1316 ROLF RONAV konferlert im Oktober:
1166 1309 1919 1389 IEse BOISIHUOCBETTAU
1172 1373 2022 1435 ROSL BERNDT IMIZZI BRESZEL
1204 1429 2025 1486 MANZ HÖEER 1 FAUL TÖERSTEN“
1167 1477 2036 1543 oser Wobau. HAHIRA OGFTROVAI undta arcorurr
1170 1537 2028 1625 Tarteninalien Katenbursen u. 4. Tresterre. I. Welrsis 24
1796 1587 2016 1673 2b 17 Uhr
1174 1620 1384 1675 Ab 11 Uhr
1436 1612 1781 1662 SIMPL-DIELE
1396 1654 1815 1704 Leitung: Rolf Ronay
1380 1681 1843 1737 COLUMBIAN-JAZZ
1173 1710 2010 1786 aus der britischen Reichsausstellung in Wembley
1673 1761 1987 1818 Zivile Preise!
1222 1766 1492 1824 Eintritt frei!
1418 1766 1772 1831 und WEIDE kocht!
1626 1856 1977 1940 Uhr früh!
1239 1829 1620 1962 nene u
1178 2001 2007 2107 „Komödie der Worte.“
1348 2070 1859 2164 Modernes Theater.
1235 2140 2060 2221 Wiedersehen mit dem neuen alten
1140 2199 2072 2265 Schnitzler, der die drei Einakter der „Komödie
1153 2241 2067 2311 der Worte“ schrieb. Sie haben ihre Grenzen
1158 2286 2058 2341 wie alles Lebende, aber sie sind innerhalb dieser
1158 2329 2063 2386 Grenzen voll Noblesse des Herzens, Kultur des
1145 2376 2061 2431 Geistes und Witz der Lebensklugheit. Schnitzlers
1154 2395 2072 2478 Relativismus wird zwar nicht zu neuer
1148 2457 2067 2513 Lebensform ein Führer sein, aber er zeigt der
1148 2498 2066 2569 Gesellschaft von heute, sie erheiternd dennoch
1153 2526 2063 2600 den lügnerischen Grund, auf dem sie steht, ihre
1152 2595 2065 2641 ewige Komödie der Worte ohne Erlebnis. Er
1943 2622 2065 2691 seine
1162 2627 1894 2696 steht innerhalb dieser Gesellschaft
1157 2664 2076 2742 Grenze —, aber er steht auch außerhalb von
1151 2715 1741 2789 ihr, über ihr — sein Wert.
1260 2728 2078 2811 Arnold Korff, aus Amerika heim¬
1161 2802 2078 2867 gekehrt, spielt Schnitzler schnitzlerhaft, wiene¬
1159 2840 2078 2911 risch, mit dem Klima der Gestalten, aber auch
1167 2889 2080 2943 mit ihren Wurzeln. Er spielt sie transparent,
1157 2934 2082 2984 nicht zähe an der Oberfläche klebend, er spielt
1165 2976 2063 3035 ihr inneres Sein und ihren Widerspruch
1160 3008 2065 3080 gegen sich selber und zugleich ihre Ironie über
1166 3057 2072 3111 das Fühlen des Widerspruchs, er spielt dieses
1161 3117 2110 3167 Gegeneinander und Ineinander, dieses ver¬
