3392 4320
2137 174 2602 262 box 3275
1251 189 1314 254 N
287 176 1995 269 26.1. Konediederorte—Zyklus
1547 1546 2461 1685 Theater und Kunst.
1445 1674 2675 1744 (Renaissancebühne.) Mit der Neuinszenierung der drei
1322 1723 2550 1799 unter dem gemeinsamen Titel „Komödie der Worte“
2559 1738 2659 1796 zu¬
1314 1777 2674 1839 sammengefaßten Einakter ArturS#### erfreut uns jetzt
1331 1820 2658 1885 Harry Walden, der damit zugleich an seine frühere Burg¬
1325 1871 2654 1953 theatertätigkeit in scharmantester Weise erinnert. Er spielt die
1326 1927 2655 1974 drei Hauptrollen wieder mit der bezwingenden Liebenswürdig¬
1325 1976 2656 2046 keit und sieghaften Frohlaune des unbekümmerten Genuß¬
1323 2026 2658 2085 menschen und gewinnt auch hier, in seinem Theater, die Sym¬
1322 2071 2672 2124 pathien der Zuhörer im Nu, wie früher im Theater am
1314 2127 2662 2182 Franzensring. Im ersten Stück „Stunde des Erkennens“ trat
1393 2164 2083 2234 nach einer Reihe von Jahren
2153 2174 2657 2244 Frau Frieda Wagen,
1316 2220 2666 2285 seine reizende Gattin, als Schauspielerin auf, bewährte sich
1322 2269 2665 2343 wieder als kluge und feinsinnige Sprecherin und war ihm
882 2256 946 2332 E
1316 2319 2653 2389 eine taktvolle Spielpartnerin. In der „Großen Szene“ sekun¬
1311 2353 2665 2436 dierte ihm die bildschöne und spielgewandte Lola Kneidinger
1309 2432 2659 2495 auf das Wirksamste. Die Herren Victor Franz, recht humor¬
1320 2466 2668 2522 voll als Direktor Frank, und Hans Wengraf (Gley), ein
1314 2508 2658 2582 junger, zweifellos sehr begabter Schauspieler, belebten das
1326 2565 2669 2627 Spiel. Im letzten Akt „Das Bacchusfest“ interessierte neben
1316 2612 2666 2685 Harry Walden Frl. Nora Herbert durch den Charme ihrer
1316 2652 2670 2737 Darstellung und den Reiz ihrer Erscheinung. Hier wirkte auch
1310 2690 2684 2803 Herr Mauth (Bahnhofportier) sehr belustigen18
