3344 4384
312 900 405 1001 *
308 1445 412 1516 4
339 339 476 436 O
1416 332 2190 446 ∆ SPORT & SALON &=
1783 433 3145 523 ein Teil der Arzte trennt sich von ihrem Chef. eine Fürstin
694 461 1521 572 Münchner Theatenbrief.
1775 490 3147 569 legt das Protektorat nieder, in der Kammer wird der Minister
506 555 3145 631 Dn Werke Arthur Schnitzters beherrschen diesen interpelliert und. obwohl persönlicher Freund Bernbardis.
442 608 3149 679 Winter das Repertoirlfast aller großen Münehner Bühnen. brantragt er selbst die gerichtliche Untersuchung gegen
1790 665 2533 731 diesen wegen Religionsstörung.
438 649 1809 727 Nach dem absoluten Erfolg seiner „Komödie der Worte:
1847 678 3145 779 Bernhardi, von einem getauften Correligionär bei der
423 710 1785 779 im Königlichen Residenztheater und nach dem „Ein¬
1798 738 3143 815 Verhandllung vertreten und lan verteidigt. wird trotz der
431 773 1792 830 samen Weg“ in den Kammerspielen bot uns das
1781 798 3153 870 entlastenden Aussage des Priesters zu zwei Monaten Ge¬
430 809 1795 882 Münehner Schauspielhaus die Neuinszenierung von
1788 839 3163 912 füngnis Verurteilt. Und scedel ist die Seele diesee Priesters.
452 871 1793 929 Schnitzlers Professor Bernhardi“. Der Autor nennt
1785 912 3153 956 daß er nach der Erteilsfällung selber zu Bernhardi kommt.
436 919 1794 978 sein Stüek eine Komödie, aber im Grund genommen handelt
1789 943 3147 1018 „Sie haben nach Ihrer menschlichen Überzeugung gehandelt,
431 961 1783 1012 es sich um ein sehr ernstes Werk. Die Lektüre des Pro¬
1786 1009 3158 1058 es drängt mich. Ihnen zu sagen, daß ich Sie verstehe, daß
430 1006 1785 1082 gramms allein schon könnte oberflächliche Geister nach¬
1795 1041 3161 1118 Sie vielleicht recht hatten. Mein Gewissen veranlaßt mich
436 1046 1794 1117 denklich stimmen. In fünf Akten 21 Männerrollen, nur
1787 1087 3169 1152 zu diesem Schritte; ein Abgrund liegt zwischen Ihnen und
442 1105 1783 1182 eine einzige Frauengestalt, und das ist die, blasse Episoden¬
1797 1142 3156 1212 mir, lassen Sie mich Ihnen aber. über diesen Abgrund hinweg.
437 1155 1325 1250 rolle einer kleinen Krankenschwester.
1790 1182 3161 1253 die Hand reichen!“ Die hohe. milde christliche Güte, die
508 1189 1789 1256 Arthur Schnitzler führt uns in ein Privat-Sanatorium
1797 1243 3152 1310 hier in der Gestalt des Geistlichen zum Ausdruck kommt,
431 1258 1786 1324 ein. welches unter dem Kuratorium einiger mächtiger Stadt¬
1797 1301 3142 1353 bildet einen schroffen Gegensatz zu der kalten, sich über¬
435 1298 1800 1383 größen steht und der leidenden Menschheit im vollsten
1797 1339 3159 1405 hebenden Weise des Gelehrten. der. durchdrungen von
445 1345 1794 1417 Sinne geweiht ist. d. h. der ärmeren Klasse der Bevölkerung.
1803 1389 3171 1455 seiner eigenen Machtvollkommenheit, nicht mit Gefühl und
438 1408 1786 1463 Das Stück, welches in Wien spielt und uns mit allen mög¬
1779 1434 3157 1514 mit dem Glauben an den hohen Flug unserer Seele nach
431 1439 1796 1527 lichen Spezialgestalten der Arztewelt bekannt macht, ist
2716 1476 3160 1544 dem Tode handelt.
442 1503 889 1567 äußerst gut und
2785 1530 3155 1594 Diese Szene
449 1548 893 1617 sicher aufgebaut;
2714 1567 3165 1648 zwischen den bei¬
603 1601 885 1672 Charaktere
441 1604 588 1663 die
2717 1631 3155 1694 den Männern ge¬
446 1637 890 1714 sind bis in die
2716 1674 3153 1747 hört zu den wirk¬
437 1693 894 1767 kleinsten Rollen
2714 1726 3154 1793 vellsten des Stük¬
443 1740 891 1821 mit Meisterhand
2719 1756 3163 1839 kes. welches, von
437 1797 892 1866 gezeichnet, die Ge¬
2712 1815 3156 1895 den Künstlern des
450 1848 891 1905 stalt Bernhardis
2726 1866 3163 1940 Schauspielhauses
448 1892 889 1960 ist ganzaus einem
2718 1905 3176 1995 hervorragend gut
450 1941 887 2012 Guß. Das Interesse
2712 1970 3167 2037 gespielt, zur voll¬
447 1995 898 2051 erlahmt nicht eine
2731 2016 3174 2087 sten Geltung ge¬
453 2045 890 2109 Minute und stei¬
2718 2078 2910 2131 langte.
446 2087 896 2162 gert sich von Akt
2814 2105 3157 2202 Vemphen-Burg.
449 2138 880 2205 zu Akt. Der An¬
442 2193 886 2247 tiscmitismus bil¬
2824 2211 3083 2305 Mode.
450 2241 894 2302 det die Würze des
454 2281 885 2362 Geriektes und läßt
2814 2292 3170 2391 * Uber initia¬
443 2329 890 2398 uns manchmal
2718 2341 3168 2426 tive der Mark¬
442 2388 899 2446 durch die launigen
2720 2398 3175 2475 gräfin Georg Pal¬
456 2440 887 2502 Einfälle des Autors
2727 2456 3171 2528 lavicini hat sich
456 2480 901 2551 den Ernst der
2726 2500 3173 2575 in Budapest ein
452 2523 896 2597 Situationen ver¬
2726 2552 3174 2631 aus überaus zahl¬
443 2565 907 2660 gessen. Die scharfe
2713 2603 3164 2673 reichen Vertrete¬
482 2628 889 2693 Beobachtungs-
2721 2651 3172 2721 rinnen der ungari¬
451 2669 909 2739 gabe des Dichters
2726 2703 3166 2780 schen Aristokratie
1594 2689 2048 2790 Arthur Schnitzler.
446 2723 897 2800 rivalisiert nur mit
2720 2749 3178 2820 und der Elite
1638 2768 2005 2848 Text nebenstehend.
459 2778 897 2844 der Melodie der
2731 2787 3172 2869 der bürgerlichen
457 2820 898 2893 tiefen Herzens¬
447 2832 3167 2923 töne, welche er im vierten Akt anstimmt, und dieser Akt Klassen bestehender Ausschuß konstituiert, der sich zum Ziele
1813 2909 3171 2962 setzt, alle patriotisch fühlenden Ungarinnen aufzu¬
460 2910 1557 2987 resumiert eigentlich das Problem des Stückes:
533 2954 3175 3041 Kann ein Arzt dem Priester den Zutritt zum Bette einer fordern, sie mögen sich verpflichten, in ihrer Kleidung
1819 2997 3177 3067 stets darauf bedacht zu sein, daß alles möglichst einfach
458 3020 1819 3095 Sterbenden versagen, kann er die Ahnungslose hinüber¬
1813 3050 3175 3118 und. was das Material anbelangt, heimisches Produkt sei.
464 3063 1815 3131 schlummern lassen. ohne die Hilfe der Religion — eine
1883 3112 3177 3180 * Soehen ist das zweite Heft der neugegründeten Zeit¬
458 3116 1823 3182 Christin, eine Sünderin, eine Sterbende, kann er sie den
1822 3156 3183 3235 schrift „Die Herrenwelt“, welche einen wichtigen Faktor
449 3161 1815 3243 letzten Traum. den einzigen. den schönsten vielleicht ihres
1820 3218 3175 3287 für die Propagierung der bodenständigen Mode darstellt,
463 3215 1808 3279 Lebens. träumen lassen. ohne daß die weihevolle Hand des
1809 3259 3174 3323 erschienen. Gediegene, künstlerisch entworfene Zeiehnungen
464 3259 1816 3340 Priesters sie erweckt hätte, bis sie entschläft für immer?!
1816 3315 3178 3385 veranschaulichen die Thcorie des Wortes. Der moderne
452 3315 1817 3383 Das ist die peinlich-qualvolle Frage, welehe der Autor uns
1815 3351 3180 3419 Mann erfährt nicht nur, wie sein Mantel und sein Anzug
474 3372 813 3447 zu lösen gibt.
1820 3412 3178 3481 ausschen sollen, es wird ihm auch sehr eindrucksvoll aus¬
533 3384 1810 3483 Bernhardi ist ein Jude und ein Freimaurer und der
1827 3456 3182 3523 einandergesetzt, wie sein Hut und seine Unterkleidung.
471 3450 1816 3537 jahrhundertalte Atavismus seiner Ra-se verschließt ihm
1826 3514 3178 3574 seine Krawatte und seine Reisereqoisiten beschaffen sein
468 3504 1816 3578 unsere religiöse Erkenntnis. Bernhardi hat nur eine Re¬
1821 3556 3176 3615 müssen. Ein lustiges, von modernem Geist erfülltes Kapitel
468 3552 1816 3631 ligion, die der erfüllten Pflicht; er glaubt als Mensch und
1819 3605 3164 3677 gilt dem „Modernen Ritter“, ein zweites den „Dicken“
468 3607 1823 3681 als Arzt richtig zu handeln, wenn er ein armes. gekniektes
1823 3641 3178 3728 und den „Schlanken“ und der Korrektur ihrer Gestelt,
464 3664 1812 3726 Menschenkind dahingehen läßt, in der Atmosphäre jenes
1821 3694 3189 3764 ein anderes den Männerköpfen von heute“, ein weiteres
471 3699 1823 3763 Halbtraums, der das arme Mädehen glauben macht, sie sei
1827 3744 3189 3822 der Haltung und dem Ausschen des Herrn unterwegs, also auf
464 3754 1823 3830 genesen. Und statt des Todesengels weilt ein Engei irdischer
1819 3809 3187 3864 Reisen. Der Vizedirektor des Muscums für Kunst und Industrie,
465 3801 1816 3879 Liebe an ihrem Sehmerzenslager  diese Vision bitte das
1831 3859 3179 3927 Regierungsrat Dr. M. Dreger, ist mit einem sehr interessanten
474 3858 1413 3925 Erscheinen des Priesters ihr genommen.
1833 3900 3188 3970 Artikel über die historische Entwieklung des Rockes und
545 3886 1833 3986 So weist also der Arzt den Priester ab. Dieses Faktum
1828 3958 3193 4025 des Oberrockes vertreten. Die „Herrenwelt“ erscheint im
483 3952 1821 4032 gelangt rasch in die Offentlichkeit und ruft einen immensen
1825 3996 2492 4085 Verlag der „Wiener Mode“.
475 4010 1830 4095 Skandal hervor. Das Kurterium der Anstalt demissioniert.
1852 4103 2219 4211 B
2585 4116 2728 4222 —
1440 4112 1596 4217 —24
1513 4185 1662 4260 270
1981 4196 2039 4262 A
3149 283 3283 381 G
