3344 4320
2131 160 2592 254 box 32/3
1239 170 1299 241 W
273 172 1990 251 26.1. Konoedie der -orte zykIus
522 1201 938 1282 0——
639 1265 891 1359 Neus E
330 1291 636 1375 hnitt aus:
1117 1220 1253 1390 26
408 1382 865 1469 5 fl. 1815.
1393 1534 2382 1609 fihr vielleicht zum letztenmale die Hand drückt,
719 1479 1166 1622 Feuilleton.
2794 1573 2899 1626 II.
1418 1578 2381 1656 berichtet sie (ohne rechte innere Nötigung) ihre Er¬
2417 1597 3321 1700 „Große Szene". Ein gefeierter Komödiant, dem
669 1614 1202 1701 „Komödie der Worte.“*)
1408 1625 3333 1747 lebnisse. Auch für ihren Mann ist jetzt, nachdem sich die Weiber schockweise zufliegen, hat sich nach einem
1406 1670 2369 1736 die einzige Tochter eben verheiratet hat, der Mo¬
552 1670 1326 1749 Drei Einakter von Artur Schnitzler.
2358 1704 3316 1777 jüngsten Fehltritt wieder mit seiner Frau versöhnt.
1398 1719 2364 1786 Uneut des Sprechens gekommen. Zehn Jahre, so¬
480 1729 1389 1813 Zur Aufführung im Berriner-haer.)
2366 1747 3329 1820 Sein letztes Abenteuer mit einer jungen Braut hatte
1391 1766 2357 1823 lange das Kind noch im Hause war, hat er geschwie¬
499 1787 1398 1860 Wie soll man den Titel auffassen? Er läßt zwei
2360 1796 3313 1860 sie aus dem Hause getrieben. Seine gut gespielte
1411 1797 2357 1863 gen. Und war all die Zeit ein Wissender. Aber er
434 1815 1406 1905 Deutungen zu. Der Schöpfer rückt ein wenig von
2375 1836 3321 1900 Zerknirschung renkt die Sache wieder ein. Er ver¬
1423 1841 2350 1908 hatte sie mit dem Falschen in Verdacht. Daß sie ihn
443 1859 1403 1944 seinen Geschöpfen ab und gibt zu verstehen, daß sie
2359 1884 3320 1948 spricht, fortan wahr zu sein. Da kommt der Bräuti¬
1416 1881 2350 1951 just mit dem vom Glück verwöhnten, heimlich von
455 1918 1393 1979 an einen geringfügigen Gegenstand viel Worte und
2359 1925 3317 1992 gam jener Dame und fordert Aufklärung. In einer
1406 1927 2357 1996 ihm beneideten Kollegen hintergangen hat, das ist
455 1956 1393 2031 große Worte verschwenden. Kinder, scheint er mit
2357 1967 3318 2038 bravourös geführten Szene, in der Wahrheit und
1406 1960 2358 2029 der Punkt, über den er nicht hinwegkommt. Es hat
455 1999 1386 2062 midem Lächeln, mit der Einsicht des Weisen zu
2362 2007 3315 2075 Lüge zu einem unlösbaren Knäuel verschlungen
1413 2009 2345 2076 fast den Anschein, daß ihm die Sache weniger nahe
440 2042 1398 2113 sagen, macht doch nicht solchen Aufwand von einem
2365 2051 3318 2118 werden, berauscht sich der Mime an seinen eigenen!
1414 2059 2352 2120 ginge als die bevorzugte Person. Für diese teuf¬
436 2078 1399 2159 alltäglichen Vorgang; ihr bauscht und plauscht ihn
2359 2092 3309 2157 Worten und redet dem Genarrten sein Argwohn
1405 2099 2350 2160 lische Art der Rache, die sich auf den Tag der Abrech¬
434 2135 1397 2199 auf. Oder aber die Einsicht bezieht sich auf ihn selbst,
2355 2144 3310 2189 aus. Die Frau, die gegen die Verabredung im
1410 2138 2347 2209 nung zehn Jahre vorbereitet hat (wer's glaubt!),
443 2167 1388 2232 und der Weise spricht zum Dichter: Artur, du hast
2365 2176 3311 2260 Nebenzimmer alles mit angehört, fühlt sich von so
1410 2178 2351 2251 übt die Frau Vergeltung, indem sie ihn in dem
435 2202 1395 2286 dein Steckenpferd, die Eheirrung, wieder einmal nach
2361 2223 3304 2270 raffinierter Flunkerei angewidert und droht, dies¬
1395 2214 2340 2291 Wahne läßt, der von ihm Gehaßte sei ihr Geliebter
432 2256 1399 2324 Herzenskust getummelt und bist, des Gottes voll,
2366 2272 3307 2312 mal ein wirkliches Ende zu machen. Als aber der
1399 2267 2354 2318 gewesen. Und verläßt zur selbigen Stunde das Haus.
445 2299 1395 2362 mehr ins Schwatzen geraten, als es sich jetzt mit
2353 2301 3306 2379 Abgott des Publikums vor ihr im Kostüm erscheint,
1458 2307 2350 2385 Es ist nicht ganz leicht, an die Voraussetzungen
428 2334 1393 2411 deiner gereiften Lebensanschauung verträgt. Brich
2363 2347 3303 2413 ist es wieder um sie geschehen, und sie bringt erneut
1400 2346 2343 2412 zu glauben, sich vorzustellen, daß ein betrogener
437 2376 1385 2454 den Variationen über dein Liebling thema die
2352 2390 3282 2456 das Opfer, bei dem „großen Kinde“ auszuharren.
1403 2395 2350 2464 Mann den Termin der großen Auseinandersetzung
432 2422 1385 2494 Spitze ab und lasse durchblicken, daß du sie nicht so
2396 2439 3301 2488 Eine Paraderolle. Der eitle Komödiant, dem die
1402 2441 2341 2503 ein Dezennium hinauszuschieben vermag, daß eine
426 2469 1386 2539 heiß gegessen haben willst, wie du sie gekocht hast.
2349 2479 3312 2539 Aufschneiderei zur zweiten Natur geworden, ist im
1400 2476 2344 2548 Frau, in der alle Gefühle erloschen sind, so ohe
419 2503 1384 2589 Man hat also die Wahl zwischen Ironie und Selbst¬
2358 2517 3308 2599 Rahmen einer Skizze unübertrefflich gezeichnet.
1387 2519 2347 2592 Not ihr Geheimnis preisgibt. Es ist schwerer zu
420 2550 585 2611 ironie.
2353 2560 3299 2632 Mich stört nur, daß der virtuose Scherz einen
1382 2563 2332 2620 glauben, daß das Leben, mag es immerhin tausend¬
873 2583 951 2654 I.
2348 2606 3304 2674 Augenblick von einem tragischen Schatten überzo¬
1385 2608 2345 2674 mal phantastischer sein als das phantastischste Dichter¬
487 2624 1379 2714 „Stunde des Erkennens". Sie schlägt nach zehn
2351 2650 3311 2714 gen wird. Wenn die Frau wirklich von dem Geba¬
1382 2647 2336 2718 hirn, so komplizierte Ehebrüche erfindet. Die künst¬
411 2675 1381 2748 Jahren. Damals fand eine Entfremdung statt zwi¬
2345 2679 3308 2755 ren des Gecken angeekelt wird, dürfte sie sich für
1384 2691 2335 2753 lerische Wahrscheinlichkeit und die Wirklichkeit sind
423 2722 1376 2790 schen dem Arzt und seiner Frau. Sie hat einen Kol¬
2347 2739 3302 2794 mein Gefühl nicht, so rasch herumkriegen lassen.
1387 2735 2333 2793 eben weltenweit voneinander getrennt. Schnitzler
413 2765 1377 2829 legen von ihm geliebt und sich ihm versagt, weil er
2344 2780 3292 2829 Höchst amüsant sind hier allerlei boshafte Anspie¬
1385 2777 2333 2830 hat aber sein Thema in früheren Werken so gründ¬
410 2797 1371 2875 ihr Schicksal hätte werden können, was mit Rück¬
2344 2825 3292 2897 lungen auf das Theatertreiben und aktuelle Kulis¬
1377 2822 2340 2886 lich und von allen Seiten beleuchtet, daß er zu
421 2852 1372 2920 sicht auf ihr Kind zu vermeiden war. Sie hat einen
2349 2859 2553 2934 sengrößen.
1387 2861 2347 2936 einem besonders konstruierten, ausgetüftelten Fall
412 2888 1375 2960 dichterisch veranlagten Menschen weniger geliebt und
2754 2889 2867 2965 III.
1381 2907 2336 2970 greifen muß. Er hat mit dreißig Jahren bereits so
408 2944 1373 3004 ihm nichts versagt, weil er weniger verlangte. In
1381 2949 2339 3010 viel über diesen Gegenstand gesagt, daß ihm mit
2383 2933 3288 3026 „Das Bacchusfest“. Ein junges dummes Schrift¬
414 2981 1368 3048 der Stunde des Abschieds, als der berühmte Chi¬
1390 2989 2331 3057 fünfzig zu sagen fast nichts mehr übrig bleibt. Aller¬
2331 3011 3289 3068 stellerfrauchen erwartet mit ihrem Galan in der
404 3031 1371 3101 rurg, der auf den japanischen Kriegsschauplatz eilt,
1374 3030 2324 3098 dings enthält gerade diese Variation in der ge¬
2330 3044 3292 3097 Bahnhofshalle ihren berühmten Mann. Sie sind ent¬
1385 3073 2334 3155 suchtesten Tonart die besten und tiefsten Worte über
2339 3091 3291 3143 schlossen, ihm zu sagen, daß sie sich für einander be¬
483 3100 1306 3175 * Buchausgabe: S. Fischer Verlag, Berlin.
1380 3117 1843 3184 menschliche Beziehungen.
2329 3135 3310 3194 stimmt glauben. Er läßt sie aber nicht zu Worte
3282 2819 3355 2886 w
3280 2992 3355 3044 B
