3344 4352
2230 154 2289 202 —
2138 202 2597 307 box 32/3
263 216 1996 322 26.1. Konoedie der Norte—zyklus
1407 973 2675 1052 . saötstier] Zwisczen ihnen besann sia. dus sur olde Weet,
177 971 623 1052 ilfstreuzel „Sucherg
1406 1048 1729 1101 —
172 1083 692 1167 lf Presber und Leo
705 1082 2693 1146 stellte, so erschienen auf der Zauberinsel Bilder von volle, erschütternde, wahrhaft große Gestaltung
700 1139 2691 1198 einer unvergeßlichen, bald erhabenen, bald lieblichen winnt, um dieses Trauersviel von 1889 wurde
185 1135 690 1201 selige Exzellenz“,
699 1176 1332 1250 Natur= und Menschenschönheit.
1727 1168 2709 1233 zwei Berliner Bühnen ein förmliches Duell auf
198 1157 696 1232 auch im Bremer Stadt¬
786 1215 1731 1282 Die „Antonius und Cleopatra“=Auf¬
1740 1228 2714 1284 fochten: Direktor Meinhardt vom Königgri
197 1226 702 1286 der Weser=Zeitung schon
722 1249 777 1288 ——
712 1265 1724 1325 führung des Königl. Schauspielhauses hatte in
1738 1272 2708 1326 Theater schickte als Rittmeister den mannigfach
175 1279 700 1331 ns Junkermann als
1731 1316 2720 1368 gabten Ludwig Hartau vor, der denn auch ti
702 1319 1729 1372 Tilla Durieux, der zuliebe sie offenbar ge¬
198 1312 700 1375 Grüning als Hof¬
1735 1354 2707 1408 lich die tragische Entwicklung dieses von Zwi
698 1340 1727 1404 schah, eine mit allen orientalischen Reizen und Ver¬
176 1357 652 1419 uchs und Frau Elster -
419 1392 459 1420 215
852 1399 929 1431 E
705 1402 1724 1455 führungsrünsten ausgestattete Agypterin, in
1743 1400 2715 1456 und Bosheit zermürbten Mannes herausarbei
184 1393 699 1457 erliner Aufführung die
700 1454 1729 1505 [Sommerstorff aber einen Antonius, der sich
1742 1441 2717 1503 und als Laura Frau Maria Orska, die hing
174 1452 701 1506 egante Frau von Windegg
1734 1486 2713 1543 mit viel zu breitem und plumpem Pinsel me
699 1485 1725 1539 viel zu widerstandslos von den sanften Wellen eines
176 1490 700 1559 eine Weile von der Alster
1738 1539 2717 1588 Direktor Reinhardt gab, unter Felix Hollaeni¬
706 1539 1722 1591 akademisch schönen Vortrages schaukeln ließ, als daß
170 1534 342 1598 nüssen.
1745 1553 3246 1627 sicherer Regie, die Rolle des Rittmeisters dem gier
704 1582 1735 1634 sich die Charaktergestalt dieses von Tatendrang und
172 1571 707 1645 gen beschämen auch dies¬
1738 1611 3340 1680 lich aus dem Feldzuge heimgekehrten Paul] Werke besteht. Es ist auße
702 1624 1728 1677 Genußsucht tragisch zerrissenen Römers shake¬
189 1623 699 1680 eNeuheiten. Sie reichen
2774 1668 3347 1741 auch die angrenzenden Höh
1740 1666 2776 1720 Wegener, die der Laura unserer neuerdings
703 1663 1727 1718 spearegetreu hätte herausbilden können. Auch in
187 1668 702 1733 rindberg und Hauptmann.
2776 1706 3338 1773 Weise befestigt sein werden,
1737 1708 2781 1760 immer höher hinaufwachsenden Lucie Höflich.
706 1711 1745 1756 der Bühneneinrichtung stießen alte und neue Schule!
185 1714 690 1772 am Bülowplatz, dessen
2776 1755 3320 1811 Kämpfen kommen kann.
1734 1753 2771 1824 Kein Wunder, daß unter den schöpferischen Händen
710 1753 1738 1816 hart aufeinander: die ägyptische Welt des unbe¬
174 1757 698 1818 wei Spieljahre an Rein¬
2770 1780 3349 1853 die Verbündeten im Norden
1738 1798 2779 1856 dieser beiden ernsten und tiefen Menschengestalten
710 1802 1739 1869 schränkten Lebensgenusses ist mit der zahmen Sitt¬
178 1804 704 1873 rschien als Neuschöpfung
1736 1846 3340 1905 eine Aufführung zustande kam, wie auch die folgreicher Weise fortgesetzt
704 1843 1735 1897 samkeit, von der die Hofbühne am Schillerplatz nun
193 1845 705 1907 espeares „Sturm“.
1729 1878 3349 1934 [Kammerspiele sie gleich wuchtig und über= Linie Valjevo—Lapovo im
714 1892 1664 1946 mal nicht loskommen kann nicht zu erschöpfen.
181 1887 701 1949 Darstellung blieb sie dem
1735 1928 3333 1977 wältigend kaum schon gesehen haben. Man mag sichjüberschritten. Die Serben
774 1936 1725 1995 Bassermanns rollenhungrigem Ehrgeiz zu
205 1935 703 1993 Ludwig Wüllners
1738 1978 3352 2035 gegen Strindbergs Weltanschauung noch so sehr auf= Widerstand, ihre Hauptkraft
705 1982 1719 2036 Gefallen ließ man im Lessingtheater Molières
178 1968 700 2031 als ein Versuch, der wohl
1737 2020 2773 2077 lehnen — und ich tue es mit Leidenschaft — hier
2776 2015 3353 2076 brochen zu sein, jedenfalls ist
703 2023 1730 2077 halbverschollenen „Don Juan“ auferstehen. Gewiß
185 2025 700 2086 ag, nicht aber im drama¬
2783 2060 3351 2123 der Verbündeten, trotz de
1741 2069 2765 2119 muß der Widerstand des Kopfes und Herzens vor
715 2065 1724 2115 war die Gestaltung, die der unter Molières
182 2065 692 2118 e: Maria Feins Ariel
2781 2108 3355 2176 geländes in den letzten Ta
1746 2102 2770 2161 der Bewunderung des mächtigen, unerbittlichen
178 2113 703 2163 en Boten des Weltgeistes
706 2118 1732 2174 Händen fast zu einem tragischen Charakter gewor¬
2777 2146 3356 2209 als früher. über das Vorge
1732 2162 2773 2216 Künstlerwillens und =könnens das Schweigen lernen.
188 2156 693 2221 u derb und laut, Camilla
706 2153 1732 2212 dene gottlos-vornehme Aristokrat aus der Welt
2782 2196 3356 2257 rischen Armee über üsküb u
1822 2199 2769 2249 Kurz zuvor sahen wir Paul Wegener im
705 2201 1742 2262 Ludwigs XIV hier erfährt, höchst eindrucksvoll und
193 2205 697 2259 iranda eher als ein zum
2782 2237 3356 2307 Richtung liegen noch kein
1738 2231 2762 2296 Deutschen Theater aus Hauptmanns Crampton,
187 2245 704 2297 Welt lugendes Pensions¬
714 2245 1723 2295 fesselnd, und die eingestreuten Volksszenen kamen
2772 2276 3346 2337 vor. Bei Vischegrad haben
1737 2288 2764 2344 dem verbummelten, aber von warmer, aufopfernder
182 2289 704 2345 es Zauberkind. Auch die
712 2292 1726 2342 sogar zu einem überraschend saftigen Leben. Das
2779 2332 3356 2387 rischen Truppen unter schwe
1743 2334 2772 2379 Menschenliebe geretteten Malergenie, all die ver¬
179 2328 696 2406 odernen Errungenschaften
713 2333 1737 2397 Ganze aber bleibt als Zwischending zwischen
2781 2370 3355 2428 schen und auch montenegri
1745 2376 2764 2430 schütteten Schätze einer kindlich reinen, vornehmen
713 2381 1728 2439 Charakterdrama und Oberflächenspiel zu sehr in
189 2371 709 2438 gebärdete sich allzu an¬
2781 2415 3350 2482 Vormarsch nach Osten fortg
1746 2420 2775 2474 und wertvollen Menschlichkeit aus Licht bringen, die
188 2419 702 2478 ück, wo man die Phantasie
711 2416 1725 2475 der Sphäre des höfischen Zeitvertreibs befangen,
1641 2474 1685 2498 11
2780 2451 3354 2517 Serben von allen Seiten i
1740 2463 2776 2517 diese Charakterkomödie heute noch so jung er¬
179 2466 704 2518 wirkende Kraft aufrufen
710 2465 1732 2515 als daß — zumal in dieser Zeit — tiefere Wirkung
2786 2500 3347 2564 Kreis, der sich um sie zieht,
1743 2498 2772 2560 scheinen lassen, die wir aber bisher wohl alle zu
177 2510 706 2573 Sturm“. Halbverhüllende
705 2507 1729 2562 davon ausgehen könnte. Schon die dem Geschmack
2773 2550 3354 2618 die Hoffnung auf eine ausw
1739 2542 2778 2602 humoristisch genommen haben. Auch sonst gebührt
192 2560 697 2611 Andeutungen sind hier
708 2558 1725 2604 des 17. Jahrhunderts zu willig entgegenkommende
1742 2593 3352 2648 dieser Aufführung das Verdienst, das Werk aus den geschwunden. War bei dem
188 2602 1727 2654 nische überdeutlichkeit, wie Rolle des wort= und weisheittriefenden Dieners
1748 2634 3353 2698 Schranken einer bloß genrehaften Studie zum Da=Itionsplan Zeitgewinn eine
189 2640 1728 2700 den Wogen hin= und her= Sgaranelle, die übrigens bei Hermann Valentin
2774 2674 3356 2756 Aufgaben, so tritt auch je
1736 2682 2772 2734 sein eines lebensvollen, warmblütigen Dramas be¬
190 2691 1731 2758 nließ. Wundervoll aber (bisher am Kgl. Schauspielhaus) vortrefflich auf¬
2772 2716 3345 2776 gänzlich zurück, da auf eine
1746 2729 2774 2778 freit zu haben. Neben Wegener hatten Emil
191 2735 1286 2787 r Luft und des Lichtes in gehoben war, verbietet das.
2781 2774 3342 2854 wärts nicht mehr zu rechnen
1746 2773 2777 2837 Janninas als Faktotum Löffler und Winter¬
187 2782 709 2831 en und bewegten Wolken
780 2764 1738 2833 Um die Neubelebung von Strindbergs
197 2824 707 2878 childkrauts Caliban
709 2819 1743 2883 „Vater“, worin zum erstenmal sein dann in
1746 2822 2778 2898 stein als älterer Strähler den Hauptanteil an dem
1746 2856 2167 2918 nachhaltigen Erfolg.
705 2869 1734 2918 immer neuen Formen wiederkehrendes Thema vom
182 2870 699 2924 perung dieses noch halb
195 2906 1750 2984 n Elementarwesens dar= Kampf und Haß der Geschlechter Gestaltung, macht¬
1844 4132 1936 4193 —
