3344 4352
1535 180 2570 256 Liebenden“ an sich hat, wie Ormin behaupten will, sich
475 215 1521 278 der schon in der „Ahnfrau“ gesagt hatte: „was ist wahr,
1534 247 2586 300 einem andern hinzugeben, wili mir nicht einleuchten; noch
473 250 1520 313 was ist es nicht?“ und das Problem von Wahrheit und
1528 272 2583 336 weniger aber ihr Festhalten an dem Heim; ihr Gatte
468 292 1525 355 Lüge in den Mittelpunkt seines einzigen großen Lustspiels
1521 320 2582 375 hat vollkommen recht, wenn ei dies eine Auffassung von
480 334 1531 403 stellte, in „Traum ein Leben“ Worte, Wünsche, Taten
1526 361 2581 416 außerordentlicher Bequemlichkeit nennt. Nur ein größeres
468 366 1518 446 als Schatten kennzeichnete und nur die Gedanken als wahr
1522 407 2582 455 Werk, vielleicht eher in erzählender Form, könnte uns
480 412 1515 483 gelten ließ, fallen auch diese für Schnitzler in jenes Dämmer¬
1523 436 2578 492 die Prämissen entwickeln, denen wir hier ratlos gegen¬
468 453 1513 517 reich von Leben und Vergehen, Traum und Wirklichkeit, das
1526 485 1762 547 überstehen.
470 490 1512 542 er schon so oft aufgesucht. Wieder ist es auch das Liebes¬
1621 488 2580 574 Auch „Das Bacchusfest“, weit einfacher und vor
474 528 1529 595 leben, das er hier kritisch mustert in drei Beispielen, die
1528 539 2575 606 aliem durch jenen hübschen Humor belebt, der Schnitzler¬
477 565 1525 624 alle von einem prägnanten Augenblick ausgehen: der Aus¬
1537 577 2589 658 so gern versteckte Stärke ist, bietet des Wunderlichen noch
473 610 1533 661 sprache der Ehegatten über eine Verirrung, die im ersten
1534 640 2579 692 genug. Ein hübscher szenischer Einfall stellt die Ausein¬
478 646 1531 700 Stücke der Mann, im zweiten die Frau, im dritten beide
1530 666 2585 725 andersetzung zwischen dem Schriftsteller Felir Staufner.
479 699 1529 741 begangen, wo aber auch dem minder schuldigen Teile
1535 719 2592 765 seiner Frau Agnes und dem Sportsmann Dr. Wernig in
479 721 1524 783 wenigstens eine Versuchung oder ein vergeltender Fehltritt
1532 753 2587 799 die Halle eines Bahnhofs, zwischen zwei Schnellzüge. Die
481 761 1522 822 begegnet. „Stunde des Erkennens“ wie das erste Stück
1541 789 2580 842 Frau, die der Mann literarischer Arbeit wegen allein ge¬
479 796 1516 863 heißt, könnten eigentlich alle drei überschrieben sein. Was
1532 822 2587 887 lassen, hat in den sechs Wochen der Einsamkeit ihr Herz
482 830 1533 898 wir bei Ibsen gelernt, hinter den Sinn der Worte auf
1536 863 2588 920 an den jungen Menschen verloren und will ihn heiraten;
480 889 1525 946 stumme Untertöne zu lauschen, sollen wir hier in aus¬
1536 901 2588 963 Hand in Hand denken sie dem rückkehrenden Gatten mit
474 935 1524 975 gedehntestem Maße erweisen. Der Zuhörer wird genötigt,
1531 944 2573 996 offener Aufklärung entgegenzutreten. Aber Staufner, der
477 959 1522 1017 einen komplizierten Denkprozeß im Theater durchzumachen,
1535 989 2587 1033 die Situation gleich durchschaut, siegt über das untreue,
475 999 1527 1071 jenseits aller Vorgänge, die er sieht, aller Reden, die an
1547 1034 2584 1082 auch in seiner Empfindung recht unsichere Paar, indem er
474 1039 1537 1097 sein Ohr schlagen. Das ist mehr, viel mehr verlangt, als
1534 1064 2587 1112 es gar nicht zu Worte kommen läßt und ihm im Symbole,
477 1076 1521 1140 das Theater seinem Besucher zumuten darf. Künstlerischer
1533 1111 2591 1156 der Geschichte von dem antiken Dyonysosfest, das Liebende
485 1112 1535 1171 Genuß wird zur harten Arbeit, und gerade in unseren
1539 1146 2591 1194 ein einziges Mal vereinte, aber dann trennte, es sei denn,
482 1148 1537 1208 Tagen wird man geneigt sein, diese Forderung als unge¬
1541 1176 2585 1244 daß sie noch eine zweite für ewig bindende Nacht frei¬
482 1193 1527 1263 bührlich zu empfinden, namentlich bei Menschen und
1548 1214 2590 1271 willig miteinander verbrachten, sein Schicksal vor Augen
477 1227 1537 1294 Situationen, die wir schon oft, jedoch natürlicher und
1536 1250 2591 1307 stellt. Der dumme Junge wird verabschiedet, Frau Agnes,
489 1271 1523 1339 durchsichtiger geschaut. Alle Kunst, die der Dichter auf¬
1539 1296 2594 1352 die durch einen ländlichen Flirt ihres Gatten zu heftiger
484 1313 1526 1377 geboten, ersetzt uns das naive, freudige Behagen nicht,
1535 1335 2592 1386 Eifersucht gereizt wird, fällt ihm in die Arme, während
482 1347 1532 1417 das eine echte, ursprüngliche Schöpfung geben muß. Und
1536 1375 2589 1429 er ihr ein „Ich hasse dich!“ ins Gesicht schleudert, das sie
494 1387 1536 1450 Schnitzlers neuestes Werk ist zum größten Teile ein Produkt
1548 1409 2590 1473 zärtlich mit: „Ich dich noch tausendmal mehr“ erwidert.
484 1429 1531 1498 geistreichster, beschwerlichster Kombination, ersonnen und
1538 1443 2596 1497 Eine recht simple Sache unter recht unbedeutenden Men¬
490 1470 1140 1534 konstruiert, erklügelt und verklügelt.
1553 1478 2593 1551 schen, wird mit tiefsinnig tuenden Sentenzen und psycho¬
578 1492 1535 1581 Das gilt von dem ersten, bereits genannten Stücke,
1548 1536 2597 1583 logischem Krimskrams zugerichtet. Wie recht hat doch
495 1545 1537 1605 wie von dem dritten „Das Bacchusfest“. Der erste
1543 1570 2601 1627 Felir Staufner mit seinem Ausruf: „Statt das Natürliche
495 1578 1537 1645 Einakter leidet schon einmal dadurch, daß er, wie die
1552 1611 2589 1665 natürlich zu erleben, trüben sie es durch ihre gottver¬
487 1622 1537 1684 kurze Form es fordern würde, nicht eine Hauptszene, sondern
1540 1650 1956 1711 dammte Psychologie!“
484 1663 1531 1733 deren zwei hat. Das wie die Überfülle kaum ange¬
1633 1671 2595 1752 Zwischen diesen beiden — ich kann nicht anders sagen
490 1699 1535 1770 deuteter und wenig verwerteter Motive deutet nur mit
1625 1729 2602 1782 Verirrungen der schnitzlerschen Muse steht aber die
489 1739 1539 1799 Sicherheit darauf hin, daß ein ursprünglich breit angelegtes
1551 1766 2593 1824 „Große Szene“, so ein echtes und rechtes Theaterstück, voll
492 1776 1544 1842 Drama hier mitleidlos kondensiert worden. Mit großer
1558 1794 2603 1853 Verve und Leben, reich an wirksamem Humor. Wie oft
496 1820 1538 1891 analytischer Kunst, die aber nicht zu voller Klärung führt,
1551 1833 2598 1897 ist schon der Bühnenheros in seinen irdischen Schwächen und
489 1859 1545 1912 werden eine ganze Unzahl von Voraussetzungen rekapituliert.
2118 1877 2610 1930 mit dem Konrad Herbot
1551 1885 2128 1944 Sünden abkonterfeit worden —
489 1897 1542 1956 Es spielt in dem bürgerlichen Heim des Arztes Dr. Eckold,
1548 1921 2598 1979 hat Schnitzler selbst den vielgerühmten Kammersänger weit
487 1934 1543 1994 den geringe Erfolge zum schwer verbitterten Menschen ge¬
1555 1949 2602 2013 übertroffen. Wie natürlich entwickelt sich hier die Hand¬
497 1975 1541 2051 macht haben. Er lebt in zweiundzwanzigjähriger Ehe mit
1555 1988 2597 2054 lung: der berühmte Schauspieler hat seine Frau Sophie
505 2015 1539 2079 Klara, eben ist ihr einziges Kind einem Gatten in seine
1559 2025 2609 2104 auf das empfindlichste verletzt durch eines seiner ja nicht
500 2056 1546 2109 ferne Häuslichkeit gefolgt, und ein treuer Hausfreund,
1557 2065 2606 2131 ungewöhnlichen Liebesabenteuer, das aber diesmal sich
494 2092 1552 2149 Professor Ormin, verabschiedet sich, um als Arzt eine Reise
1556 2108 2606 2177 mit einer jungen Braut, unmittelbar vor deren Hochzeit,
502 2137 1547 2185 nach dem fernen Kriegsschauplatze anzutreten, von der er,
1555 2151 2600 2219 abgespielt. Sie hat ihn in ihrer Entrüstung verlassen, ist
502 2175 1536 2242 wurmstichig wie Schnitzlers Herr von Sala, nicht mehr zu¬
1557 2190 2612 2252 aber doch wieder nach Haus zurückgekehrt, wo sie der be¬
506 2202 1555 2278 rückkehren wird. In solchem Augenblick öffnen sich längst
1562 2226 2601 2296 strickende Gatte mit offenen Armen empfängt, als ob gar
496 2252 1543 2307 geschlossene oder nie eröffnete Pforten, die ins Innere
1560 2266 2600 2325 nichts geschehen wäre. Da tritt der Bräutigam des Mäd¬
505 2276 1547 2351 dieser drei Menschen führen. In Auseinandersetzung mit
1559 2306 2612 2370 chens bei ihm ein, Klarheit und Wahrheit fordernd; der
502 2321 1554 2387 der Frau muß erst der Freund erfahren, daß sie seine
1560 2351 2615 2411 Schauspieler spielt ihm nun eine größere Szene vor, die
503 2374 1550 2437 schüchterne Werbung vor zehn Jahren deshalb nicht erhörte,
1560 2383 2612 2447 echt und falsch durcheinander mischt, im Grunde aber nichts¬
508 2404 1550 2462 weil sie ihn zu sehr geliebt, dagegen aber einem andern
1553 2419 2613 2497 würdige Lüge ist, an die der Vortragende, an seinen eigenen
505 2444 1563 2503 Bewerber sich nicht versagt, der nichts als ein Abenteuer
1562 2455 2608 2528 Kohlen hinschmelzend, selbst zu glauben anfängt. Dies ist
505 2483 1550 2541 von ihr gefordert. Und der Gatte tritt ihr entgegen, mit
1555 2502 2612 2559 die wahre Komödie der Worte. Beruhigt geht der junge
507 2517 1551 2582 dem sie verblüffenden Wunsche, den gemeinsamen Haus¬
1566 2543 2600 2606 Mann zum Traualtar, der ungemein mit sich selbst zu¬
508 2564 1552 2620 halt jetzt aufzulösen, da die Tochter nicht mehr zwischen
1565 2575 2612 2643 friedene Künstler rüstet sich zum Hamlet, während seine
514 2609 1551 2662 ihnen stehe. Es ist ein Akt der Rache, den er hier vollzieht
1568 2623 2613 2683 Frau, aufs tiefste angeekelt durch diese Szene, zu der ihr
511 2640 1562 2703 an der Frau, deren Untreue er seit diesem Dezennium kennt,
1571 2658 2611 2727 noch aus dem Munde ihres Gatten die Aufklärung wird,
514 2680 1559 2737 die er auf das tiefste demütigt, wenn er das eheliche
1569 2701 2611 2757 alles Detail, selbst ein im Datum gefälschter Brief, sei
510 2716 1556 2783 Zusammenleben, das er nach diesem Momente wieder mit
1566 2741 2611 2804 zwischen ihm und dem Liebchen im Voraus verabredet
518 2753 1553 2817 ihr aufgenommen, nun als niedrigsten Geschlechtsverkehr
1568 2778 2605 2846 gewesen. Sie ist entschlossen, diesen „tollgewordenen Hans¬
508 2792 1559 2862 hinstellt. Aber auch sie kann ihre Nache nehmen: er hält
1576 2813 2615 2877 wurst“ zu verlassen; da erscheint er, der sie im Theater
516 2835 1561 2901 Ormin, den er neidisch aufs tiefste haßt, für den Ver¬
1565 2852 2602 2902 vermißt, mit Gewalt zieht er sie fort, sie folgt wider¬
520 2866 1562 2943 führer, und sie läßt ihn bei diesem Glauben. Völlig ent¬
2422 2889 2601 2949 bis auf
1565 2898 2396 2954 strebend, willenlos. Sie bleiben beisammen
519 2915 1555 2982 wurzelt in ihrer Eristenz geht sie, wie es den Anschein hat,
1566 2932 2606 2982 weiteres. Denn solche Episoden wird es in diesem Ehe¬
512 2954 1557 3013 in den Tod. Nicht nur Tatsachen bleiben dunkel, auch
1579 2979 2618 3039 leben auch fürderhin geben, da es dem Mann an jeder
510 2992 1560 3073 psychische Motive. Daß diese Frau den Bewerber, gerade
1583 3012 2612 3074 Fähigkeit fehlt, gut und böse zu unterscheiden und er nur
510 3031 1553 3098 weil sie etwas zu ihm führte, zurückwies, ist verständlich
522 3030 2625 3152 aber was sie trieb, die wahrlich nichts von einer „großet in Irrsalen des Moments denkt und fühlt. Diese Gestalt!
1550 3160 2597 3236 nach allen Seiten, sogar noch, bevor sie die Bühne be¬
1562 3211 2598 3273 tritt, zu erschöpfen, ist dem Dichter außerordentlich ge¬
1552 3246 2599 3314 lungen; ein wirkliches Kind, freilich ein recht verzogenes,
1554 3294 2604 3353 böses steht da, dem man nicht gram sein kann in seiner
1557 3333 2598 3388 hinreißend liebenswürdigen Niederträchtigkeit. Und mit
1557 3363 2593 3426 großer Feinheit ist die Frau behandelt, die tatsächlich eine
1561 3420 2597 3464 andere Sprache des Fühlens und Denkens besitzt als ihr
1556 3461 2593 3512 Eheherr, prächtige Aperaus und Theaterscherze zieren die
1551 3492 2596 3552 Figur des Direktors, in dem Berlin wohl noch sicherer
1558 3531 2592 3588 als Wien das unvergessene Urbild erkennen wird. Es ist,
1547 3568 2594 3638 in seiner engen Sphäre, ein kleines Kunstwerk, das Schnitzler
1548 3609 1833 3674 hier gegeben.
1628 3646 2602 3710 Der hier verfochtenen literarischen Würdigung der
1555 3684 2602 3746 Stücke entsprach auch der äußere Erfolg des Abends.
1544 3729 2596 3781 Das erste und dritte Werk wurde mit kühler Freund¬
1550 3763 2602 3825 lichkeit, das zweite mit Enthusiasmus ausgenommen; nicht
1543 3811 2603 3845 zum geringsten ein Verdienst des Hauptdarstellers Harry
1548 3844 2600 3898 Walden, der nach des Dichters vielleicht nicht ganz be¬
1548 3884 2595 3941 rechtigtem Wunsche, die drei männlichen Hauptrollen gab,
1549 3919 2601 3967 und den Arzt und Schriftsteller mit vornehmer Sicherheit,
1546 3961 2590 4010 aber ohne den Nachdruck einer starken Persönlichkeit, den
1538 3993 2606 4068 Schauspieler mit liebenswürdiger mitreißender Brg#bur
1538 4038 1787 4101 durchführte.
2008 4068 2520 4154 Alerander voy Milen
3055 4042 3142 4156 K
