3392 4352
2565 460 3089 524 Nr. 44. 30. Oktober 1915.
1608 468 2034 536 Allgemeine Rundschau.
574 487 790 544 Seite 810.
1849 575 3123 643 der Straußschen „Salome“ entdeckt, sie ist ihm eine „Märtyrerin
539 573 1823 635 Seelenleben eines engen Kreises fauliger Großstadtmenschen
1850 625 3116 676 im Glanze höchster, schwebender Töne von deutscher Dramatik und
544 635 1825 675 einen gar zu breiten Raum auf der deutschen Bühne eingenommen und
1843 676 3110 724 Aufopferung befessen“. Freilich ganz anders spricht Dr. Frz. Bach¬
543 670 1823 723 andere für die Gesamtheit viel wichtigere gesellschaftliche Probleme
1855 711 3113 754 mann in einer nachdenklichen Broschüre: „Der Krieg und die deutsche
545 710 1819 782 zurückgedrängt haben. Ein gewisses Mißbehagen rief Schnitzlers Art
1850 743 3116 794 Musik“; für ihn ist das Entstehen der musikalischen Erotik und deren
541 752 1821 807 auch früher schon zuweilen hervor, das in Limonade verrührte
1858 788 3129 845 Umwandlung in blanken Sexualismus ein Zeichen des Nieder¬
541 793 1829 846 Laster, das weichliche Ineinandermalen von skrupel¬
1853 827 2059 880 ganges.
550 827 1815 877 loser Sinnengier und müder Empfindsamkeit, von neu¬
1962 838 3111 911 Warum duldet die deutsche Frau diese künstlerischen
540 846 1835 921 rasthenischer Brutalität und welker Grazie blasierter
1851 906 3125 953 Schmähungen ihres Geschlechtes? Die hier maßgebende Oberschicht,
557 905 1818 980 Schwächlinge; es stieg da ein Duft auf wie von zart parfümierter,
1458 943 1832 990 ein unappetitlicher
1858 942 3118 986 die wir besser Luxusschicht nennen mögen, hat viel zu lange gehört,
547 959 1459 1008 uder nicht mehr ganz sauberer Spitzenwäsche —
1851 981 3119 1031 daß das alles zu geistiger „Freiheit“, Voraussetzungslosigkeit und frei¬
552 980 1831 1049 Vergleich, der stehen bleiben mag, weil die Ueber=Kreuz=Liebelei dem
1852 1026 3133 1066 geistiger Kultur gehöre, als daß sie so schnell radikal umlernen könnte
551 1046 1832 1078 natürlichen Empfinden manchmal beinahe unappetitlich war. Schnitzlers
1846 1063 3119 1109 und wollte. So viel Großes an Aufopferungsfähigkeit die deutsche
543 1067 1823 1117 große Vorzüge, seine feine Seelenschilderung, seine österreichisch weiche
1853 1100 3115 1142 Frau auch in diesem Kriege leistet und geleistet hat, es fehlt nicht eine
545 1094 1821 1164 Liebenswürdigkeit, seine geistreich bewegte, elegische Anmut, treten in
1859 1137 3130 1183 Luxusschicht, die ihre Moden= und Aesthetenträume fortspinnt, soweit
552 1153 1826 1197 dem neuen Werk nicht so bestrickend hervor, wie in seinen besten
1851 1177 3117 1217 die rauhe Hand des Schicksals nicht in ihren eigenen Kreis gegriffen hat.
554 1193 765 1248 Dramen.“
1958 1220 3121 1267 Aber dieses „Publikum“ braucht nicht das ausschlag¬
667 1198 1823 1272 „Die Theaterleiter Berlins (so schreibt „Die Tat“, Heft 7 vom
1847 1263 3121 1312 gebende zu sein, die Theater haben die Möglichkeit dies zu ändern.
876 1255 1833 1304 Ausnahmen und die Vertriebsstellen kennen ihre
551 1260 879 1313 Oktober) mit 3, 4
1856 1295 3125 1343 Wir sehen fast überall, daß die Zeit, die das Leben teuer und die
534 1295 1834 1347 nationale Pflicht nicht, spurlos scheint selbst der Krieg an ihnen
1855 1328 3122 1387 Kunst billig machte, Leuten den Bühnenbesuch ermöglicht, denen er
545 1339 1826 1386 vorüberzugehen. Wie kommt es, daß das Publikum sich so etwas bieten
1856 1377 3127 1424 sonst verschlossen war. Viele Hunderte haben heuer im Münchener
548 1373 1832 1419 läßt? Weil die Methoden der Irreführung und Verdummung genau
1852 1413 3114 1453 Prinzregententheater den „Parsifal“ gesehen, die seit dem Be¬
539 1416 1823 1467 so dreist, wie in Friedenszeit“. Und nun schildert das Blatt, wie
1855 1441 3121 1503 stehen dieser Festbühne sich nur vor dem Tore hatten aufstellen können,
543 1451 1826 1514 „Schlager“ durch reichliche Freibillettspenden „gemacht“ werden. Steht
1856 1494 3131 1541 um die feinen Herrschaften aussteigen zu sehen. Klassikervorstel¬
547 1488 1826 1557 ein Stück wochenlang an den Anschlagsäulen, dann beginnen die Leute
1857 1536 3132 1578 lungen haben vielerorts volle Häuser gemacht, wo nur immer man
543 1531 1834 1584 hinzulaufen; auch die Theaterleitungen der „Provinz“ erwerben nun
1860 1574 3128 1622 Goethe und Schiller so viel Sorgfalt angedeihen ließ, wie Schnitzler
552 1580 1819 1627 das Aufführungsrecht und das Geschäft ist gemacht. Der „Merker“.
1858 1619 3127 1660 oder Schönherr, die sich noch persönlich beschweren können. Wenn
552 1611 1827 1668 ein Wiener Theaterblatt, glaubt den guten Besuch der Wiener
1855 1664 3130 1700 auch die Hofbühnen die, wie auch der „Türmer“ meint, „günstigen
546 1658 1835 1709 Bühnen bei geringwertigem Spielplan durch die Anwesenheit vieler
1859 1690 3135 1735 Verhältnisse“ nicht ausnützen, so scheint mir zu einem Teil wenigstens
552 1705 1826 1747 geflüchteten Galizier erklären zu können, die reiche Mittel besitzen und
1856 1726 3131 1782 hier die Schuld in Schauspielern zu liegen, die zugleich
548 1730 1831 1788 nur auf allerleichteste Unterhaltung eingestellt seien. Die Erklärung
1851 1773 3130 1824 „Regisseure“ sind. Der Schauspieler liest eine Rolle, die ihm
552 1773 1833 1830 erscheint uns etwas gezwungen, aber es kommt uns darauf an zu
1851 1809 3127 1858 liegt, er wird von ihr gefangen genommen. Je mehr er urwüchsiges
541 1810 1825 1867 zeigen, daß auch in Wien Bedauern über das Versagen der Bühne
1850 1839 3127 1889 Talent, desto weniger ist er kritisch angelegt, „denkender Künstler“ wie
538 1863 729 1929 herrscht.
1850 1904 3128 1940 man sagt. Sitzt er im Regiekollegium, so wird er alles daran setzen,
666 1876 1825 1945 Wie es möglich ist, daß gerade in unserer Zeit eine Strind¬
1845 1927 3127 1982 das Stück durchzusetzen. Und hierbei wird eben öfters nachgegeben,
557 1927 1834 1983 bergmode ihren Gipfelpunkt erreicht, ist eine Frage, die uns heuer
1856 1973 3125 2023 „um des lieben Friedens willen.“ Außerdem liegt diesen großen
550 1966 1826 2019 schon mehrfach beschäftigt hat. Die Berliner Kritik, welche sonst
1863 2009 3122 2055 Künstlern meist das „Klassische“ nicht. Andere, die im klassischen be¬
547 2012 1823 2060 meist geneigt ist, jede nicht ausschließlich ästhetische Behandlung von
1853 2047 3137 2092 deutendes leisten, müssen heute darauf verzichten, daß der Telegraph
555 2046 1838 2104 Kunstangelegenheiten als „Barbarei“ zu empfinden, nimmt die großen
1864 2082 3127 2133 ihren Ruhm in alle Welt verkündet, es sei denn, sie wären bei Reinhardt
554 2091 1832 2141 Erfolge, die Strindbergs „Vater“ neuerdings fand, zum Anlaß von
1860 2121 3142 2173 in Berlin. Die Presse fehlt hierbei auch viel. Ein solcher Künstler
551 2130 1836 2178 Betrachtungen dieser Art. (Der „Vater“ ist, wie wir erinnern wollen, die
1852 2175 3135 2213 im Schatten ist z. B. auch der Münchener Hofschauspieler Jacobi.
558 2169 1831 2218 dramatische Martergeschichte des Mannes, den die hysterische Herrsch¬
1850 2208 3136 2256 Wen überragt er nicht an Können? Ich brauche nicht deutlicher zu werden.
562 2216 1831 2259 und Triumphgier des Weibes ausbeutet, entehrt und in die Zwangs¬
1853 2236 3134 2306 Wer die Personalien kennt, versteht mich, und für die anderen ist's
557 2245 1825 2296 jacke hineinhetzt.) Da schreibt die „Voss. Zig.“: „Es scheint mir frag¬
1862 2287 2144 2352 ohne Interesse.
551 2283 1827 2332 lich, ob die Vorliebe für Strindberg, die im Kern berechtigt ist und
1977 2305 3132 2370 Zum Schlusse seien die Bühnenleiter an ihr eigenes amtliches
554 2337 1838 2378 Bedeutendes neu aufleben läßt, nicht an die Grenze gefährlicher
1849 2362 3130 2412 Organ erinnert. „Die deutsche Bühne“ sagt, Theaterspielen sei heute
555 2378 1834 2418 Einseitigkeit gelangt, wenn sie gerade jene Werke des Dichters be¬
1850 2398 3138 2449 nicht ein Werben um flache Gunst des Publikums, kein Umbuhlen der
565 2395 1838 2459 vorzugt, in denen das Genie dem Pathologischen, wovon es selbst
1855 2416 3165 2490 Masse, sondern Arbeit am Volke. Nicht die Gegenwart sei unser¬“
567 2448 1831 2494 tief berührt war, den Reiz des Typischen zu geben versuchte. Sicher
1860 2483 3134 2532 Gesichts= und Zielpunkt, sondern die Zukunft. Es gilt „die Erhaltung
569 2486 1842 2534 sind die kunstvollen und doch nicht künstlerisch reinen pessimistischen
1863 2512 3134 2565 eines gesunden, starken Volkstums, eine Kunst, die tief in der Seelg des
565 2524 1841 2570 Studien nicht dem Bedürfnis einer Zeit angepaßt, die zwar den Blick
1865 2554 3141 2608 Volkes wurzelt, um ein Theater, das dem Vohke die rechte
559 2553 1833 2626 für alle heroischen Leiden und Opfer schärft, aber die Geister doch aus
1862 2603 2371 2663 Weihe der Kraft gibt.“
561 2599 1835 2664 aller schmerzlichen Erregung zu hellem sieghaftem Idealismus empor¬
549 2651 692 2711 trägt.“
680 2685 1831 2732 Und gleichzeitig aus Anlaß der nämlichen Strindbergaufführung
1873 2691 3137 2747 EESBBSBSSSSSSSSSSPPSPSEA
558 2726 1832 2769 nimmt der Korrespondent der „Frankf. Ztg.“ das gleiche Thema auf:
550 2757 1834 2809 „Woher in dieser Zeit des Krieges und der Erwartungen auf eine neue
561 2796 1839 2845 Kunst der jungen Kraft, des selbstgewissen Pathos (so lese ich überall)
565 2839 1844 2890 die Zuneigung der Bühnen und des Puhlikums zu Strindberg, zu seiner
563 2876 1839 2923 Ueberkraft aus Schwäche, ja, zu dem marterndsten seiner Dramen „Der
560 2924 1844 2975 Vater“? Wie erträgt man heute, da die Söhne draußen stehen, diesen
566 2953 1833 3010 rein animalischen Begriff von Vaterschaft? Es ist vielleicht noch nicht
561 2993 1842 3050 Zeit sich einzugestehen, daß die Hoffnung auf die neue Kunst bislang
567 3035 1840 3085 Hoffnung geblieben ist; aber es ist Zeit, sich darüber klar zu werden,
557 3087 1839 3131 daß auch das Neue immer organisch erwächst. Es ist nicht wahr,
556 3112 1838 3155 man könne an früher Dagewesenes anknüpfen in der Kunst. Nur aus
561 3164 1832 3210 dem Heut erwächst das Morgen. Das Heute vor dem Kriege aber war
565 3189 1836 3243 Strindberg in seiner Ueberkraft aus Schwäche — und ein Publikum
564 3229 1847 3286 mit vorwiegend artistischen und psychologischen Interessen. Der Krieg
565 3287 1833 3329 kam — und was trat ein? Ich glaube mich nicht zu irren, wenn ich
559 3307 1848 3366 sage, daß das Publikum, das in dieser Kriegszeit die Theater der großen
564 3347 1840 3402 Städte füllt, eine soziale Oberschicht darstellt, die den Krieg ver¬
561 3400 1844 3438 hältnismäßig wenig spürt. Ihn auch innerlich nicht im
558 3432 1842 3476 Sinne der Mitarbeitenden mitlebt. Eine Oberschicht, die ihre
1682 3465 1838 3510 — viel¬
557 3471 1685 3523 Daseins= und Empfindensfäden weiterspinnt. Und der damit
559 3513 1841 3560 leicht — eine Aufgabe zufällt: künstlerisch das festzuhalten, was vor
562 3544 1839 3599 dem Kriege galt; die Tradition zu wahren; ein Neues insofern zu er¬
561 3587 1841 3644 möglichen, als das Neue nur in Fortbildung des zuletzt Gewesenen
561 3619 1844 3674 erstehen kann. Vergleichsweise zu sprechen: auch junge Kunst wird aus
558 3672 1511 3721 ihrer Mutter, nicht aus ihrer Großmutter geboren.“
677 3714 1847 3757 Die in dem Schlußsatz ausgesprochene Hypothese stehe bahin.
558 3756 1847 3788 Wer ist heute im Kriege der ausschlaggebende Teil des Publikume?
557 3776 1849 3834 Zweifellos die Frau. Und so läßt sich leicht die Frage aufwerfen,
553 3817 1847 3870 warum gerade sie eine Schmähung des Weibes duldet,
558 3856 1847 3931 ja fördert, denn eine Schmähung der weiblichen Natur
551 3897 1848 3955 ist diese ganie Dichterei von Strindberg bis Wedekind herab, all die
560 3933 1844 4008 weiblichen Vampirgestalten. Hierzu gehören Dichter, wie Dülberg,
554 3983 1851 4036 der sein „Korallenkettlin“ sogar kerndeutsch nennt. Was ist heute
560 3993 1862 4082 nicht alles deutsch? Dr. O. Bie hat jetzt sogar die deutsche Eigenart
