3392 4320
2046 256 2520 348 box 32/6
197 286 1906 372 26.1. Konbedie der Norte zyklus
1104 1519 1198 1589 in
1020 1557 1385 1637 pentiers vom
1014 1628 2135 1734 erklärt. Die Jury der österreichise, Faustkämpfervere.
1018 1663 2145 1765 protestierte, weil Townley noch mut einem Knie auf
1010 1708 2222 1814 Boden war, als ihm Carpentier den letzten Hieb versetzte. Die Ent¬
1013 1746 2228 1870 scheidung wird nach der Entwicklung des Films gefällt, ob Carpentier
1011 1793 1639 1875 disqualifiziert werden soll.
1367 1901 1849 2008 Rammerspiele.
1209 1986 1999 2086 „Komödie der Worte“ von Schnihler.
1038 2039 2205 2134 F. E. Albert Bassermann bringt, wie früher, wieder die
994 2064 2209 2187 drei Einakter, die Schnitzler in der „Komödie der Worte“ zusammen¬
999 2132 2200 2220 gefaßt hat, und besonders in dem zweiten Stückchen „Große Szene“
994 2168 2139 2284 spielt er sich und uns zur Wonne. Der Beifall war gewaltig.
1051 2246 2209 2371 * Der Deutsche Aero=Lloyd hat gestern seinen regulären täg¬
973 2294 2191 2414 lichen Flugdienst von Berlin über Hannover nach Amsterdam
973 2346 2194 2458 und von Berlin über Danzig nach Königsberg aufgenommen.
977 2391 2200 2501 Das Flugzeug nach Amsterdam startete planmäßig 9 Uhr 55 Minuten
972 2427 2194 2525 in Berlin mit zwei Passagieren und 12 Kilogramm Luftgüter für
969 2465 2190 2573 Holland und England und traf planmäßig 3 Uhr 10 Minuten in
975 2512 2190 2624 Amsterdam ein. Die um 1 Uhr nach Königsberg gestartete Maschine
965 2553 1728 2649 landete 6 Uhr 55 Minuten in Königsberg.
1053 2604 2183 2712 Das gestrige zweite Entscheidungsspiel um die Ber¬
954 2631 2175 2764 liner Fußballmeisterschaft zwischen Norden=Nordwest und
958 2702 2176 2805 Alemannia endete unentschieden 2:2 (1:1). Alemannia, die das
958 2735 2174 2846 erste Spiel mit 3:1 gewonnen hatte, wurde dadurch Berliner Meister.
947 2780 2178 2895 Die Alemannen glichen kurz vor Schluß durch ein Selbsttor des
938 2824 1230 2896 Gegners aus.
