3344 4352
2072 165 2515 252 box 32/4
201 190 1925 280 26. 1. Kongedie der Norte—Zykius
542 1144 924 1235 asechnitt aus:
533 1247 686 1323 om:
973 1253 1281 1346 Z-OELI91S
1764 1384 3004 1442 führung gelangt war, verfiel (wie schon gemeldet) dem Zensurverbot
908 1401 1434 1498 Theater im Reich.
1771 1442 2999 1494 für die Dauer des Krieges. Unangefochten von der Zeusur durfte da¬
1771 1480 3004 1530 gegen, obgleich die katholische Geistlichkeit mit geharnischten Worten das
601 1454 1770 1550 0 Aus Eisenach wird uns gemeldet: Wenzel Goldbaums
1776 1522 3013 1577 Verbot forderte und auch ein katholischer Frauenbund in dieseln Sinne
523 1522 1766 1582 dreiaktiges Schauspiel „Medizin“ wurde am Stadttheater mit
1775 1549 3008 1612 Ane Eingabe an die Kommandantur gerichtet hatte, Schönherrs
562 1563 1762 1623 Beifall ausgenommen. Das Werk behandelt die Seelenkämpfe eines
1770 1598 3005 1656 „Weibsteufel“ über die Bretter gehen. Die Gegner des Dramas
561 1604 1766 1675 Arztes, der mit seinem neuentdeckten, aber noch nicht genügend er¬
1771 1643 2998 1706 hatten nur den ungewollten Erfolg, dem Lobe=Theater zu einem lus¬
559 1645 1772 1714 probten Mittel gegen den Krebs auf Drängen der Regietung Kranke
1773 1681 2423 1743 verkauften Hause verholfen zu haben.
543 1685 1763 1751 behandeln soll. Trotz der gut gezeichneten Charaktere und der bühnen¬
1825 1707 2999 1785 Aus Hamburg meldet unser Korréspondent: Das Deutsche
555 1730 1777 1814 wirksamen Szenengestaltung wirkt manches in dem Werke zu grell. Ein¬
1770 1768 2998 1818 Schauspielhaus brachte mit dem „Münchhausen“ das fünfte
549 1762 1331 1831 studierung und Darstellung waren zu loben.
1782 1810 3012 1880 Stück Eulenbergs (früher: „Alles aus Liebe“, „Belinde“, „Alles ums
591 1815 1771 1884 Aus Breslau wird uns geschrieben: Obgleich sich die
1773 1856 3006 1901 Geld“. „Zeitwende"). Max Grubes Inszenierung gab schlichte, groß¬
516 1853 1769 1921 Schwierigkeiten, mit denen die hiesigen Kunststätten vom Be¬
1781 1890 3014 1956 räumige Bühnenbilder, in die zuletzt ein hoher, ruhiger Stern¬
546 1904 1766 1960 ginn des Krieges an in besonders hohem Grade zu kämpfen
1772 1935 2997 1998 himmel hineinsah. Kreidemann als Münchhausen, weniger schillernd
530 1952 1768 1995 hatten, im Laufe der Zeit noch erheblich verschärft haben,
1786 1987 2998 2037 als grübelnd, fand seine Höhepunkte in der Duell= und Sterbeszene;
537 1976 1772 2057 bietet das Breslauer Kunstleben im zweiten Kriegswinter doch ein
1775 2021 3010 2079 Karl Sartory gab dem Raspe drastische Lebendigkeit. Der Beifall
533 2014 1761 2081 erfreuliches Bild rührigen Strebens und guten Gelingens. Schon
1777 2054 2999 2122 am Schluß war stark. Die Uraufführung der Komödie „Das
529 2084 1754 2133 wenige Tage nach der Stuttgarter Uraufführung brachte unsere
1767 2104 3000 2170 badende Mädchen“ im Thaliatheater beweist wieder,
538 2107 1753 2166 städtische Opernbühne Schillings Mona Lisa“ in vorzüglicher
1766 2144 2986 2195 daß einheimische Autoren eifrig bemüht sind, die durch Ab¬
546 2159 1764 2226 Wiedergabe; namentlich Fräulein v. Catopol bot in der weiblichen
1780 2180 2988 2237 sperrung des französischen Imports entstandenen Lücken zu füllen.
532 2206 1765 2256 Hauptrolle eine stimmlich prachtvolle Leistung. Den Höhepunkt der
1778 2234 2996 2292 Das Stück, das den nun hinreichend ausgenützten Vorwurf eines
541 2237 1759 2303 bieherigen Spielzeit bezeichneke die Uraufführung von Joseph Gustav
1778 2268 2995 2330 Bilderdiebstahls behandelt, hat eine Reihe witziger Figuren, Szenen
537 2278 1769 2321 Mraczeks: „Die Insel Aebelö“, einer Oper von wunder¬
1780 2311 2982 2361 und Wendungen. Die Aufnahme war im ganzen recht freundlich. —
531 2328 1767 2383 voller Klangschönheit und Farbenpracht, die aber an Sänger, Chor
1766 2341 2996 2419 „Das Marienkind“. Eduard Behms neue Oper, Dichtung
530 2366 1763 2427 und Orchester — auch darin an Strauß erinnernd — ganz außer¬
1778 2399 2996 2452 von Hermann Erler, wird die Uraufführung am 25. Dezember
539 2404 1764 2451 gewöhnlich hohe Anforderungen stellt. Das ausverkaufte Haus be¬
1778 2439 2988 2481 am Würzburger Stadttheater haben. — In Halle hat
534 2441 1766 2511 reitete der Novität eine enthusiastische Au jahme; Komponist und
1770 2476 2982 2531 sich, wie uns telegraphiert wird, ein Ausschuß für Sonder¬
534 2484 1764 2546 Künstler, Kapellmeister und Intendant wurden immer und immer
1765 2518 2992 2576 thratervorstellungen für Verwundete gebildet, welcher
540 2524 1768 2590 wieder vor die Rampe gerufen, und alle hatten den Beifall redlich
1770 2561 3002 2624 im Thaliatheater von Stadttheatermitgliedern gespielte gute /Schau¬
537 2570 1770 2632 verdient. Die Hauptrollen lagen in den Händen von Leypoldine“
543 2606 2577 2646 Zuska (Gro), Delia Reinhardt (Freudenfürstin), Kammersäng“, spielaufführungen für Feldgraue veranstaltet.
537 2645 1772 2713 Adolf Löltgen (Sölver Falk) und Rudolf Wittekopf (Sten
522 2692 1775 2759 Basse). Der glänzenden Ausstattung lagen Entwürse eines Freundes
530 2742 1768 2795 des Autoxs zugrunde. Weniger günstig verlief das lobenswerte
540 2778 1780 2854 Unternehmen, Cornelius' „Barbier von Bagdad“ einen Platz
545 2820 1770 2884 im Spielplan zu erobern; das Pudlikum blieb teilnahmslos, und der
523 2872 1639 2910 Kassenrapport besiegelte bald das Schicksal dieses Versuches.
599 2906 1774 2964 Auch auf dem Gebiet des Schauspiels ist mancher interessante
536 2936 1768 3020 Abend zu verzeichnen. Im Lobe=Theater, in dem Herr Gorter jetzt
538 2991 1781 3040 das Zepter des Direktors führt, fand Schni##l#rEinaktergruppe:
531 3039 1778 3104 „Komödie der Worte“ trotz maischer ineren Ulbährschein¬
543 3073 1783 3152 lichkeit lebhaften Beifall; den stärksten Erfolg erzielte auch hier „Die
541 3117 1771 3195 große Szene“. Des gleichen Autors „Prosessor Bernhardi“.
526 3161 1787 3220 das hier früher ohne jede Gefährdung des inneren Friedens zur Auf¬
