3392 4352
2152 195 2602 290 box 32/5
287 214 1994 314 26. 1. Kongedieder Norte—Zyklus
408 903 1425 1017 RenaifsancebühneDer Morgen Wien
1775 948 2563 1037 Theater= und Kunstnachrichten.
496 996 1407 1055 Man kennt die drei Einakter Arthur
1655 998 2771 1100 [Renaissancebühne.] Dem Burgtheater fehlt Harry
409 1017 1413 1103 Schnitzlers, die Samstag das erstemal hier
1590 1065 2765 1138 Walden sehr, aber auch ihm, dem vielseitigen Darsteller, fehlt
423 1079 1396 1152 gespielt wurden, vom Burgtheater her. Eine
1586 1108 2779 1170 das Burgtheater nicht minder, vor allem die interessanten Rollen
420 1132 1394 1190 eingehendere Kritik dieser „Komödie der
1586 1151 2762 1215 des klassischen und modernen Repertoires, die er dort zurück¬
422 1156 1403 1231 Worte“ scheint daher überflüssig. Ueberspitzte.
1589 1209 2772 1266 gelassen hat. Es ist also eine wohltuende Abwechslung, ihn nach
423 1204 1403 1275 allzu konstruierte erotische Probleme und Pro¬
1593 1237 2776 1313 dem allabendlichen Auftreten als Charmeur, wozu er jetzt sich
419 1256 1397 1326 blemchen sind von einem Meister des Wortes in
1599 1280 2777 1364 selbst verpflichtet ist, wieder einmal in einer gehaltvolleren Aufgabe
416 1297 1383 1368 geistreiche, allerlei Menschlichkeiten leicht
1608 1325 2773 1402 zu sehen: in Artur Schnitzlers Einakterreihe „Komödie der
423 1347 1389 1398 streifende Dialoge aufgelöst worden. Spielereien
1607 1361 2788 1442 Worte“. Die drei Einakker, die nichk zum dramatisch Stärksten
424 1392 1392 1450 eines Dichters, der unendlich mehr kann, wie wir
1611 1405 2772 1490 gehören, was Schnitzler geschrieben hat, sind Auseinandersetzungen
416 1419 1395 1499 alle wissen, und dem wir schließlich auch dann
1617 1468 2785 1525 rings um ein kleines, geistiges Motiv, psychologische Anekdoten,
423 1482 1391 1542 gern lauschen, wenn er es sich einmal nicht allzu
1607 1483 2782 1570 in Dialoge aufgelöst. Wie die Sprache ein Mittel ist, die Gedanken
419 1522 1386 1594 schwer gemacht hat... Harry Walden gab die
1614 1542 2772 1619 zu verbergen, sind hier die Worte, die bitteren und die leiden¬
413 1567 1391 1611 Hauptrollen, wie seinerzeit in der Burg. Er
1618 1585 2779 1665 schaftlichen, die gehässigen und die zärtlichen nur ein Mittel,
419 1611 1391 1676 war am besten als der kindlich verlogene
1609 1616 2778 1689 um Gefühle und Affekte zu verheimlichen oder vorzutäuschen.
423 1652 1387 1716 Komödiant in der „Großen Szene“, jenem
1607 1658 2782 1745 Die Menschen suchen einander mit Worten zu blenden, seelisch zu
423 1696 1376 1757 Stück, das am natürlichsten wirkt und auch
1621 1695 2781 1786 übervorteilen, sie kommen einander scheinbar näher, aber zum
414 1739 1384 1806 den meisten dramatischen Witz aufweist. Aus
1627 1747 2792 1823 Schluß hat doch jeder am anderen vorbeigeredet und bleibt mit
414 1782 1384 1844 dem Schriftsteller Felix Staufner („Bacchus¬
1621 1778 2785 1867 seinen wirklichen Gefühlen, seiner Echtheit und Falschheit allein.
424 1827 1383 1880 fest“) kann er nicht viel machen: kein Wunder:
1625 1824 2787 1912 Das theatralisch Reizvolle und schauspielerisch Dankbare in den
414 1860 1387 1936 diese Figur ist so blutleer, so schattenhaft, daß
1630 1849 2805 1949 Einaktern sind die drei männlichen Hauptfiguren, die im Grunde
420 1919 1386 1960 es schwer fällt, einen Gestalter wie Schnitzler
1617 1897 2795 1988 Varianten derselben Gestalt sind: des seelischen Poseurs, der aus
419 1957 1382 2019 für ihren Schöpfer zu halten. In der „Stunde
1630 1949 2793 2039 Veranlagung und Gewohnheit aller Welt und sich selbst etwas
409 2003 1381 2051 des Erkennens“ jedoch versagt Walden meinem
1631 2007 2799 2084 vorspielen muß, also einer, dessen Echtheit die Falschheit ist. Harry
420 2048 1381 2106 Gefühl nach völlig. Hier hat er Innerlichkeit zu
1622 2036 2786 2115 Walden findet für jede der drei Varianten den richtigen Ton,
408 2097 1377 2154 zeigen, hier soll er dramatische Akzente an¬
1626 2073 2801 2170 die charakteristische Farbe, die menschlichen Einzelheiten; für den
1634 2112 2784 2202 verbitterten Doktor Eckold, der nach zehnjähriger Verstellung
411 2137 1383 2195 schlagen. Aber das kann er nicht mehr, oder es
1640 2167 2784 2249 seinen angesammelten ehelichen Haß mit Zinseszinsen auszahlt,
417 2170 1384 2244 sieht wenigstens so aus. Wie auch? — seit Jahr
1636 2199 2788 2285 den Schriftsteller Felix Staufner, für den auch die eigene Ehe nur
407 2225 1377 2272 und Tag begnügt er sich, oder es mögen ihn
1643 2216 2798 2331 ein literarisches Experiment ist, und besonders für den großen
404 2255 1380 2338 Umstände dazu zwingen, stets nur zuckersüße
1639 2286 2798 2378 Komödianten Konrad Herboth. Hier, in der meisterhaft geführten
406 2309 1395 2374 Charmeurs zu verkörpern. Bei solcher Uebung
1622 2323 2795 2414 „Großen Szene“ hatte Waldens Spiel wieder die ganze geistige
364 2425 1356 2497 müssen sich edlere künstlerische Qualitäten natur¬
378 2481 1341 2530 gemäß rückbilden. Frau Frida Wagen ver¬
1812 2396 2173 2546 T
2487 2475 2781 2572 Nr. 19954
386 2518 1343 2571 steht es noch immer, angenehme und kultivierte
386 2567 1337 2615 Konversation zu machen: das puppenhaft an¬
1620 2547 2799 2649 Elastizität und Anmut, die ihm eigentümlich ist. Der Abend war
382 2603 1345 2669 mutige Fräulein Kneidinger spielt sehr
1625 2608 2804 2689 überhaupt sehr sorgfältig vorbereitet und wohlgeraten. Im ersten
383 2640 1350 2718 herzig die arme betrogene Gattin des Schau¬
1624 2649 2796 2715 Stück hatte Herr Walden seine Gattin, Frau Frieda Walden,
391 2694 1341 2744 spielers Herbot: Hans Wengraf ist ein
1614 2695 2797 2761 zur Partnerin. Sie war vor Jahren die elegante jugendliche
387 2737 1350 2795 frischer, natürlicher junger Schauspieler. Unter
1626 2741 2793 2812 Salondame der Josefstadt und bewährt sich jetzt im reiferen Fach
377 2784 1341 2841 den übrigen Mitspielern seien noch Viktor
1615 2775 2787 2859 durch darstellerische Noblesse und Einfachheit. Die feine und an¬
375 2826 1319 2895 Franz und Nora Herbert erwähnt. W. A.
1622 2823 2801 2894 mutige Begabung des Fräuleins Lola Kneidinger für das
1620 2863 2801 2944 Konversationsstück kommt immer deutlicher und angenehmer zur
1613 2906 2789 2967 Geltung, obwohl es für eine Darstellerin von auffallend schöner
1613 2942 2791 3028 Bühnenerscheinung nicht leicht ist, außerdem noch wirklich talen¬
1617 2989 2787 3053 tiert zu sein. Humorvoll charakteristisch der tüchtige Herr
1615 3035 2789 3085 Franz, Herr Wengraf trotz seiner Jugendlichkeit von be¬
1616 3082 2799 3154 merkenswert guter Haltung und Sicherheit, Fräulein Herbert
1610 3122 2790 3194 und die Herren Knabe, Karl und Mauth mit Eifer bei
1606 3159 2790 3234 der Sache. Der trotz seiner dreistündigen Länge und stellenweisen
1607 3206 2785 3264 Breite interessante Schnitzler=Abend fand viel Beifall. Die
1603 3250 2794 3295 Renaissancebühne hat bisher vergebens nach einem Sensations¬
1607 3294 2795 3351 stück gesucht, und wer weiß, ob nicht gerade die ernste Literatur
1613 3335 2787 3397 diese Sensation ist. In so unwahrscheinlichen Theaterzeiten wie den
1600 3376 2078 3445 heutigen ist alles möglich.
2562 3388 2746 3456 L. Ifd.
1713 3425 2727 3494 — Im Onerntheater kammt Mittmach das 17#
