3344 4352
2065 195 2516 283 box 32/9
203 193 1900 297 26.1. Kongedie der NorteZukius
1845 505 2855 647 sctibis Teplitzer Zeitan.
1838 565 1995 627 vom:
2097 710 2688 811 Der neue Schnitzler.
2238 787 2883 861 Das Urteil über das neue Schnitz¬
2143 834 2883 907 ler=Werk, welches auch demnächst bei
2151 889 2891 946 uns aufgeführt werden soll, ist den
2147 944 2891 1013 Kritiken der Berliner und Wiener
2148 985 2647 1064 Rezensionen entnommen.
1965 1037 2881 1120 Eine Komödie der Worte nennt Schnitzler die
1884 1104 2884 1169 neuen Einakter, welche Dienstag an der Hofburg
1895 1161 2884 1216 und zugleich am Darmstädter Theater zur Erstauf¬
1904 1197 2883 1265 führung gelangte. Als Schnitzler dieses Werk zu
1895 1252 2874 1300 schreiben begann, war Frieden und so führt es in
1896 1298 2648 1352 die Zeit zurück, wo kleine Erlebnisse —
2680 1292 2879 1360 klein im
1898 1349 2879 1408 Vergleich zu dem Ringen des Weltkrieges, zu den
1889 1390 2889 1463 Tagesereignissen von heute, — „Schicksale“ hießen.
1898 1439 2894 1514 Der Titel sagt schon viel, fast alles: Worte die nur
1889 1495 2878 1558 Komödie spielen, leere Klänge sind, also von Men¬
1900 1541 2881 1599 schen gesprochen werden, welche Masken angelegt ha¬
1890 1593 2879 1646 ben. Menschen, wie sie vor dem Kriege waren, oder
1893 1651 2874 1703 zu sein vorgaben. Mit feinem Verständnis hat Sihnitz¬
1889 1701 2876 1754 ler die entsprechenden Gesellschaftskreise gewählt;
1889 1742 2874 1791 das eine Stück spielt in schriftstellerischen, das zweite
1897 1792 2871 1847 in ärztlichen Kreisen, das dritte hat die Kulissenwelt
1898 1842 2872 1913 zum Hintergrund. Und alle Menschen haben das eine
1895 1890 2878 1958 gemeinsam, daß sie durch Lug und Trug, durch Wider¬
1900 1945 2870 1994 setzung gegen das eigene Gefühl unglücklich werden.
1896 1988 2870 2053 Alle gehen gebrochen ab, aber mit Pose. Schnitzler
1895 2038 2873 2101 hat diese Krankheit unserer Zeit, die vor Ausbruch
1884 2090 2879 2157 des Krieges ihren Höhepunkt erreicht hatte, behandelt.
1894 2135 2870 2199 Aber er hat eine Komödie daraus gemacht. „Große
1891 2188 2865 2244 Szene“ heißt der Einakter, welcher der Kritik nach
1894 2237 2866 2291 zu schließen, den größten Erfolg hatte. An Konrad
1886 2286 2865 2349 Herbot, einem berühmten Schauspieler wird gezeigt,
1891 2335 2861 2394 wie manche Menschen das Recht des Lebensgenießers
1885 2385 2861 2450 des Verführers ohne Rücksicht und ohne Verantwor¬
1891 2440 2859 2497 tung für sich in Anspruch nehmen. Ihr Nimbus und
1895 2486 2860 2543 ihre Berühmtheit — Beredsamkeit, „Komödie der
1893 2532 2867 2589 Worte“ — waschen sie vor sich selbst wieder rein. Kon¬
1868 2595 2889 2662 rad Herbot hat eine Frau, die ihn liebt, wie Schnitz¬
1901 2717 2902 2809 lers idealste Frauengestalten eben lieben. Aber er ist
1910 2778 2895 2858 der echte Künstler, durchdrungen von seiner Unwider¬
1913 2832 2892 2908 stehlichkeit und Berühmtheit, trotz seiner Glatze und
1911 2884 2890 2941 seiner fünfundvierzig Jahre ein Verführer. Und er
1904 2926 2894 3016 betört die Braut eines jungen Mannes, bis der Bräu¬
1900 2981 2889 3061 tigam zu ihm kommt, um die Wahrheit zu hören.
1895 3025 2887 3105 Kein Duell, keine Ehrenbezeugungen, die Wahrheit.
1894 3066 2890 3144 Und Herbot wickelt ihn in ein Gewebe von Worten,
1897 3133 2886 3205 erklärt ihm, daß das Mädchen seinem Ruhm, seiner
1892 3178 2896 3268 Kunst nicht widerstehen konnte und treibt ihn zum ##
1902 3227 2890 3300 Traualtar in eine auf eine Lüge aufgebaute Ehe.
1890 3269 2882 3352 Herbots Frau weiß es. Sie weiß, daß sie betrogen
1885 3327 2885 3408 wurde, daß es oftmals geschah und oftmals geschehen
1895 3383 2879 3442 wird, aber sie kann auf eine Scheidung nicht ein¬
1894 3431 2878 3490 gehen.. Auch sie ist seinem Ruhm unterworfen. Eine
1899 3475 2880 3546 Komödie ist dieses Zusammenleben, aber es ist un¬
1887 3526 2877 3603 abwendbar. Auch die beiden anderen Einakter „Stunde
1886 3570 2876 3645 des Erkennens" und „Bachusfest“ behandeln solche
1884 3626 2882 3703 „wurmstichige Ehen“, als welche der Kritiker der N. F.
1880 3684 2868 3739 Preise diese Schnitzlerprobleme bezeiemet. Und den
1879 3722 2868 3797 Sieg, oftmals den unbewußten Sieg #es Phraseurs.
1973 3772 2875 3842 Dr. Bettelheim schreibt in der Voss. Ztg.: „Schon
1876 3813 2870 3887 einmal, im „Freiwild“ hat Schnitzler Schmierenvolk
1886 3869 2868 3942 mit überlegener Laune vor Augen gestellt. Seine
1883 3925 2868 3993 Charakteristik von Konrad Herbott und seinen Leuten
1886 3963 2867 4036 ist ein weit höher stehendes Virtuosenstück, dem glück¬
1881 4018 2852 4086 lichste Beobachtung der Wirklichkeit zu Grunde liegt.
1874 4062 2855 4131 Schnitzler war niemals witziger, als in diesem Wirbel¬
1881 4108 2873 4187 sturm von parodistischen Einfällen.“ Dr. Bettelheim“
