3392 4256
294 105 2011 195 26.1. Konoedie der WorteZyklus
798 450 1314 545 St. Petersburg, Toronto.
788 489 1742 604 (Oulingabe die Geum fhren und Seitener
1201 581 1412 655 Brünn.
502 626 920 711 Ausschnitt aus:
1141 639 1483 727 Abendblatt
508 702 962 807 vom: 16.0K1197
548 765 1554 943 Grater, Kanst und Teiterain.
510 911 1642 985 Schuk „Namndie der Wörte“ in Frankfurt a. M.
448 973 1661 1024 Aus Frankfurt a. M., 13. d., wird gemeldet: Gleichzeitig mit
441 1007 1652 1062 der Wiener Uraufführung brachte das Neue Theater in Frank¬
450 1046 1659 1103 furtia. M. Artur Schnitzlers „Komödi; der Worte“ zur Urauf¬
450 1089 1648 1146 führung. Die drei Einakter fanden eine sehr beifällige Auf¬
453 1117 1655 1187 nahme, namentlich der zweite Einakter „Die große Szene“
447 1150 1659 1228 dessen theaterhafter Schluß allerdings das Publikum unbefrie¬
449 1216 657 1286 digt ließ.
549 1235 1662 1310 „Komödie der Worte.“ Aus Darmstadt wird berichtet:
453 1281 1660 1355 Artur Schnitzlers drei Einakter „Komödie der Worte“ hatten
443 1330 1660 1378 am 12. d., am Darmstädter Hoftheater unter Baumeisters Regie
459 1348 1664 1429 aufgeführt, einen großen Erfolg, der besonders dem zweiten“
450 1395 1667 1470 und dritten Stücke galt. Der Vorstellung wohnten der Groß¬
450 1440 1672 1517 herzog und die Großherzogin mit vielen Gästen bei. Ferner
455 1485 1496 1558 waren zahlreiche deutsche Theaterdirektoren anwesend.
1387 1502 1683 1594 —
732 1538 795 1586 —
542 2013 1554 2098 Ausschnittigussewurecer Sburler
626 2113 960 2226 m: 10#1
752 2245 1306 2352 Lose Blätter.
526 2303 1596 2391 hb. Uraufführung von—Schuihlers=amödie der
453 2358 1595 2426 Morte“. Aus Frankfurt wird uns geschriehen: Am gleichen
455 2409 1602 2462 Abend wie in Wien und Darmstadt brachte am letzten Diens¬
459 2442 1598 2508 tag das Frankfurter Neue Theater Arthur Schnitzlers Ein¬
454 2476 1604 2555 akterfolge „Komödie der Worte“ heraus. In jedem der drei
466 2517 1605 2592 Stücke eröriert der österreichische Dichter jene Fragen, die er
472 2552 1611 2631 schon mehr als einmal aufgegriffen, mit denen er sich schon
461 2593 1614 2669 so oft und ausgiebig auseinandergesetzt hat: die Bedeutung
470 2630 1618 2710 der Frau in der Ehe, Wert und Sinn, Klippen und Aben¬
462 2668 1611 2748 teuer des Zusammenlebens — des wirklichen und des schein¬
469 2709 1613 2783 baren, vermeintlichen — von Mann und Frau. Neues
467 2752 1611 2826 bringt Schnitzler zu seinen Lieblingsthemen diesmal taum.
467 2789 1618 2856 Er begnügt sich damit, bereits Gesagtes ein wenig zu er¬
478 2828 1620 2913 gänzen, mit anderen Worten zu wiederholen. Der Dialog
479 2864 1614 2942 scheint indessen stellenweise matter, professoraler als in
476 2913 1625 2973 früheren Arbeiten. Der erste Einakter „Stunden des Er¬
479 2950 1618 3019 tennens“ erinnert inhaltlich und in der Linienführung leicht
475 2986 1615 3057 an die „Gefährtin". Doch reicht er an diese Dichtung nicht
486 3023 1627 3094 heran. Das zweite Stück gibt eine „Große Szene“ aus einer
480 3058 1616 3126 Schanspielerehe. Einzelne Auftritte sind in ihm trefssicher,
485 3099 1626 3171 das Ende aber nicht ganz frei von schwankhaften Zügen. „Das
766 3141 1623 3205 der dritte Einakter — ist am schwächsten ge¬
476 3164 772 3219 Bacchusfest“ —
486 3177 1622 3246 raten. Eine an sich brauchbare Komödienidee ist nicht recht,
491 3206 1619 3294 zur Entwicklung gebracht. Die Aufführung der drei Stücke
492 3252 1627 3326 unter Direktor Hellmers Regie verdiente Anerkennung. Von
486 3289 1625 3362 den Mitwirkenden verdient in erster Linie Marya Leiko als
479 3323 1626 3398 Klara Eckold genannt zu werden. Nach allen drei Stücken
489 3370 1639 3457 setzte lebhafter Beifall ein, der nach dem zweiten besonders
475 3429 711 3501 stark war.
598 3445 1024 3529 # wuni###.
2166 68 2582 169 hox 32/2
2292 1563 2835 1645 (Quellenangabe ohne Gewätr.)
2408 1626 2881 1727 eipziger Tagblatt,
2016 1651 2418 1758 Ausschnitt aus!
2225 1712 2736 1813 16 10. 1975 Leipzie
2021 1781 2180 1852 vom:
1991 1879 3092 1956 Uraufführung von Schnißlers „Komödie der Worte“
1985 1926 3202 1999 Aus Frankfurt=wirduns=Feschrieben Am gleichen Abend
1894 1983 3203 2048 wie in Wien und Darmstadt brachte am letzten Dienstag das
1896 2047 3194 2107 Frankfurter Neue Theater Arthur Schnitzlers Einakter¬
1899 2078 3210 2151 folge „Komödie der Worte“ heraus. In jedem der drei
1896 2125 3201 2200 Stücke erörtert der österreichische Dichter jene Fragen, die er
1897 2173 3193 2247 schon mehr als einmal aufgegriffen, mit denen er sich schon so
1897 2220 3203 2302 oft und ausgiebig auseinandergesetzt hat: die Bedeutung der Frau
1894 2272 3199 2333 in der Ehe, Wert und Sinn, Klippen und Abenteuer der Zusammen¬
1900 2312 3198 2376 lebens — des wirklichen und des scheinbaren, vermeinklichen — von
1905 2368 3203 2434 Mann und Frau. Neues bringt Schnitzler zu seinen Lieblings¬
1894 2412 3205 2485 sthemen diesmal kaum. Er begnügt sich damit, bereits Gesagtes
1893 2460 3204 2525 ein wenig zu ergänzen, mit anderen Worten zu wiederholen.
1900 2509 3202 2575 Der Dialog scheint indessen stellenweise matter, professoraler als
1905 2550 3205 2645 in früheren Arbeiten. Der erste Einakter „Stunden des
1903 2607 3198 2679 [Eckennens“ erinnert inhaltlich und in der Linienführung
1905 2656 3203 2723 leicht an die „Gefährtin“. Doch reicht er an diese Dichkung
1904 2703 3206 2796 nicht heran. Das zweite Stück gibt eine „Große Szene“
1911 2751 3213 2812 aus einer Schauspielerehe. Einzelne Auftrikte sind in ihm
1906 2808 3214 2875 treffsicher, das Ende aber nicht ganz frei von schwankhaften
1907 2850 3135 2933 Zügen. „Das Bachusfest“ — der dritte Einakter —
1916 2895 3218 2967 am schwächsten geraten. Eine an sich brauchbare Komödienidee
1900 2943 3217 3009 ist nicht recht zur Entwicklung gebracht. Die Aufführung der
1909 2986 3220 3067 drei Stücke unter Direktor Hellmers Regie verdiente An¬
1906 3041 3215 3113 erkennung. Willy Schröder spielle Dr. Eckold, Konrad Herbet
1905 3087 3221 3158 und Felix Staufner mit Hingabe und Temperament. Von den
1903 3127 3224 3206 Mitwirkenden verdient in erster Linie Marya Leikö als Klara
1908 3188 3236 3254 Eckold genannt zu werden. Nach allen drei Stücken setzte leb¬
1915 3246 3236 3310 hafter Beifall ein, der nach dem zweiten besonders stark wak.
2046 3295 3096 3397 Gemäldeausstellung im neuen Museum in Wiesbaben“
2402 3986 2493 4069 S
