3344 4384
1148 256 1237 326 N
172 258 1985 341 26.1. Konoedie der orte zykIus
1214 934 1914 1015 PeUiden Oellusersiteel
512 944 1068 1038 altlertbeatere —W..
426 1118 539 1188 700
965 1116 1453 1209 Der Koland von Berlin
421 1254 1889 1306 zu seiner reinlich fühlenden Frau ein, um sofort der nächsten Ver¬
416 1308 1877 1360 suchung zu erliegen, die Braut seines Freundes zu verführen und mit
425 1360 1882 1425 diesem Pflänzchen einen Brief abzukarten, durch den er auch den be¬
421 1400 1887 1451 trogenen Freund und Bräutigam hinters Licht führen kann. Und
419 1454 1880 1509 als der junge Mann erscheint, um ihn auf Ehre und Gewissen zu
426 1498 1887 1564 fragen, ob er der Geliebte seiner Braut gewesen, spielt er mit Hilfe
423 1560 1887 1624 jenes Briefes eine große Szene vor, die in der Tat schwerlich ihres¬
420 1606 1879 1656 gleichen hat. Die Mischung von Genie und Kindlichkeit, von Tempe¬
418 1651 1881 1714 rament und Arglosigkeit, von Begeisterung und Schuftigkeit, das jäh
420 1709 1894 1759 durcheinanderflutende Chaos aller menschlichen Empfindungen und
423 1751 1904 1800 dieser vollendete Inbegriff der Komödianterei, wobei jeder Nerv des.
420 1780 1888 1862 Bühnenhelden spielerisch verzückt mit verhängten Zügeln durchgeht,
429 1846 1888 1896 das ergab eine Rolle straff aus einem Guß, wahr wie das Leben selber
427 1894 1888 1964 und mit einem unglaublichen Reichtum genialer Einzelheiten." M. N.
465 1996 1881 2062 Dem Umstand, daß Rudolf Bernauer wegen „Reigung zu Blind¬
418 2072 1886 2133 darmentzündungen" und Rudolf Schanzer wegen „bogenförmig
425 2117 1890 2179 gekrümmter Zehen“ vom Heeresdienst in der österreichischen Armee
422 2166 1890 2222 befreit sind, verdankte Berlin den höchst vergnüglichen und ergötzlichen
424 2219 1892 2268 Abend, an dem die Uraufführung des neuen Scherzspiels der beiden
424 2264 1894 2326 Dienstuntauglichen im Berliner Theater stattfand. Der Titel des
427 2309 1879 2359 Werkes heißt „Wenn zwei Hochzeit machen“, und es braucht nicht be¬
420 2360 1879 2422 sonders betont zu werden, daß diese Worte dem großen Schlager entnom¬
420 2415 1877 2467 men sind, der dalautet: „Alle Englein lachen, wenn zwei Hochzeit machen,
419 2474 1883 2529 die Glocken läuten bim und bam, da wird ein kleines Fräulein zur Ma¬
421 2516 1884 2554 dam.“ Dieser gemütvolle Kehrreim, der am Premieren-Abend drei¬
422 2563 1881 2628 mal wiederholt werden mußte, wurde durch die dreifache Wirksamkeit
426 2614 1878 2668 des Komponisten Walter Kollo, des Maschinenmeisters Wilhelm Wolff
423 2659 1891 2706 und des Malers Svend Gade noch gehoben und unterstützt. Denn die
423 2706 1891 2754 Seinschmeichelnde Melodie prägte sich sofort in die mehr oder minder
430 2761 1892 2823 kleinen Ohren der Hörer ein, und eine Schar von hübschen jungen
433 2803 1887 2859 Mädchen im Biedermeierkostüm und von kleinen Liebesgöttern im
420 2856 1892 2903 Alter von sieben bis neun Jahren in der bekannten mythologischen
421 2908 1880 2972 Tracht tanzte dazu vor einem malerischen Hintergrunde, den die Über¬
427 2956 1888 3015 raschung einer geschmackvollen Transparent-Dekoration vor Augen
439 3004 1887 3055 führte. Es wäre aber ungerecht zu verschweigen, daß auch die übrigen
428 3059 1887 3115 sechzehn Gesangsnummern ungemein hübsch und wirksam waren, wenn
434 3105 1891 3153 sie auch die Durchschlagskraft des Hauptschlagers nicht erreichten. Da
421 3160 1893 3214 man in diesen Zeiten an allen Ecken und Enden sparen soll, so wollen
417 3202 1885 3249 wir es uns auch ersparen, den Inhalt der lustigen und übermütigen
416 3246 1888 3303 Posse wiederzugeben, und nur feststellen, daß die Darstellung den
424 3297 1890 3361 Löwenanteil an dem großen Erfolg hatte. In erster Linie Herr Sabo
422 3349 1885 3397 und Fräulein Weise, in zweiter Fräulein Kenter und Herr Schünzel;
427 3396 1879 3444 Herr Plaut holte sich mit seinen trefflichen Bassermann- und Moissi¬
426 3427 1890 3507 Parodien einen jubelnden Extrabeifall und Frau Josephine Dora
422 3506 1874 3562 erntete durch ihren meisterhaften Coupletvortrag und ihr liebens¬
413 3543 1339 3618 würdiges Spiel wohlverdienten Applaus.
2027 253 2484 345 box 32/3
2373 996 2997 1087 AaOKI.Sic auit
2196 1029 2355 1098 vom:
2336 1066 2969 1224 Beriner Sbesellt
2058 1209 3166 1279 Arthur Schnitzlers „Lomödie der Worte“
2336 1262 2896 1342 rm Tessingtheater.
2022 1289 3283 1371 Wenn irgendwo, mußten hier im Lessingtheater die drei
1961 1360 3281 1436 Schnitzlerschen Einakter, die der Titel als Sinnspruch zusammen¬
1957 1397 3283 1475 #irdet, ihre Werte gegen ihre Schwächen erfolgreich geltend
1971 1454 3283 1499 nchen. Weil auf dieser Bühne noch immer viel von der Ueber¬
1977 1486 3284 1547 geserung des Stils lebendig ist. der vormals die stillen, nachdenk¬
1972 1517 3286 1591 ichen, komplizierten Dramen des Wieners zu unseren starken
1973 1556 3281 1625 Erlebnissen machte. Schnitzlers Schauspieler müssen nicht nur
1983 1608 3276 1657 Wortperlen in schlichter Fassung, sie müssen auch das geben
1971 1647 3280 1703 können, was hinter leisen Worten liegt. In der ersten der
3171 1677 3285 1743 die
1972 1677 3139 1742 drei Tragikomödien („Stunde des Erkennens“) i
1979 1718 3290 1778 Lüge das Schweigen. Frau Klara hat — es sind nun zehn Jahre
1978 1763 3287 1833 her, und ihre Ehe besteht zwanzig Jahre! — ihrem Gatten ver¬
1977 1814 3282 1869 schwiegen, daß sie sich einmal einem anderen Manne gab. Und
1970 1847 3284 1915 auch der Gatte, der vom ersten Tage an wußte, daß er gehörnt
1972 1879 3279 1953 wurde, hat zehn Jahre lang geschwiegen. Hat schweigend ge¬
1971 1929 3278 1990 logen, sogar in den Schäferstunden, in denen er, wie er jetzt er¬
1974 1969 3290 2025 klärt die gehaßte betrogene Betrügerin zu seiner Dirne ernie¬
1973 2001 3287 2066 drigte. Das ist nicht bloß unmenschlich, es ist vor allem außer¬
1978 2049 3289 2104 menschlich und unglaubwürdig. Ersonnen wurde es, um einen
1972 2088 3279 2145 Menschen zu zeigen, der die Nache kalt genießt. Der Nächer
1982 2130 3275 2188 Albert Bassermanns war ein weiß=glühender, nicht schmel¬
1976 2164 3289 2228 zender Stahl. Man bewunderte den Schauspieler, ohne an seinen
1997 2206 3286 2272 Doktor Eckold zu glauben. Noch weniger löste Lina Lossen
1978 2252 3292 2307 die Rätsel des tief gedemütigten Weibes, das seelisch treu und
1990 2298 3286 2357 körperlich untreu gewesen. Aus dieser Künstlerin sprechen viele
3147 2333 3282 2385 Auch
1989 2339 3157 2394 feine Stimmen, nur gerade nicht die des heißen Blutes. —
1977 2375 3279 2430 die zwei anderen Einakter spielen um geborstene Ehen. Doch ums
1984 2411 3278 2470 Eheproblem ist es Schnitzler diesmal nicht zu tun. Höchstens
1982 2468 3276 2518 sagt er: es gibt kein allgemein gültiges Problem dieses Namens.
1998 2498 3283 2561 In dem ersten Stück ist der Riß unheilbar, im dritten Einakter
1976 2540 3278 2600 [„Das Baechusfest“) wird er geheilt, im zweiten wird er
1977 2582 3278 2637 täglich aufs neue verschuldet und verziehen. Schnitzler geht in
1985 2619 3290 2674 allen drei Stücken mit zarttastender Hand der heimlichen Verbin¬
1976 2659 3291 2715 dung von Lüge und Wahrheit in den Worten und im Gehirn der
1985 2695 3286 2765 Menschen nach. Der Schauspieler Konrad Herbot (in dem Ein¬
1979 2731 3286 2792 ukter „Große Szene“) ist ganz Lüge. Und dabei ist geradeer,
2460 2789 2661 2844 S
1984 2823 3275 2888 der im Spiele, in der Phantasie lebt, am wahrhaftigsten, weil der
1976 2870 3272 2924 Trug (und Selbstbetrug) seine wahre Natur ist. Schade, daß die
1994 2899 2041 2941 2.
1993 2910 3273 2971 Frau, die angeblich seine künstlerische Ergänzung sein soll, das
1983 2951 3275 3009 nicht versteht! Unwahrscheinlicher, als der Wortetäuscher, ist die
1978 2996 3274 3049 redliche Frau. Sie wurde von der großen Szene, in der der
1973 3011 3288 3090 Komödiani den Bräutigam eines von ihm verführten Mädchens
1969 3056 3278 3128 glängend nasführt, ernüchtert; während wir Zuschauer im Parkett
1983 3113 3283 3168 vom Dichter und vom Schauspieler (Bassermann) geblendetz¬
1976 3136 3298 3208 waren. So stark war die Wirkung des Bassermannschen Vir####
1983 3187 3292 3245 tuosenstücks, daß nicht einmal eine knapp vorübergegangene
1977 3238 3280 3285 [Panik dem Erfolg schaden konnte. (Ein Heizungsrohr war
1979 3282 3290 3342 geplatzt, es entstand peinliche Unruhe, das Spiel mußte unter¬
2929 3312 3280 3368 Bassermann. die
1970 3309 2776 3369 lbrochen werden, der Vorhang fallen ..
1985 3361 3287 3413 Karyatide dieses Schnitzler=Abends, spielte dann noch im „Bacchus¬
1986 3403 2123 3454 fest“.
2115 3397 3281 3448 dem Schwank mit halb=geöffneter tragischer Per¬
1985 3430 3292 3492 spektive, jenen klugen Dichter, der sein schon flügges Vögelchen
1982 3473 3284 3529 im letzten Augenblick noch einfängt; seine Frau wieder gewinnt
1985 3520 3278 3569 mit einer lockeren Lüge=Dichtung, die er heiteren Mundes und
1974 3551 3283 3610 wehen Herzens vorträgt. — Von dem Dank, den die Zuschaugt
1984 3601 3284 3657 reichlich dem Dichter zollten, mag dieser ein redlich Teil seinem
2740 3627 3234 3710 Hermann Kiynzs.
1951 3646 2439 3707 Schauspieler abgeben.
