3392 4384
229 189 2548 291 26.1. Komoedie der Worte zyklus box 32/1
2931 1287 3066 1374 M
112 1336 3058 1406 er die so lange aufgesparten Worte! uns durch den darin behandelten Stoff sehr bekannt an.  theater gespielten Einakter „Die Stunde der Entscheidung“
115 1383 1939 1453 ng, um die Ehebrecherei von einst aus Wieder einmal sind es das von dem berühmten Schauspieler
1926 1384 3064 1463 von Hans Saßmann. Auch hier hat eine junge Frau
111 1416 3061 1478 . Er würde vielleicht auch jetzt noch oder Sänger auf das weibliche Geschlecht überströmende (Fräulein Wolgemuth) während der Abwesenheit ihres
107 1477 1941 1533 Inn nicht sein Jugendfreund und ver¬ Fluidum der Unwiderstehlichkeit und die dimit in Zusammen¬
1923 1489 3054 1550 Gatten (Herr Walden) Beziehungen zu einem anderen
114 1522 1926 1589 er (Herr Devrient), dem er seine hang stehende Skrupellosigkeit in bezug auf Liebesverhältnisse,
1924 1530 3051 1587 jungen Manne (Herr Romberg) angeknüpft und die
114 1565 844 1619 det, gerade wieder von sich in
820 1568 1925 1628 die hier auf der Bühne Verwertung finden. Frank Wede¬
1927 1576 3058 1642 beiden sind entschlossen, vor den heimkehrenden Gatten mit
112 1599 831 1665 n machen würde. Dabei ist aber
829 1615 1938 1674 kinds „Kammersänger“ und Hans Müllers „Reizender
1922 1604 3052 1685 der Erklärung hinzutreten, daß sie sich in Zukunft ganz
119 1639 823 1705 seinerzeit allerdings auch um die schöne
819 1659 1935 1709 Adrian“ sind zwei bekannte Variationen dieses bei Schrift¬
1928 1658 3063 1722 angehören wollen. Bei Saßmann kommt es zur unver¬
104 1678 830 1756 rem Gatten etwas entfremdete Frau
832 1704 1934 1757 stellern sehr beliebten Vorwurfes. Der Hofschauspieler Konrad
1927 1708 3050 1776 hüllten Aussprache und der Gatte triumphiert schließlich
138 1732 828 1792 rnicht zu seinem Ziele gekommen,
817 1746 3049 1808 Herbot (Herr Walden) hat wieder einmal eines seiner durch seine überlegene Ausnützung der Situation. Bei
131 1768 827 1846 Trösters hatte damals ein anderer
824 1794 1929 1853 zahlreichen Abenteuer hinter sich, das sich in der Sommer¬
1927 1795 3046 1860 Schnitzler spielt sich das Ganze im Salzburger Bahnhofs¬
113 1831 832 1881 rztes, ein seither halb verschollener
820 1833 1932 1886 frische angesponnen hatte. Diesmal scheint es aber, als ob
1913 1836 3051 1902 restaurant ab, wo die junge Frau und ihr Geliebter den
116 1868 831 1919 hmen, dem der betrogene Ehemann die
812 1875 3059 1943 es nicht ohne ernste Folgen bleiben sollte. Nicht nur, daß Gatten, einen Schriftsteller von Ruf, erwarten. Aber dieser
108 1894 826 1963 zugetraut hätte. Der späte Rächer
824 1910 1922 1980 Herbots Frau Sophie (Frau Medelsky), die ihrem Gatten
1920 1927 3050 1994 läßt es gar nicht zu einer Erklärung kommen. Sobald eine
100 1955 826 2019 lt seine plötzlich zur Disposition ge¬
814 1964 1927 2023 schon unzähligemal seine Seitensprünge verziehen hatte, dies¬
1929 1968 3045 2040 solche bevorzustehen scheint, springt er sofort auf einen
120 1992 835 2062 mit harten Worten. Als sie ihn an
823 2009 1932 2057 mal keinen Spaß mehr verstehen wollte, den Gewohnheits¬
1925 2011 3056 2073 neuen Gesprächsstoff über und weidet sich an der Verlegen¬
108 2046 830 2111 Ert, die in die Zeit fielen, in der er
827 2054 3045 2120 ehebrecher verließ und sich erst nach langem Bitten dazu ent= heit des eine immer lächerlicher werdende Rolle spielenden
108 2078 816 2147 Fhebruche gewußt hatte, sagt er ihr
812 2106 1939 2166 schloß, noch einmal Gnade walten zu lassen — eines Tages
1917 2103 3051 2171 Paares. Den Trumpf spielt er schließlich damit aus, daß
109 2131 835 2197 amals nicht als Gattin, nicht einmal
814 2140 1930 2193 taucht auch der Bräutigam der jungen Dame auf, die
1922 2141 3045 2208 er den beiden den Grundgedanken seines soeben vollendeten
104 2177 830 2242 rr mehr ein sexuelles Bedürfnis ge¬
819 2187 1921 2238 des Schauspielers letzter Schwarm gewesen war, und fordert
1921 2190 3052 2252 Dramas „Das Bacchusfest“ erklärt. Nach einer Nacht, die
114 2213 819 2278 hätte es leicht, sich dafür dadurch zu
814 2229 1920 2283 Llufklärung über die ihm zu Ohren gekommenen Gerüchte.
1924 2230 3044 2295 alle Bande der Verwandtschaft und der Sitte gelöst hatte,
104 2275 827 2321 m Manne seinen Irrtum enthüllen
814 2272 1922 2328 Herbot, der an diesem Abend noch den Hamlet spielen
1927 2276 3046 2343 konnten diejenigen, die von der ihnen gestatteten Freiheit
127 2309 1928 2371 twürde sicher darunter schwer leiden, (oll, leistet sich vorher noch eine „große Szene“ in seinem
1929 2318 3056 2379 Gebrauch gemacht hatten, beim Morgengrauen ungestraft
111 2352 3050 2416 ßte, daß nicht der wegen seiner Erfolge Hause, um den Bräutigam zu überzeugen, daß „nichts vor= wieder heimkehren. Wem es nach einer zweiten Zusammen¬
98 2396 1932 2458 osse, sondern der verbummelte Schrift= gefallen sei“. Das heißt, er spielt dem armen, schon vor
1914 2403 3049 2471 kunft gelüstete, setzte alles aufs Spiel. Die Erzählung tut
113 2447 3037 2515 mit Geringschätzung blickte, ihn eine der Hochzeit Betrogenen eine schon vorher mit dem Mädchen ihre Wirkung. Der junge Mann besteigt den soeben in die
108 2482 826 2549 Herzen seiner Frau verdrängt hatte.
813 2492 3041 2558 verabredete Komödie vor. Als er seinen Zweck erreicht hat, ist Halle einfahrenden Schnellzug nach Paris und die unge¬
110 2520 829 2590 icht auf, sondern geht aus dem Hause,
823 2539 3044 2587 ec darauf stolzer als auf seine vielbewunderten Bühnen=treue Gattin, die nicht weiß, ob sie ihren Mann bewundern,
109 2570 1921 2636 Zweifel lassend, ob sie den Tod sucht,erfolge. Seiner Frau aber, die der „großen Szene“ im
1917 2570 3033 2639 hassen oder lieben soll, ist wieder bekehrt — bis zu ihrem
100 2612 1924 2676 en nachspürt, oder etwa bloß nach Nebenzimmer beigewohnt hatte, graut vor einer solchen
1918 2623 3042 2688 nächsten Abenteuer. Herr Walden war in diesem Stücke
116 2659 1928 2718 das neue Heim ihrer erst vor wenigen Meisterschaft im Lügen und sie will Herbot neuerdings, dies¬
1929 2653 3052 2733 vielleicht am besten. Vorzüglich war auch Herr Romberg
94 2692 827 2768 chter ist. Dieses Stück ist eine un¬
811 2711 1916 2764 mal aber endgültig verlassen. Nur die Ueberzeugung, daß
1918 2702 3045 2772 in seiner Mischung von Unverschämtheit und Verlegenheit,
107 2757 1924 2817 on Unwahrscheinlichkeiten, von welchen dieser immer wieder rückfällig werd##. Sünder gar nicht
1912 2753 3036 2814 dem Fräulein Wolgemuth dagegen war in seiner Rolle
104 2795 1920 2854 ist als die andere. Der völlige Mangel das Bewußtsein einer Schuld hat, timmt Sophie nochmals
1920 2798 3043 2856 sichtlich gar nicht wohl zumute. Wenn das Publikum den
101 2837 1935 2909 Glages läßt die Breitspurigkeit des zur Versöhnung. Den beiden bereite genannten Trägern der
1913 2842 3040 2904 Bühnenvorgängen trotz allem mit Interesse folgte, so war
106 2870 1930 2949 glicher erscheinen. Frau Bleibtreu Hauptrollen standen Fräulein Ku#schera sowie die Herren
1910 2886 3044 2955 dies in erster Linie der Darstellung zu danken. Das Burg¬
105 2907 3040 2980 lden und Devrient taten alles,[ Tiedtke und Gerasch in den Nebenrollen zur Seite. theater hit für Herrn Schnitzler schon sehr viel getan,
117 2965 712 3030 Lebenswahrheit zu verleihen.
895 2973 2583 3042 Das den Abend beschließende „Bacchusfest“ hat frap= mehr als es verantworten kann ..
110 3003 1985 3094 nakter, „Große Szen““ betitelt, mutet pante Aehnlichkeit mit dem gegenwärtig am Deutschen Volks¬
2611 3006 3009 3100 A. Schreiber.
