3344 4384
2089 195 2535 284 box 32/1
216 199 1967 285 26.1. Kongedie der Worte—Zyklus
303 556 751 639 Ausschnitt aus:
747 555 1436 694 llgemeine Sport Zeitung, Wien.
538 627 771 704 17.0K113
295 660 474 724 vom:
688 780 1112 907 THEATER.
477 898 1381 993 DIE LETZTE WOCHE hat non auch im Burg¬
369 928 1384 1027 thenter die erste Neunallübreng dieser Spielzeit pebracht.
371 978 1389 1058 Es seht um Arfur Schnminenserklerbintts Komödie
361 1019 1387 1095 del Wortes in pewisser Berichung ähnlich wie um die
366 1061 1389 1142 =Mona Lisas der Hofoper: Auch in diesen Stücken macht
362 1102 1384 1193 sich eine ungesunde, perverse Arflassung der iche breit:
357 1131 1383 1217 freilich in ganz underer Weise, nach der dekallenten Seite
348 1180 1383 1260 hin, und, wie bei Schnitrler selbs verstendlich, mit Geist
348 1199 1388 1293 und größter Feinheit ausgefahr. Wenn man sich mit dem
349 1254 1393 1329 Stofflichen dieser Ehebruchskomö lien betreunden will oder
356 1289 1370 1373 sich wenigstens darüber hinwegsetzen kann, Musi man in
1825 1294 2264 1391 Ausschnitt aus:
348 1337 1372 1405 der Tat ein hones Vergnügen an der Kunst der Menschen¬
355 1362 1379 1460 schilderung üindes, die Senntteler mit größter Vollendung
2192 1354 2931 1476 Montage-Blatt (publ. Blätt.), wien
1827 1402 1982 1460 vom:
348 1402 1366 1496 betreilst. Zudem tut das Burgtheater sein Allerbestes dazu;
1961 1405 2318 1526 KAL
342 1448 1357 1516 das Spiel der Heiren Walden, Devrient, Komberg, Gerasch,
353 1479 1367 1563 Tiedhke, der Damen Bleibtren, Medelsky, Kutschern und
1833 1513 3018 1595 (Burgtheater.) „Komödie der Worte“, d oi Einakter von Arthur?
349 1519 1362 1593 Wolgemüth is###die Natürhchkeit silber und damit die
2085 1553 2987 1633 Und wieder ist die Seele ein weites La#d
333 1553 1362 1627 vollkommensfe Lösung der Aufpeben, die Schnitler
343 1587 588 1662 Stel.—u.
1759 1557 2962 1664 JrhMrckegenug und abseits von allem Kriegstumult den Rit,
1799 1634 2863 1713 es repräsentativen österreichischen Dichters zu ermöglichen. 0
1760 1665 3011 1763 nur geschmackvoll und klug, wenn Schnitzler anno 15 innerhal##
1762 1708 3003 1795 seiner erotisch=psychologischen Pfähle bleibt. Hinterland, Unterlan##
1762 1747 2914 1823 Ob dieses Grenzbewußtsein auch — mutig ist? Also er ist d
1747 1792 3028 1882 Alte geblieben in jedem Sinne. Zwischenspiele zum „Zwischenspiel“, ##
1758 1826 3009 1896 wieviel Varianten lassen sich schließlich in einem so unendlich weiten
1755 1864 2972 1946 Land finden! Selbstbetrug, Hysterie, Mannesseele, Masken der
1751 1902 2971 1998 Liebe und des Hasses, Mißverständnisse durch die Ehe unt in der
1751 1939 2763 2023 Ehe, Versteckenspiel, Unterbewußtsein, Verdrängungen
432 1951 876 2048 Ausschnitt aus:
1743 1979 2975 2046 kommt man ganz von selbst auf die Terminologie der von Freud
1139 1979 1512 2073 ## Bern
1749 2021 2964 2105 geschaffenen und seinen Schülern (Dr. Stekel) praktischer demon¬
439 2039 880 2125 vom: 17.0KT197
1742 2060 2966 2145 strierten Theorien. Traumdeutung ist noch Kinderspiel dagegen;
1741 2112 2969 2193 Gedankenlesen muß der Hörer. „Stunde des Erkennens": Extrakt
1746 2142 2954 2222 aus zwei Liebes= und einem Ehedrama. Wie beim Liebigtopf
419 2150 1384 2242 Diel drei Einakter „Stunde des Erkennens“
1742 2183 2964 2261 eigentlich nur in Verdünnung genießbar, Zu dem einen Akt sollten
406 2201 1370 2268 „Große Szene" und „Das Bacchusfest“ von
1748 2218 2963 2305 die siebzig angeschlagenen Motive und Themen nach Art der Wagner¬
431 2261 1372 2331 rthur Schni#L##-Büh¬
1739 2259 2952 2321 führer in einem Heftchen beigegeben sein. Die Arbeit wird
394 2287 1403 2367 sienwerk „Komodie der Worte“, das für
1738 2298 2967 2384 wenigstens erleichtert und so vielleicht der Genuß. Aehnliches gilt
1739 2341 2952 2428 vom „Bacchusfest“, das aber durch lustige Episoden und das
781 2349 971 2428 —
1733 2380 2952 2458 Bahnhofsmilieu erfrischender wirkt. Motive aus dem „Konzert“
363 2422 1361 2478 die diesjährige Spielzeit von den meisten dert¬
1732 2416 2958 2502 von den Franzosen sogar tauchen auf; das mit dem Dionysosfest
364 2451 1336 2512 chen Bühnen angenommen wurde, sorben im
1738 2454 2957 2531 scheint aber wie eine aufgeklebte, geistreiche Arabeske wird etwas
356 2499 1360 2563 Verlag von S. Fischer, Berlin, in Buchform
1735 2500 2953 2578 gewaltsam dazu komponiert. „Große Szene“, das Mittelstück, ist
1729 2536 2944 2622 wie beim Karpfen das Beste. Seit der Schauspielerin im „Reigen“.
366 2538 1353 2617 erschienen. Das Werk wurde in Frankfurt.
1733 2571 2953 2658 hat Schnitzler die Komödiant der Bühne und des Lebens nicht
367 2589 1340 2670 Darmstadt und Wien beifällig aufgenammen.
1716 2609 2958 2712 besser geschildert. Ein Bravouxstück des Wortvirtuosen Herbst, des
1781 2665 1990 2727 —
521 2642 1193 2728 Ein Prophet des Lusterleges
1697 2724 2910 2839 Dichters Schnitzier. — Walden in allen drei Stücken ganz
1689 2775 2915 2868 famos, am besten als Schauspieler, eine Rolle, die sich freilte von
1691 2808 2913 2907 selbst spielt. Frau Medelsky säuselte wieder unerträglich, Frau
1691 2846 2911 2950 Wohlgemuth war pikant und nervös, Frau Bleibtreu
1687 2889 2912 2997 bewahrte Stil und Haltung. Frl. Kutshera, die Herren Deorient,
1673 2932 2947 3060 Tiedtke, Romberg, Geraich durchaus burgtheatergemäß. Schnitzler 1#
1680 2969 2059 3045 wurde oft gerufen.
2071 3010 2146 3099 1200
