3344 4352
2153 134 2468 232 box 32
268 178 1996 281 26.1. Konoedie der Vorte zyklus
503 1019 1561 1156 Ausschnitt abelliner Neueein Nachtichten
513 1178 695 1251 vom:
817 1176 1076 1246 2408715
1042 1200 1120 1283 1
1649 1250 2846 1352 in den Typen der „Komödie der Worte“ darstellen, die sich durch
1655 1322 2847 1394 nichts, auch gar nichts von der großen Herde unterscheiden,
661 1290 1382 1409 „Komödie der Worte.“
1653 1368 2859 1435 und nur in seinem dichterischen Mikroskop als dramatische Fi¬
433 1385 1636 1462 1 Drei Einakter von Arthur Schnitzler. —
1649 1406 2014 1475 guren erscheinen.
453 1433 562 1506 S.
676 1446 1401 1541 Erstaufführung im Lessing=Theater.
1726 1468 2840 1541 Wer ist in der „Stunde des Erkennens“ tragisch,
1641 1505 2856 1586 der Gatte, die Frau oder der Dritte, der in diesem Falle einmal
515 1512 1623 1597 Der Titel stimmt bis auf das Tüpfelchen über dem i.
1644 1553 2849 1611 ausnahmsweise nicht der „gaudens“ ist. Der Gatte glaubt zehn
428 1577 1628 1649 „Komödie der Worte“ — das Alpha und Omega unseres ge¬
1653 1602 2847 1666 Jahre lang, daß sie ihn mit einem anderen betrogen hat. Er
437 1616 1634 1674 wöhnlichen Lebens. Wir wissen gar nicht, daß wir je nach
1645 1627 2839 1719 schweigt aber und weist sie erst aus seinem Leben, als seine
433 1657 1630 1727 Anlage gut oder schlecht schauspielern, wir nehmen uns näm¬
1642 1682 2848 1742 Tochter sich vermählt hat. Nun hat sie ihn allerdings einmal
431 1698 1625 1770 lich selbst furchtbar ernst, und wenn uns dann ein Dichter
1634 1714 2852 1804 betrogen, aber nicht mit dem verdächtigen andern, sondern mit
434 1733 1637 1813 den Spiegel vorhält, dann schlagen wir uns an die Brust und
1642 1779 2839 1836 einem „ganz andern“, in dessen Arme sie sich ohne Liebe ge¬
428 1777 1634 1861 sind sehr stolz, nicht zu sein wie „diese“. Man darf für diese
1644 1821 2835 1891 flüchtet hat, um dem „andern“ nicht aus Liebe zu verfallen.
430 1825 1641 1906 merkwürdige Erscheinung nicht allzu starke Worte wählen,
1650 1865 2847 1938 Und auf diesen verzwickten Irrgang ihrer Leidenschaft baut
428 1873 1637 1951 sintemalen der größte Teil der Menschheit in dem berüchtigten
1642 1908 2847 1976 sie ihre Verteidigung auf, indem sie dem wahren Geliebten
432 1915 1632 1982 Glashaufe sitzt, aus dem man nicht mit Steinen werfen darf.
1631 1951 2837 2014 und nie Beglückten beichtet. Dann zieht sie es vor, zu sterben.
434 1945 1641 2030 Man soll aus Rücksicht auf sich selbst nicht von Heuchelei und
422 2004 1633 2073 Betrug, sondern höchstens von Selbsttäuschung sprechen, die
1715 2001 2832 2086 Die „Große Szene“ ist einfacher, natürlicher und
422 2044 1625 2117 mit schönen und guten Worten aufgeputzt nud freundlich ge¬
1641 2047 2832 2124 brutaler. Ein Komödiant, der aus Gewohnheit und Natur¬
424 2079 708 2149 staitet wird.
1635 2108 2835 2175 anlage Frauen gegenüber ein ausgemachter Hallunke ist, hat
1646 2144 2837 2214 sich an der Verlobten eines Andern vergangen. Er gelobt
506 2135 1622 2210 Alle diese Leute, mit denen sich Schnitzler gewohnheits¬
1640 2187 2840 2239 seiner Gattin mit Krokodilstränen Besserung und phantasiert
420 2186 1638 2257 mäßig beschäftigt, haben nicht, wie arglose Gemüter annehmen
1007 2235 1056 2271 4
1641 2235 2832 2298 von Wahrheit und Ehrlichkeit große Stücke. Fünf Minuten
430 2239 1630 2299 könnten, einen Knax, sondern sind ganz gewöhnliche Durch¬
1642 2275 2833 2334 später muß seine Frau Zeugin sein, in wie abgefeimt=nieder¬
418 2275 1627 2359 schnittsmenschen, deren Aufrichtigkeit gegen sich selbst dank
1646 2319 2834 2388 trächtiger Weise er den armen Betrogenen, der ihn auf Ehre
422 2296 1625 2389 ihrer mäßigen Begabung auf dem Nullpunkt steht, und die
1636 2354 2830 2425 und Gewissen nach den Beziehungen zu seiner Braut fragt,
415 2343 1630 2428 Worte gebrauchen, um ihre fadenscheinige Ethik zu bemänteln,
1636 2400 2839 2476 mit Hilfe eines abgekarteten Briefes und unter Aufbietung
420 2411 1626 2472 wohlgemerkt im besten Glauben. Hallunken, die absichtlich
1639 2448 2833 2498 aller Kulissenreißereien übers Ohr haut. Er spielt die „Ko¬
420 2440 1629 2515 die „Komödie der Worte“ spielen, gibt es natürlich auch, aber sie
1635 2488 2832 2557 mödie der Worte“ bis zur äußersten Konsequenz. Er betrügt
424 2495 1624 2556 ssind ebenso vereinzelt wie gewöhnliche Verbrecher. Die Brüchig¬
1634 2531 2833 2589 und belügt seine Frau und schwatzt ihren Abscheu in Grund
414 2534 1637 2615 kkeit des Seelenlebens ist eben eine Folge der nur äußerlich
1630 2564 2841 2641 und Boden, und führt eine ganze Tragikomödie auf, um sie
420 2581 1626 2643 aufgenommenen Kultur. Die paar Menschen, die über diesem
1629 2609 2838 2697 wieder dumm zu machen. Schön ist dieser Blick in die Welt
411 2625 1617 2683 Standpunkt stehen, werden sich durch Schnitzlers Peitschen¬
1638 2655 2596 2725 des Theaters nicht, aber echt, unangenehm echt!
409 2654 1624 2738 hiebe nicht getroffen fühlen, und die Anderen, die es angeht,
421 2689 1623 2761 werden nicht einsehen, daß sie damit gemeint sind und gar
1712 2711 2835 2787 Um vieles geschraubter ist „Das Bacchus=Fest“.
417 2750 1622 2812 nicht daran denken, sich mit Rücksicht auf die schlechte Zensur,
1638 2751 2826 2831 Hier klügelt Schnitzler wieder einmal gründlich herum und
412 2785 1624 2852 die der Dichter ihnen erteilt, zu bessern. Man könnte darum
1628 2798 2830 2871 dreht und poliert, bis alles in Grund und Boden gewirt¬
415 2830 1617 2891 ddie Frage aufwerfen, ob es nicht müßig und überflüssig ist,
1634 2855 2833 2920 schaftet ist. Er läßt hier die „Komödie der Worte“ spielen,
415 2866 1614 2931 ssolche Stücke zu schreiben, die nur das wiedergeben, was auch
1629 2894 2458 2957 wo sie in keinem Punkte am Platze ist.
2446 2896 2831 2964 Ein Schriftsteller,
420 2919 1631 2975 jjeder Verständige sieht. Aber es ist eben der Witz, daß das
1636 2934 2729 2996 dessen Gattin sich während seiner wochenlangen
2717 2947 2833 3007 Ab¬
427 2964 1621 3028 PPublikum sich auch bei dem neuen Werk Schnitzlers darüber
1625 2971 2730 3033 wesenheit mit einem Stubengelehrten getröstet hat,
2724 2991 2825 3039 be¬
423 3007 1626 3086 wundert, daß es solche Menschen gibt, und sich dabei glän¬
1644 3023 2830 3092 gnügt sich trotz seiner Wut damit, den Störer seines
412 3044 771 3118 zend unterhält.
1641 3073 2823 3131 ehelichen Friedens mittels seiner überlegenen „Dialek¬
1629 3104 1725 3154 tik“
514 3085 1625 3156 Schnitzler's Anschauungs= und Darstellungskreis ist ein
1729 3107 2828 3171 hinauszuekeln, statt ihm und der Treulosen ein paar
424 3124 2823 3219 beschränkter. Er hat nur Blick für die Leute, wie sie sich auch bedeutende Ohrfeigen zuteil werden zu lassen. In diesem
2851 1268 3359 1351 Punkt, nämlich hat Sch
2850 1333 3357 1396 Bruch. Der betrogen Teil
2853 1370 3357 1439 eigener Untreue der zu
2865 1418 3357 1486 günstig liegt, die „Kor
2861 1467 3350 1524 Worte“ vorzuziehen. Da
2852 1492 3329 1566 seitige Bekenntnis der
2859 1553 3357 1612 diese Beteuerung ist n
2862 1581 3357 1646 Musterexemplare werd
2858 1627 3356 1707 Moral sich fünf Minute
2859 1678 3023 1748 sinken.
2930 1718 3357 1791 Bassermann w
2848 1770 3354 1841 seiner Künstlerschaft. D
2844 1821 3345 1879 meisterhaft, als betrügen
2846 1858 3347 1912 gleichen, und das mit 9
2848 1905 3354 1962 keit, die ihn den etwas i
2842 1947 3357 2007 und den überlegen zynisc
2840 1986 3350 2051 chus=Fest“ gleich eigenar
2839 2028 3349 2096 merte in der „Großen
2841 2071 3342 2133 der ewig schauspielernde
2847 2113 3354 2180 Histrione auf Lager hat
2844 2156 3333 2220 nicht leben zu können,
2840 2195 3341 2267 haben; ich behaupte, d
2833 2232 3343 2310 Bassermanns Kon
2845 2288 3355 2345 „Stunde des Erkennens“
2836 2324 3358 2400 Lossen die Partner gle
2846 2377 3335 2426 stück sekundierte Else
2843 2419 3350 2481 ihrer immer reifer werde
2842 2453 3346 2529 und Forest sich dem Ge
2837 2499 3350 2565 einfügten. Im „Bacchu
2846 2551 3356 2623 Carlsen neben Basser
2830 2587 3171 2664 zeichneten Götz.
2920 2628 3359 2713 Das Publikum nahm
2840 2690 3338 2750 Achtung auf, bejubelte
2846 2731 3347 2793 stürmisch, so daß Schnitzl
2840 2778 3352 2837 konnte. Er hatte übrige
2836 2812 3358 2879 überstehen. Im zweiten
2836 2861 3357 2916 gekommen. Es ließ sich ei
2837 2904 3352 2957 des Zischen vernehmen, w
2831 2947 3356 3010 Theater verließ. Dann be
2842 2989 3345 3057 ein Aufstehen! Der Versu
2836 3029 3358 3094 dadurch verhindert, daß ei
2815 3070 3340 3150 haft rief: „Sitzenbleiben —
2830 3122 3340 3187 hang niederging und das
2820 3164 3336 3231 Dinge, die da kommen
2832 3250 3345 3316 schüchterner Feuerwehrman
2832 3292 3345 3366 und meinte mit piepsende
2827 3338 3061 3418 Heizung!“
2834 4077 3017 4163 —
