3344 4352
2098 188 2560 289 box 32/3
1214 198 1274 268 W
997 193 1083 268 d
238 214 1969 306 26.1. Konoedie der dorte Zyklus
2436 1325 2550 1423 —
129 1379 3099 1459 e Herz, ihm zu gestehen, daß sie ihn heimlich das Haus. So übergiftet das Schweigen hier das wirklich noch seine Heimat im Reiche der Kunst, also
141 1434 1454 1486 ich ihm aber versagt und einem andern, Gift der Worte ...
1429 1434 2052 1515 Die Künstelei dieser ehelichen
2033 1452 3093 1516 doch eines menschlichen Höhenreiches, hat, wie
125 1478 1012 1540 Verwöhnten geschenkt habe, der sich auch mit
1004 1486 2061 1558 Abrechnung würde sich in ihrer ganzen kalten Blöße
2036 1501 3115 1563 Schnitzler meint und will, oder obees dem verstaubten
132 1517 1020 1581 wischenspiel begnügte, während jede Offen¬
999 1534 2037 1589 und Windigkeit enthüllt haben, wenn Schnitzlers
2034 1539 3098 1611 und verkommenen Komödiantentum angehört, einer
136 1573 1012 1632 ede Nachgiebigkeit gegen das sich für Ormin
1005 1580 2036 1651 glänzender Dialog, ein Meisterchück seelischer Ana¬
2043 1591 3096 1657 Zeit, wo man Genie mit Erbärmlichkeit und Unreife
130 1601 1003 1669 Wefühl ihr und sein Schicksal besiegelt hätte.
1001 1631 2039 1693 tomie, es nicht fertig brächte, mit immer neuen
2033 1640 3097 1694 zu verwechseln geneigt war. Auf dem Theater
133 1663 1013 1728 s Letzte wollte sie doch garnicht, da sie sich
1004 1662 2061 1738 Wendungen, immer neuen Verschränkungen zu
2037 1674 3097 1744 freilich machte gerade dieses Stück, das mittlere der
140 1706 1006 1772 warmer Gewöhnung viel zu sehr an Mann
1003 1692 2045 1771 überraschen und zu spannen. Und dann: neben
2032 1713 3088 1782 drei, das Glück des Abends. Bassermann als
148 1749 1006 1815 , Häuslichkeit und gemeinsames Dasein
1012 1733 2050 1806 Albert Bassermann, einem Musterbild ehr¬
2035 1759 3103 1844 der große Mime Konrad Herbot, dem die andern
161 1775 1008 1845 fühlte, als daß sie damit hätte brechen
1006 1795 2040 1856 verbohrter Kleinseligkeit, stand Lina Lossen!
2045 1811 3097 1874 eigentlich nur die Stichworte bringen, hatte wirklich
145 1834 1004 1894 „Stunde des Erkennens“: für Frau Klara
999 1837 2037 1903 Dem bis ins kleinste und feinste beseelten Spiel ihrer
2033 1854 3093 1924 seine „große Szene“ und war bei allem routinischen
151 1881 1016 1932 in dem Augenblick, als Ormin, belastet
999 1868 2052 1946 Augen und Mienen glaubte man alles, jede leifeste,
2045 1895 3090 1959 Theaterschmiß von einer zuweilen geradezu rühren¬
142 1917 1011 1984 hualvollen Enthüllung dieses Geheimnisses,
1004 1920 2057 1992 noch so flüchtige Abschattung des Gefühls und der
2037 1936 3094 2002 den, hinreißenden Jungenhaftigkeit voller Laune
138 1955 1018 2036 n gewandt hat. Da gesteht ihr ihr Mann,
1002 1960 1340 2029 Empfindlichkeit
1421 1977 2041 2029 nur den Ehebruch ihrer Ver¬
2041 1970 2294 2054 und Feuer.
151 2014 1016 2080 hon zehn Jahre lang die Gewißheit ihrer
1003 2021 2045 2084 gangenheit nicht. So ward sie, aus höherem Zwang
2110 2007 3096 2101 „Das Bacchusfest“: eigentlich nur noch ein
156 2046 1003 2114 mit sich herungetragen, aber bis zu
1000 2066 2046 2126 der Natur, bei aller Hingabe an ihre Aufgabe zu¬
2033 2051 3093 2144 Füllsel, eine Zugabe. Ein nach sechswöchiger Ab¬
147 2102 1005 2174 lage kein Wort davon über seine Lippen
2602 2115 2720 2161 rnisch
1006 2105 2036 2168 gleich die unerbittlichste Richterin des Stückes und
2038 2118 3091 2183 wesenheit aus der Sommerfrische heimkehrender,
137 2136 1017 2207 men lassen, weil auch er, gleich ihr ein
1001 2127 2007 2216 seiner menschlich=unmenschlichen Voraussetzungen.
2024 2157 3088 2229 geistig und körperlich gleich überlegener Schriftsteller
139 2172 1012 2247 rder Gewöhnung, den äußerlich ruhigen
1068 2197 2036 2259 „Die große Szene“: natürlich ein Schau¬
2022 2210 3089 2265 holt sich mit ein paar bald kalten, bald heißen
151 2227 1006 2290 r Existenz nicht unterbrechen, nicht eine so
1005 2211 2039 2302 spielerstück. Ein beruhmter, von aller Welt ver¬
2032 2243 3092 2308 Hieben siegesgewisser Dialektik seine Frau — ein
144 2281 999 2344 nde Erschütterung der Lebensverhältnisse
1001 2282 2043 2346 wöhnter Mime, der eben feierlich allen Lügenkram
2034 2298 3087 2369 rechtes Gänschen übrigens — aus der sommerlichen
152 2311 1003 2397 en wollte, solange noch die Tochter im
997 2335 2042 2390 abgeschworen hat, und dem zum Lohn dafür seine
2036 2338 3085 2404 Dummen=Jungen=Zärtlichkeit eines Sportmannes
163 2373 1007 2426 Hause weilte. Nun sich diese soeben ver¬
997 2371 2031 2431 Frau zurückgekehrt ist, läßt sich schon im nächsten
2030 2384 3090 2453 zurück und schickt ihn selbst mit der antiken Anekdote
154 2411 1001 2462 . bricht er das Schweigen: so eng sie auch
995 2413 2037 2472 Augenblick so von den alten eitlen Lockungen seines
2028 2426 3088 2510 von dem Bacchusfest, das jungen, liebebedürftigen.
142 2461 1008 2510 ahre zusammen gelebt haben, so zärtlich
1005 2455 2039 2522 Handwerks hinreißen, daß er einem braven Kerl,
2040 2474 3075 2551 Leutchen wohl ein einmaliges freies Beieinander ge¬
145 2498 1007 2557 ar miteinander waren, im Grunde seiner
996 2505 2041 2569 dem er in schmählichster Weise die Braut verführt
2037 2523 3083 2583 währte, für das zweite Mal ihnen aber nur die
139 2525 998 2602 t sich dieser Rächer seiner Ehre von seiner
998 2544 2032 2611 hat, eine seinen eifersüchtigen Argwohn einlullende
2037 2563 3086 2632 Wahl zwischen Tod oder ewiger Vereinigung ver
151 2586 1017 2649 ennt und lebte mit allen Fibern dem Tage
995 2597 2040 2646 Komödie vorspielt, ein wahres Teufelswerk von
2036 2602 3088 2680 gönnte, durch Eilzug nach Paris... Hier haben
139 2641 1001 2692 ltung entgegen, der nun endlich gekommen
996 2633 3083 2720 Verstellung mit gefälschtem Brief und abgefeimter Worte einmal das drohende Gewitter vertrieben und
138 2670 1011 2745 Echmach, die er sich von ihr angetan meint,
995 2681 3086 2752 Mischung aus Wahrem und Falschem. Seine Frau, die Situation gerettet. Dafür aber — und das ist
144 2729 3092 2766 en Augen um so größer, weil sie ihre Liebel die aus dem Nebenzimmer alles mit angehört hat, der besondere Fluch dieses auch durch Bassermanns
150 2762 2038 2835 kte, der in vollem Glanze des Erfolges und list entsetzt, empört, angeekelt von diesem Menschen,
2026 2781 3090 2851 Fechtergewandtheit nicht zu rettenden Stückes, wie
144 2791 999 2870 tand, während ihm das Schicksal nur die
996 2814 2045 2883 dem Liebe, Betrug, Mord in der Wirklichkeit nicht
2031 2828 3039 2884 es das Verhängnis der ganzen Dreiheit ist —
151 2844 1005 2908 Stellung eines praktischen Arztes gönnte.
994 2858 2039 2922 schwerer wiegt, als wenn sie in einer seiner Rollen
2026 2869 3090 2936 bleiben es auch wirklich nur Worte: die Blitze der
162 2902 1010 2969 Ormin, er bildet sich ein, daß der auch
991 2904 2033 2967 stünden. „Ein Mensch — er? Ein tollgewordner
2024 2908 3091 2974 Tat schlummern hinter den Wolken, und wenn man
147 2935 1013 3005 glücklicherer Nebenbuhler war. Die An¬
989 2951 2031 3013 Hanswurst, der, wenn es sich einmal so fügt, auch
2030 2943 3082 3019 nach Hause geht, fühlt man nur wenig von der Er¬
152 2964 2040 3057 ffnet schon den Mund, ihn über seinen Irr=bereit ist, einen Menschen zu spielen — aber kein
2029 2998 3085 3064 frischung, die man sich gerade jetzt von so einem
143 3027 1002 3087 iklären — da durchzuckt sie der Gedanke,
994 3034 2036 3099 Mensch ...“ Sie will von ihm, für immer — aber
2034 3049 3083 3110 Komödienabend verspricht. Denn diese Dinge und
150 3070 1005 3133 ja gerade dies teuflische Mißverständnis
1002 3078 2029 3142 da liegt er vor ihr auf den Knien, flehend, beitelnd:
2037 3093 3085 3147 Menschen alle sind ja gar nicht aus dem Leben ent¬
161 3122 993 3173 in die Hand gibt, die Erniedrigung der
994 3102 2032 3195 nur wenn sie da sei, könne er heute abend den Hamlet
2037 3139 3082 3198 sprungen, sondern vom Verstande gezeugt und aus
154 3155 997 3218 e, wo sie ihres Mannes „Geliebte“, nicht
997 3167 2028 3233 spielen. Und sie vergibt ihm, dem großen Kinde,
2031 3184 3095 3258 Worten geboren. Wer will mit den Kindern solcher
160 3184 2038 3280 Frau war, ihrerseits zu rächen. So läßt dem unverantwortlichen Jungen. Was anders sonst
2026 3229 2367 3288 Eltern rechten?
164 3223 1008 3317 dem Irrtum, einem Wahn, der die kleine
989 3262 2045 3307 als unendliche Güte und Liebe einer Frau könnte
2103 3252 3079 3329 Wenige Tage vor dieser Erstaufführung in
161 3291 1932 3366 e Seele auf die Dauer am tiefsten wurmen ssich eines solchen Unverbesserlichen erbarmen?
2015 3303 3071 3386 Lepinatheater gab es auf der Schwesterbühne, dem
793 3336 948 3373 11141#.
165 3342 3103 3442 verläßt ohne ein Wort der Aufklärung Ge fragt sich uun ob dies Bil des Schauspielertums Deutichen Kunitlertheater in Cbarlottenburg, das
2832 4089 3030 4170 —.—
