3344 4352
1736 241 1784 316 K
2096 246 2551 344 box 32/1
215 240 2068 332 26.1. Konoedie der Norte zwnus
435 456 1596 516 Schnitzler Auh# Einakter. Berlin,
479 502 1475 550 9l5. S. Fischer. (193 S. 8.) „4 2, 50; geb. K 3, 50.
464 556 1595 618 Uraufführung im k. k. Hofburgtheater zu Wien am 12. Oktober 1915.
520 594 1597 662 Es gehört wirklich einige Ueberwindung dazu, sich in
451 653 1613 709 diesen großen, weltgeschichtlichen Tagen mit Schnitzlers
453 697 1607 753 Ideen= und Gestaltenwelt zu befassen. Während niemals
462 746 1611 811 die Tugenden der Deutschen in heierem Lichte gestrahlt
462 785 1601 857 haben, während alle, Männer wie Frauen, täglich bewun¬
464 857 1598 905 derungswürdige Proben von Heldenmit, Selbstverleugnung,
464 892 1612 950 Treue, Aufopferung geben, findet S.s Muse nichts Besseres,
454 938 1618 1013 als Menschen vorzuführen, die faul bis ins Mark sind,
457 983 1607 1045 erbärmliche, von ihrem kleinlichen Selbst aufgeblähte Wichte,
467 1047 1615 1092 bei denen nichts als die Brunst groß ist und die in unauf¬
459 1087 1616 1144 hörlichem leeren Wortschwall vor den Zuhörern ihre nur
462 1121 1618 1188 für sie interessanten Erlebnisse und unsauberen Gelüste ent¬
466 1171 1618 1235 hüllen. Die Einakterreihe „Komödie der Worte“ nebenbei
466 1201 1620 1289 bemerkt, einer jener bei dem Verf. beliebten, weil die Neu¬
470 1268 1621 1326 gierde erregenden Titel, die alle möglichen Deutungen zu¬
472 1325 1624 1391 lassen und eigentlich gar nichts bedeuten, ist eine Aneinander¬
2646 1350 2784 1426 318
1592 1344 2332 1435 Literatur. — 6. November. —
473 1450 1616 1516 reihung von Ehebrüchen in verschiedenen Spielarten. Bei
1633 1450 2781 1528 behandelt, gar nicht zum Worte kommen, und erzählt im
464 1506 1612 1566 S. wechseln nämlich Männer und Frauen einander aus,
1623 1514 2782 1562 Laufe des Gesprächs, das die drei Personen bei der Jause
468 1537 1623 1613 wie die Handschuhe, unbekümmert um Treueschwüre, und
1639 1556 2788 1612 führen, den Inhalt des von ihm eben vollendeten Dramas,
467 1593 1615 1662 man verzeiht sich in der Regel auch wieder leicht, weil man
1625 1610 2784 1654 betitelt: „Das Bacchusfest“. Es spielt auf den Brauch der
464 1645 1620 1696 sich ja eigentlich nur dasselbe vorzuwerfen hat. Das also
1638 1660 2781 1715 alten Griechen an, wonach einmal im Jahre alle Bande
464 1692 1614 1756 wäre der Gewinn, den wir aus der mit Recht erfolgten
1634 1693 2788 1760 zwischen Männern und Frauen, alle Bande der Familie,
472 1735 1604 1809 Aechtung der französischen Sitten= oder vielmehr Unsitten¬
1628 1755 2782 1797 alle Gebote der Sitte eine Nacht hindurch aufgehoben waren.
458 1775 1615 1846 komödien gezogen haben! Man vertreibt sie, um sie auf
1633 1794 2783 1860 Am nächsten Morgen kehrten Alle aus dem Hain in ihre
469 1833 1623 1890 der anderen Seite in vergröberter Gestalt unter deutscher
1625 1847 2787 1893 Behausungen zurück und das Familienleben nahm wieder
468 1881 1609 1951 Maske wieder hereinzulassen. Die Franzosen haben uns
1637 1891 2779 1946 seinen gewöhnlichen Lauf und niemandem durfte ein Vor¬
464 1935 1611 1985 wenigstens zumeist mit Geist und Witz entschädigt; aber
1632 1936 2775 1992 wurf aus dem Geschehenen erwachsen. Wehe aber dem,
465 1982 1606 2037 was ist davon in der „Komödie der Worte“ zu verspüren?
1619 1987 2780 2041 der eine Wiederholung der Nacht anstrebte! Darauf stand
460 2012 1615 2092 Witzeln ist noch nicht witzig sein und geistreich tun noch
1616 2031 2775 2083 der Tod oder aber die betreffenden Schuldigen durften nie
460 2064 870 2151 nicht geistreich sein.
1626 2087 2772 2149 wieder zurückkehren und blieben für ihr weiteres Dasein
534 2115 1618 2190 In der „Stunde des Erkennens“ (erster Einakter) jagt
1632 2141 2778 2200 aufeinander angewiesen. Die allegorische Erzählung hat
470 2170 1611 2240 ein Arzt nach zweiundzwanzigjähriger Ehe und nach zehn¬
1625 2172 2779 2245 ihre Wirkung getan: Dr. Wernig reist mit dem nächsten
467 2218 1615 2282 jährigem Schweigen seine Frau an dem Tage aus dem
1630 2223 2695 2305 Zug ab und Frau Staufner bleibt bei ihrem Gatten:
465 2271 1619 2323 Hause, an welchem die Tochter als verheiratete Frau das
2125 2279 2288 2338 Felix.
457 2314 1612 2365 Elternhaus verlassen hat. Diese zu schonen hat er zehn
1843 2297 2540 2402 (mit einem plötzlichen dumpfen Ausbruch):
1690 2358 1981 2438 Ich hasse Dich.
463 2361 1613 2429 Jahre lang zu dem von ihm sogleich entdeckten Ehebruch
2110 2389 2282 2464 Agnes.
464 2414 1625 2479 seiner Frau geschwiegen. Wie wahrscheinlich das klingt
1701 2425 2760 2520 Und ich Dich noch tausendmal mehr —— (mit einem neuen Aus¬
466 2456 1618 2525 und wie edel das Vorgehen des Gatten ist, der, seinem
1632 2487 2256 2555 druck der Zärtlichkeit), mein Geliebter!
455 2507 1617 2576 eignen Geständnis zufolge, die Untreue der Frau gründ¬
2104 2534 2290 2596 Vorhang.
462 2552 1603 2603 lich vergolten und sich stets schadlos gehalten hat!
1635 2557 2052 2648 Gott, wie geistreich!
452 2600 1620 2669 Sein Verdacht fällt aber auf den Unrichtigen, nämlich auf
1688 2605 2774 2685 In allen drei Einaktern geht, wie man sieht, auf der
450 2647 1604 2708 den seiner Vorzüge wegen stets beneideten Jugendfreund,
1622 2678 2779 2741 Bühne blutwenig vor. Es wird nur immer geredet, geredet,
462 2696 1619 2762 den die Frau wirklich nur geliebt hat, während sie mit
1628 2719 2778 2770 Und zwar das platteste, alltäglichste Zeug. Aber nein;
453 2732 1624 2807 einem anderen sich verging. Sie läßt ihn bei seinem Irr¬
1630 2771 2773 2824 hie und da kommen Bemerkungen, die uns S.s Lobredner
453 2793 1605 2849 tum und geht aus dem Hause, wobei ihr Ziel ungewiß
1634 2816 2770 2887 als Ausflüsse seiner feinen Seelenkenntnis preisen werden.
451 2852 1606 2903 bleibt. — In der „Großen Szene“ soll ein allgemein be¬
1627 2859 2784 2929 Sieht man aber genauer zu, so erkennt man, daß dieser
460 2890 1608 2952 wunderter und umschwärmter Bühnenkünstler geschildert
1627 2906 2782 2971 angebliche psychologische Tiefsinn gewöhnlich aus Gemein¬
453 2923 1605 2998 werden, der, ein erwachsenes Kind, moralisch ganz haltlos
1630 2955 2774 3023 plätzen, Binsenwahrheiten besteht, wenn er nicht einfach
459 2972 1611 3044 durchs Leben geht und nur von seiner ihn liebenden Frau
1626 3004 2675 3081 Unsinn bedeutet; z. B. (in „Stunde des Erkennens“):
461 3023 1623 3097 stets wieder gestützt und auf den richtigen Weg geführt
2113 3058 2278 3121 Klara.
465 3069 1608 3143 wird. Jetzt hat er aber etwas gar zu Arges begangen.
1689 3080 2434 3177 Halten Sie Karl für einen guten Menschen?
466 3125 1616 3189 Er hat die Braut seines Freundes, die dieser nächster Tage
2098 3150 2285 3208 Ormin.
462 3156 1619 3244 heiraten soll, verführt, und als ihn der Bräutigam deshalb
1702 3190 2768 3256 Hm, Sie stellen mich da vor eine schwierige Frage. Gut — gut
462 3223 1610 3269 zur Rede stellt, spielt er eine schon früher abgekartete „große
1635 3238 2772 3297 wird er wohl sein. Das sind wir ja alle mehr oder weniger. Aber
1628 3273 1745 3326 gütig
452 3265 1610 3325 Szene“ und beweist durch einen gefälschten Brief, daß
1870 3278 2771 3334 ... Güte ist nämlich etwas sehr Hobes und Seltenes.
1633 3313 2779 3386 Aus Güte kann man sogar Verbrechen begehen, sündigen... Gute
456 3319 1606 3366 zwischen ihm und dem Mädchen nichts Ernstes vorgefallen
1622 3349 2602 3418 Menschen bringen es höchstens bis zu kleinen Gemeinheiten.
460 3364 1613 3430 sei. Diese schamlose Lüge und Verstellung ist seiner Frau,
1626 3390 2286 3473 Oder (in der „Großen Szene"):
451 3402 1606 3476 die die Szene belauscht hat, doch zuviel und sie, die wegen
2116 3455 2284 3512 Falk.
458 3459 1604 3530 dieses Verhältnisses den lockeren Vogel schon früher für
1696 3485 2768 3557 „... Es ging ein so angenehmer Waldduft von seinem ganzen
454 3502 1611 3562 einige Wochen im Stiche gelassen hatte, will jetzt ganz von
1627 3538 2768 3575 Wesen aus. So ganz unliterarische Menschen sind eine wahre Wohltat.
450 3556 1611 3605 ihm scheiden. Aber in diesem Augenblick kommt der Künstler
1625 3581 2762 3643 Ich trau ihm zu, daß er in seinem ganzen Leben kein Stück ge¬
458 3602 1605 3660 im Hamletkostüm aus dem benachbarten Theater. Er soll
1621 3610 1878 3670 schrieben hat.“
456 3653 1611 3701 heute Abend diese Rolle spielen und will nicht auftreten,
1616 3649 2771 3729 Derselbe spricht auch von einer „angehenden Schauspielerin,
458 3688 1610 3761 wenn seine Frau nicht in der Loge sitzt. Gleich darauf
1625 3701 2771 3778 die übrigens weder Sie noch mich, ja nicht einmal ihn
464 3745 1616 3809 folgt der bestürzte Direktor: das Haus ist ausverkauft und
1630 3756 2766 3824 im allergeringsten anzugehen scheint". Dahin gehören auch
456 3789 1602 3861 der Wagen einer prinzlichen Hoheit ist schon vorgefahren.
1627 3804 2768 3872 die Bemerkungen über die Theaterkunst, die bei einem Autor,
457 3832 1607 3904 Künstler und Direktor bringen die widerstrebende Gattin
1619 3854 2769 3894 der dem Theater so viel verdankt, besonders wundernehmen.
462 3878 1610 3957 fast mit Gewalt ins Theater; die Vorstellung ist gerettet
1695 3903 2777 3965 Wenn man sich die Zusammensetzung der Theaterbesucher
457 3939 1607 3999 und auch die Künstlerehe dürfte es, wenigstens auf eine
1619 3952 2767 4000 namentlich die offenbar nicht kriegstauglichen jugendlichen
448 3985 1609 4034 Zeit lang, wieder sein. — „Das Bacchusfest“ spielt in der
1628 3992 2770 4060 Scharen in den Stehplätzen der oberen Ränge genauer
460 4030 1610 4092 Bahnhofshalle einer „österreichischen Gebirgstadt“; im Stück
1620 4040 2773 4112 betrachtete, so konnte ein lärmender äußerer Erfolg der
454 4070 1600 4142 wird Salzburg als diese bezeichnet. Ein junger Chemiker,
1625 4093 2769 4151 Neuheit von vornherein nicht bezweifelt werden. In der
452 4126 1602 4193 Wernig, und die Frau des Schriftstellers Felix Staufner
1626 4137 2760 4203 Tat waren die Beifallskundgebungen, zumal nach dem possen¬
461 4173 1616 4230 erwarten letzteren, der, um ein Werk zu vollenden, mehrere
1617 4187 2765 4231 artigen Schlusse des zweiten Einakters und als sich S seinen
