<?xml version="1.0" encoding="UTF-8" standalone="yes"?>
<PcGts xmlns="http://schema.primaresearch.org/PAGE/gts/pagecontent/2013-07-15" xmlns:xsi="http://www.w3.org/2001/XMLSchema-instance" xsi:schemaLocation="http://schema.primaresearch.org/PAGE/gts/pagecontent/2013-07-15 http://schema.primaresearch.org/PAGE/gts/pagecontent/2013-07-15/pagecontent.xsd">
    <Metadata>
        <Creator>prov=University of Rostock/Institute of Mathematics/CITlab/Gundram Leifert/gundram.leifert@uni-rostock.de:name=ONB_Newseye_GT_M1+(htr_id=10810)::::v=2.4.2
prov=University of Rostock/Institute of Mathematics/CITlab/Tobias Gruening/tobias.gruening@uni-rostock.de:name=de.uros.citlab.module.baseline2polygon.B2PSeamMultiOriented:v=2.4.2
prov=University of Rostock/Institute of Mathematics/CITlab/Tobias Gruening/tobias.gruening@uni-rostock.de:name=/mnt/transkribus/LA/DEA/URO/LA_news_onb_att.pb:de.uros.citlab.segmentation.CITlab_LA_ML:v=2.4.2
Transkribus</Creator>
        <Created>2019-10-07T11:09:21.497+02:00</Created>
        <LastChange>2019-10-07T20:22:02.691+02:00</LastChange>
        <TranskribusMetadata docId="223960" pageId="9494194" pageNr="113" tsid="16451925" status="IN_PROGRESS" userId="40391" imgUrl="https://files.transkribus.eu/Get?id=XAWYVJTBWNLYLUMHNLMUSOUF&amp;fileType=view" xmlUrl="https://files.transkribus.eu/Get?id=IPDHXZCRGYRXFWFXCLVGXFAY" imageId="6184421"/>
    </Metadata>
    <Page imageFilename="223960_0113.jpeg" imageWidth="3344" imageHeight="4352">
        <ReadingOrder>
            <OrderedGroup id="ro_1711443127089" caption="Regions reading order">
                <RegionRefIndexed index="0" regionRef="r1"/>
            </OrderedGroup>
        </ReadingOrder>
        <TextRegion orientation="0.0" id="r1" custom="readingOrder {index:0;}">
            <Coords points="262,213 262,3476 2562,3476 2562,213"/>
            <TextLine id="r1l1" custom="readingOrder {index:0;}">
                <Coords points="1229,256 1240,254 1249,255 1253,252 1264,251 1254,188 1241,190 1235,196 1233,194 1229,197 1220,198"/>
                <Baseline points="1238,245 1252,243"/>
                <TextEquiv>
                    <Unicode></Unicode>
                </TextEquiv>
            </TextLine>
            <TextLine id="r1l2" custom="readingOrder {index:1;}">
                <Coords points="2122,258 2187,250 2231,270 2324,245 2359,272 2492,265 2509,276 2551,248 2570,253 2571,185 2515,171 2482,191 2445,168 2386,187 2354,174 2281,208 2214,179 2123,180"/>
                <Baseline points="2132,247 2157,246 2182,246 2207,246 2232,246 2257,247 2283,248 2308,248 2333,249 2358,250 2383,251 2408,251 2434,251 2459,251 2484,251 2509,250 2534,249 2560,247"/>
                <TextEquiv>
                    <Unicode>box 32/1</Unicode>
                </TextEquiv>
            </TextLine>
            <TextLine id="r1l3" custom="readingOrder {index:2;}">
                <Coords points="251,256 1786,297 1960,278 1961,209 1741,179 1510,247 1360,196 1234,250 1078,186 251,200"/>
                <Baseline points="262,244 346,250 430,254 515,258 599,261 684,263 768,264 852,265 937,266 1021,266 1106,266 1190,265 1274,265 1359,264 1443,264 1528,263 1612,263 1696,264 1781,264 1865,265 1950,267"/>
                <TextEquiv>
                    <Unicode>26.1. Kongedie der orte zuklus</Unicode>
                </TextEquiv>
            </TextLine>
            <TextLine id="r1l4" custom="readingOrder {index:3;}">
                <Coords points="755,985 2497,951 2496,899 2292,898 755,943"/>
                <Baseline points="767,981 857,980 947,979 1038,978 1128,977 1219,976 1309,975 1400,973 1490,972 1581,970 1671,968 1762,967 1852,965 1943,963 2033,961 2124,959 2214,957 2305,954 2395,952 2486,950"/>
                <TextEquiv>
                    <Unicode>teten Tochter übersiedeln wollte, ja, daß er die Auflösung ihres Haushal¬</Unicode>
                </TextEquiv>
            </TextLine>
            <TextLine id="r1l5" custom="readingOrder {index:4;}">
                <Coords points="758,1041 2457,1036 2502,983 757,986"/>
                <Baseline points="768,1036 854,1037 940,1037 1026,1036 1112,1036 1198,1035 1284,1034 1371,1033 1457,1032 1543,1030 1629,1029 1715,1027 1801,1025 1887,1024 1974,1022 2060,1020 2146,1018 2232,1017 2318,1015 2404,1014 2491,1012"/>
                <TextEquiv>
                    <Unicode>tes, die unpraktisch und unmoralisch gewesen wäre, so lange ihr Kind da¬</Unicode>
                </TextEquiv>
            </TextLine>
            <TextLine id="r1l6" custom="readingOrder {index:5;}">
                <Coords points="749,1113 2495,1075 2400,1023 748,1044"/>
                <Baseline points="760,1098 846,1097 932,1097 1018,1096 1104,1095 1190,1094 1276,1092 1363,1091 1449,1089 1535,1087 1621,1086 1707,1084 1793,1082 1879,1081 1966,1079 2052,1077 2138,1075 2224,1074 2310,1072 2396,1071 2483,1069"/>
                <TextEquiv>
                    <Unicode>heim war, jetzt geradezu wünsche: denn er weiß alles, wußte von ihrem Be¬</Unicode>
                </TextEquiv>
            </TextLine>
            <TextLine id="r1l7" custom="readingOrder {index:6;}">
                <Coords points="755,1161 2421,1149 2509,1088 754,1128"/>
                <Baseline points="766,1160 852,1159 939,1158 1025,1157 1112,1156 1199,1154 1285,1152 1372,1151 1459,1150 1545,1148 1632,1146 1719,1144 1805,1143 1892,1141 1979,1139 2065,1137 2152,1136 2239,1134 2325,1132 2412,1130 2499,1129"/>
                <TextEquiv>
                    <Unicode>trug, hat sie nicht fortgejagt und hat zehn Jahre lang geschwiegen und</Unicode>
                </TextEquiv>
            </TextLine>
            <TextLine id="r1l8" custom="readingOrder {index:7;}">
                <Coords points="766,1235 2501,1185 2465,1138 765,1177"/>
                <Baseline points="776,1215 861,1215 947,1215 1032,1214 1118,1213 1204,1212 1289,1211 1375,1210 1461,1208 1546,1207 1632,1205 1718,1203 1803,1201 1889,1199 1975,1198 2060,1196 2146,1194 2232,1193 2317,1191 2403,1189 2489,1188"/>
                <TextEquiv>
                    <Unicode>dieser Stunde entgegengelebt. Sie begreift ihn nicht; kann es nicht ver¬</Unicode>
                </TextEquiv>
            </TextLine>
            <TextLine id="r1l9" custom="readingOrder {index:8;}">
                <Coords points="763,1283 2507,1269 2506,1208 762,1246"/>
                <Baseline points="773,1273 859,1274 945,1274 1031,1274 1117,1273 1203,1272 1289,1270 1375,1269 1461,1267 1547,1265 1634,1263 1720,1261 1806,1259 1892,1257 1978,1255 2064,1253 2150,1252 2236,1251 2322,1250 2408,1249 2495,1249"/>
                <TextEquiv>
                    <Unicode>stehen, daß ihm die Tatsache ihrer Untreue gegenüber der Qual ihrer da¬</Unicode>
                </TextEquiv>
            </TextLine>
            <TextLine id="r1l10" custom="readingOrder {index:9;}">
                <Coords points="764,1343 2491,1323 2514,1266 763,1300"/>
                <Baseline points="774,1334 860,1333 946,1333 1033,1332 1119,1331 1206,1329 1292,1328 1379,1326 1465,1324 1552,1322 1638,1321 1724,1319 1811,1317 1897,1315 1984,1313 2070,1311 2157,1310 2243,1309 2330,1308 2416,1307 2503,1307"/>
                <TextEquiv>
                    <Unicode>maligen Entfremdung überhaupt noch etwas zu bedeuten hatte und er¬</Unicode>
                </TextEquiv>
            </TextLine>
            <TextLine id="r1l11" custom="readingOrder {index:10;}">
                <Coords points="767,1410 2516,1378 2521,1312 766,1345"/>
                <Baseline points="777,1393 863,1393 950,1392 1037,1391 1123,1389 1210,1388 1297,1386 1383,1385 1470,1383 1557,1381 1644,1380 1730,1378 1817,1376 1904,1374 1990,1372 2077,1370 2164,1368 2250,1366 2337,1365 2424,1363 2511,1361"/>
                <TextEquiv>
                    <Unicode>innert ihn daran, wie glücklich sie beide gerade nach jener Episode noch</Unicode>
                </TextEquiv>
            </TextLine>
            <TextLine id="r1l12" custom="readingOrder {index:11;}">
                <Coords points="774,1471 2437,1440 2521,1377 773,1428"/>
                <Baseline points="785,1449 871,1450 957,1450 1043,1449 1130,1448 1216,1447 1302,1446 1389,1445 1475,1443 1561,1441 1648,1439 1734,1437 1820,1435 1906,1433 1993,1431 2079,1429 2165,1427 2252,1425 2338,1424 2424,1423 2511,1422"/>
                <TextEquiv>
                    <Unicode>werden durften. Wieder muß sie erfahren, daß sie irrt: in grausamem Triumph,</Unicode>
                </TextEquiv>
            </TextLine>
            <TextLine id="r1l13" custom="readingOrder {index:12;}">
                <Coords points="773,1533 2517,1496 2515,1441 2448,1434 771,1479"/>
                <Baseline points="783,1515 869,1513 955,1511 1041,1510 1127,1508 1213,1505 1299,1504 1386,1501 1472,1499 1558,1497 1644,1495 1730,1493 1816,1491 1902,1489 1989,1487 2075,1485 2161,1483 2247,1482 2333,1480 2419,1478 2506,1477"/>
                <TextEquiv>
                    <Unicode>jeden seiner Streiche auskostend, sagt er ihr höhnend, daß er sie nur in die¬</Unicode>
                </TextEquiv>
            </TextLine>
            <TextLine id="r1l14" custom="readingOrder {index:13;}">
                <Coords points="775,1579 2495,1554 2518,1495 774,1533"/>
                <Baseline points="785,1572 871,1570 957,1568 1043,1566 1129,1565 1215,1562 1301,1560 1387,1559 1473,1557 1559,1555 1646,1553 1732,1551 1818,1549 1904,1547 1990,1546 2076,1544 2162,1543 2248,1541 2334,1540 2420,1538 2507,1537"/>
                <TextEquiv>
                    <Unicode>sem Glauben gelassen, daß er aber von damals an seine Existenz von der ihren</Unicode>
                </TextEquiv>
            </TextLine>
            <TextLine id="r1l15" custom="readingOrder {index:14;}">
                <Coords points="769,1655 2515,1610 2460,1548 768,1592"/>
                <Baseline points="779,1632 865,1630 951,1628 1037,1626 1124,1624 1210,1622 1296,1620 1383,1617 1469,1615 1555,1614 1642,1611 1728,1610 1814,1608 1900,1606 1987,1605 2073,1603 2159,1602 2246,1601 2332,1600 2418,1599 2505,1598"/>
                <TextEquiv>
                    <Unicode>getrennt habe und daß sie ihm nicht mehr Geliebte oder Gattin bedeutet habe,</Unicode>
                </TextEquiv>
            </TextLine>
            <TextLine id="r1l16" custom="readingOrder {index:15;}">
                <Coords points="777,1695 2454,1686 2516,1615 776,1656"/>
                <Baseline points="787,1688 872,1687 958,1685 1044,1683 1130,1682 1216,1680 1302,1678 1388,1677 1474,1675 1560,1674 1646,1672 1731,1670 1817,1669 1903,1667 1989,1665 2075,1663 2161,1662 2247,1660 2333,1658 2419,1656 2505,1655"/>
                <TextEquiv>
                    <Unicode>nur — was sie ihm „unter diesen Umständen“ eben noch sein konnte. Sie</Unicode>
                </TextEquiv>
            </TextLine>
            <TextLine id="r1l17" custom="readingOrder {index:16;}">
                <Coords points="776,1748 1520,1768 2518,1730 2517,1686 775,1724"/>
                <Baseline points="786,1748 872,1747 958,1745 1044,1743 1130,1742 1216,1740 1302,1738 1388,1736 1474,1734 1560,1732 1646,1730 1732,1728 1818,1726 1904,1725 1990,1723 2076,1721 2162,1720 2248,1718 2334,1717 2420,1716 2507,1715"/>
                <TextEquiv>
                    <Unicode>schreit auf: „Du hättest mirs sagen müssen, eh’ du mich wieder nahmst.</Unicode>
                </TextEquiv>
            </TextLine>
            <TextLine id="r1l18" custom="readingOrder {index:17;}">
                <Coords points="783,1816 2520,1783 2519,1736 2430,1724 782,1766"/>
                <Baseline points="794,1806 879,1804 965,1803 1051,1801 1137,1799 1222,1798 1308,1796 1394,1795 1480,1793 1565,1791 1651,1790 1737,1788 1823,1786 1908,1785 1994,1783 2080,1781 2166,1779 2251,1777 2337,1775 2423,1773 2509,1771"/>
                <TextEquiv>
                    <Unicode>Du hast mich schlimmer betrogen und tausendmal feiger als ich. Du hast mich</Unicode>
                </TextEquiv>
            </TextLine>
            <TextLine id="r1l19" custom="readingOrder {index:18;}">
                <Coords points="771,1888 2513,1844 2475,1782 770,1825"/>
                <Baseline points="782,1864 872,1862 962,1861 1053,1860 1143,1858 1234,1857 1324,1855 1415,1853 1505,1851 1596,1849 1686,1847 1777,1845 1867,1843 1958,1841 2048,1839 2139,1838 2229,1836 2320,1834 2410,1832 2501,1830"/>
                <TextEquiv>
                    <Unicode>tiefer erniedrigt, als ein Mensch den andern erniedrigen darf.“ Er rast in wil¬</Unicode>
                </TextEquiv>
            </TextLine>
            <TextLine id="r1l20" custom="readingOrder {index:19;}">
                <Coords points="782,1939 2522,1890 2414,1840 781,1887"/>
                <Baseline points="793,1923 878,1922 964,1920 1050,1919 1136,1917 1222,1915 1308,1913 1394,1912 1480,1910 1566,1908 1652,1906 1737,1904 1823,1902 1909,1900 1995,1899 2081,1897 2167,1895 2253,1893 2339,1892 2425,1890 2511,1889"/>
                <TextEquiv>
                    <Unicode>dem Frohlocken: „Fühlst Du das? — O das tut wohl.“ Und aus seinen her¬</Unicode>
                </TextEquiv>
            </TextLine>
            <TextLine id="r1l21" custom="readingOrder {index:20;}">
                <Coords points="779,1990 2328,1973 2517,1954 2516,1912 778,1953"/>
                <Baseline points="789,1982 874,1980 960,1978 1046,1977 1132,1975 1218,1973 1303,1972 1389,1970 1475,1969 1561,1967 1647,1965 1732,1964 1818,1962 1904,1961 1990,1959 2076,1957 2161,1955 2247,1953 2333,1951 2419,1949 2505,1946"/>
                <TextEquiv>
                    <Unicode>vorgeschrienen Worten merkt sie erst, daß er gar nicht weiß, wer ihr Lieb¬</Unicode>
                </TextEquiv>
            </TextLine>
            <TextLine id="r1l22" custom="readingOrder {index:21;}">
                <Coords points="786,2064 2521,2022 2477,1962 785,1993"/>
                <Baseline points="797,2040 882,2038 968,2037 1054,2036 1139,2034 1225,2033 1311,2031 1396,2029 1482,2027 1568,2025 1654,2024 1739,2022 1825,2020 1911,2018 1996,2017 2082,2015 2168,2014 2253,2012 2339,2011 2425,2009 2511,2008"/>
                <TextEquiv>
                    <Unicode>haber war; daß er sich nur deshalb so verhöhnt und beschmutzt fühlte, nur</Unicode>
                </TextEquiv>
            </TextLine>
            <TextLine id="r1l23" custom="readingOrder {index:22;}">
                <Coords points="788,2107 2465,2088 2534,2034 787,2063"/>
                <Baseline points="799,2095 885,2095 971,2094 1057,2093 1143,2092 1230,2091 1316,2090 1402,2088 1488,2087 1574,2085 1661,2083 1747,2082 1833,2080 1919,2078 2005,2076 2092,2074 2178,2073 2264,2071 2350,2070 2436,2068 2523,2067"/>
                <TextEquiv>
                    <Unicode>deshalb nicht verzeihen kann, weil gerade der es war, dem alles zuflog, was</Unicode>
                </TextEquiv>
            </TextLine>
            <TextLine id="r1l24" custom="readingOrder {index:23;}">
                <Coords points="779,2158 2430,2148 2540,2122 2539,2076 778,2121"/>
                <Baseline points="790,2158 881,2157 973,2156 1064,2154 1156,2152 1247,2151 1339,2149 1430,2147 1522,2146 1613,2144 1705,2142 1796,2140 1888,2138 1979,2136 2071,2134 2162,2132 2254,2130 2345,2128 2437,2126 2529,2123"/>
                <TextEquiv>
                    <Unicode>sich Eckold versagte, er, der sich den Größeren dünkte und der nur der Leicht¬</Unicode>
                </TextEquiv>
            </TextLine>
            <TextLine id="r1l25" custom="readingOrder {index:24;}">
                <Coords points="785,2219 2407,2209 2546,2152 784,2178"/>
                <Baseline points="796,2216 887,2215 979,2213 1070,2212 1162,2210 1253,2208 1345,2207 1436,2205 1528,2203 1619,2201 1711,2200 1802,2198 1894,2196 1985,2194 2077,2192 2168,2190 2260,2189 2351,2187 2443,2185 2535,2182"/>
                <TextEquiv>
                    <Unicode>fertigere war — Ormin, der Herrliche, der Ueberlegene, der Götterliebling mit</Unicode>
                </TextEquiv>
            </TextLine>
            <TextLine id="r1l26" custom="readingOrder {index:25;}">
                <Coords points="787,2275 2503,2270 2537,2212 786,2236"/>
                <Baseline points="798,2276 884,2274 970,2273 1057,2271 1143,2270 1230,2268 1316,2266 1403,2265 1489,2263 1576,2261 1662,2259 1748,2257 1835,2256 1921,2254 2008,2252 2094,2250 2181,2249 2267,2247 2354,2246 2440,2244 2527,2243"/>
                <TextEquiv>
                    <Unicode>der „geschmackvoll eingerichteten Seele“ Klara richtet sich auf. Sie spricht</Unicode>
                </TextEquiv>
            </TextLine>
            <TextLine id="r1l27" custom="readingOrder {index:26;}">
                <Coords points="792,2350 2532,2309 2455,2258 791,2293"/>
                <Baseline points="802,2332 892,2331 982,2330 1073,2328 1163,2327 1254,2325 1344,2324 1435,2322 1525,2320 1616,2318 1706,2316 1797,2315 1887,2313 1978,2311 2068,2309 2159,2308 2249,2306 2340,2304 2430,2303 2521,2302"/>
                <TextEquiv>
                    <Unicode>das Wort nicht, das alles lösen konnte, drückt den Stachel noch tiefer in seine</Unicode>
                </TextEquiv>
            </TextLine>
            <TextLine id="r1l28" custom="readingOrder {index:27;}">
                <Coords points="796,2395 2528,2379 2526,2308 795,2349"/>
                <Baseline points="806,2392 891,2391 977,2390 1062,2388 1148,2387 1233,2385 1319,2384 1404,2382 1490,2381 1575,2379 1661,2378 1747,2376 1832,2374 1918,2373 2003,2371 2089,2369 2174,2367 2260,2365 2345,2363 2431,2362 2517,2360"/>
                <TextEquiv>
                    <Unicode>Seele: „Daß ich mit keinem Menschen durch viele Jahre so innig nah ver¬</Unicode>
                </TextEquiv>
            </TextLine>
            <TextLine id="r1l29" custom="readingOrder {index:28;}">
                <Coords points="789,2454 2461,2440 2532,2382 787,2398"/>
                <Baseline points="799,2450 885,2449 971,2448 1057,2447 1143,2445 1229,2444 1315,2443 1401,2441 1487,2439 1573,2438 1660,2436 1746,2434 1832,2432 1918,2430 2004,2429 2090,2427 2176,2425 2262,2424 2348,2422 2434,2420 2521,2419"/>
                <TextEquiv>
                    <Unicode>bunden war als mit dir, das werd ich nie vergessen. — Und auch du wirst</Unicode>
                </TextEquiv>
            </TextLine>
            <TextLine id="r1l30" custom="readingOrder {index:29;}">
                <Coords points="794,2515 2536,2475 2365,2433 793,2454"/>
                <Baseline points="805,2510 891,2508 977,2507 1063,2505 1149,2504 1235,2502 1321,2501 1407,2499 1493,2498 1579,2497 1665,2495 1751,2494 1837,2492 1923,2491 2009,2489 2095,2487 2181,2485 2267,2483 2353,2480 2439,2478 2525,2475"/>
                <TextEquiv>
                    <Unicode>dich später einmal, bald, wenn du nur ruhiger geworden bist, wieder daran</Unicode>
                </TextEquiv>
            </TextLine>
            <TextLine id="r1l31" custom="readingOrder {index:30;}">
                <Coords points="789,2576 2474,2559 2541,2503 788,2532"/>
                <Baseline points="800,2567 886,2566 973,2565 1059,2563 1146,2562 1232,2561 1319,2559 1405,2558 1492,2557 1578,2555 1665,2554 1752,2552 1838,2551 1925,2549 2011,2547 2098,2545 2184,2543 2271,2541 2357,2538 2444,2535 2531,2532"/>
                <TextEquiv>
                    <Unicode>erinnern. Aber was war alles, was das Leben mir geschenkt, was war Hei¬</Unicode>
                </TextEquiv>
            </TextLine>
            <TextLine id="r1l32" custom="readingOrder {index:31;}">
                <Coords points="793,2622 2539,2594 2381,2546 792,2595"/>
                <Baseline points="803,2620 889,2621 975,2621 1061,2621 1147,2620 1234,2620 1320,2619 1406,2617 1492,2616 1578,2614 1665,2613 1751,2611 1837,2609 1923,2607 2009,2606 2096,2604 2182,2602 2268,2601 2354,2599 2440,2598 2527,2597"/>
                <TextEquiv>
                    <Unicode>matfriede, Mutterglück — gegen die kurze Frist von Seligkeit, in der ich seine</Unicode>
                </TextEquiv>
            </TextLine>
            <TextLine id="r1l33" custom="readingOrder {index:32;}">
                <Coords points="867,2695 2446,2684 2548,2617 867,2654"/>
                <Baseline points="879,2682 961,2681 1044,2679 1127,2678 1210,2676 1293,2675 1376,2674 1459,2672 1542,2671 1625,2670 1708,2669 1790,2668 1873,2666 1956,2665 2039,2664 2122,2663 2205,2662 2288,2660 2371,2659 2454,2658 2537,2656"/>
                <TextEquiv>
                    <Unicode>seine — in der ich — Ormins Geliebte war!“ Und sie geht, um nie zu¬</Unicode>
                </TextEquiv>
            </TextLine>
            <TextLine id="r1l34" custom="readingOrder {index:33;}">
                <Coords points="804,2744 830,2759 891,2764 961,2748 1013,2763 1041,2749 1130,2744 1130,2701 1100,2707 1067,2695 1028,2706 1012,2691 986,2691 960,2692 930,2714 891,2695 804,2709"/>
                <Baseline points="816,2739 841,2740 866,2740 892,2740 917,2739 942,2738 968,2738 993,2737 1018,2736 1044,2736 1069,2737 1094,2737 1120,2739"/>
                <TextEquiv>
                    <Unicode>rückzukehren.</Unicode>
                </TextEquiv>
            </TextLine>
            <TextLine id="r1l35" custom="readingOrder {index:34;}">
                <Coords points="920,2812 2554,2794 2552,2709 919,2754"/>
                <Baseline points="931,2798 1011,2797 1092,2796 1172,2795 1253,2794 1334,2793 1414,2791 1495,2790 1575,2788 1656,2787 1737,2785 1817,2783 1898,2782 1978,2780 2059,2778 2140,2776 2220,2775 2301,2773 2381,2771 2462,2770 2543,2768"/>
                <TextEquiv>
                    <Unicode>Die „Stunde des Erkennens“ ist vorüber. Aber diese Menschen, die jetzt</Unicode>
                </TextEquiv>
            </TextLine>
            <TextLine id="r1l36" custom="readingOrder {index:35;}">
                <Coords points="805,2863 2415,2858 2548,2790 804,2833"/>
                <Baseline points="816,2858 902,2858 988,2857 1074,2856 1160,2855 1246,2854 1332,2853 1419,2851 1505,2849 1591,2848 1677,2846 1763,2844 1849,2842 1935,2841 2022,2839 2108,2837 2194,2835 2280,2834 2366,2832 2452,2831 2539,2829"/>
                <TextEquiv>
                    <Unicode>erst zu wissen glauben, wie sie wirklich sind, haben sich ganz in die Maske</Unicode>
                </TextEquiv>
            </TextLine>
            <TextLine id="r1l37" custom="readingOrder {index:36;}">
                <Coords points="803,2930 2326,2913 2547,2860 803,2884"/>
                <Baseline points="815,2913 901,2913 987,2913 1073,2912 1159,2912 1245,2911 1331,2909 1417,2908 1503,2907 1589,2905 1676,2904 1762,2902 1848,2900 1934,2899 2020,2897 2106,2895 2192,2893 2278,2892 2364,2890 2450,2889 2537,2887"/>
                <TextEquiv>
                    <Unicode>ihrer Worte gehüllt. Und so wissen sie voneinander jetzt weniger als zuvor.</Unicode>
                </TextEquiv>
            </TextLine>
            <TextLine id="r1l38" custom="readingOrder {index:37;}">
                <Coords points="928,2982 2509,2967 2567,2902 927,2938"/>
                <Baseline points="938,2972 1023,2972 1108,2971 1193,2970 1278,2969 1364,2968 1449,2966 1534,2965 1619,2963 1704,2961 1790,2960 1875,2958 1960,2956 2045,2954 2130,2952 2216,2950 2301,2948 2386,2946 2471,2945 2557,2943"/>
                <TextEquiv>
                    <Unicode>Dann: „Große Szene“. Die Frau des genialen Schauspielers Herbot</Unicode>
                </TextEquiv>
            </TextLine>
            <TextLine id="r1l39" custom="readingOrder {index:38;}">
                <Coords points="813,3039 2542,3009 2417,2951 812,2987"/>
                <Baseline points="823,3032 908,3032 993,3031 1079,3031 1164,3030 1250,3028 1335,3027 1420,3026 1506,3024 1591,3023 1677,3021 1762,3019 1847,3018 1933,3016 2018,3014 2104,3012 2189,3010 2274,3008 2360,3006 2445,3004 2531,3003"/>
                <TextEquiv>
                    <Unicode>hat ihn verlassen, nicht weil er ihr treulos war, sondern weil er eine In¬</Unicode>
                </TextEquiv>
            </TextLine>
            <TextLine id="r1l40" custom="readingOrder {index:39;}">
                <Coords points="814,3095 2545,3067 2544,3013 814,3062"/>
                <Baseline points="825,3090 910,3089 996,3088 1081,3087 1167,3086 1252,3085 1338,3083 1423,3082 1509,3080 1594,3079 1680,3077 1765,3076 1851,3074 1936,3073 2022,3071 2107,3070 2193,3068 2278,3066 2364,3065 2449,3063 2535,3062"/>
                <TextEquiv>
                    <Unicode>famie begangen hat. Wäre es eines jener Philinchen gewesen, die weder ge¬</Unicode>
                </TextEquiv>
            </TextLine>
            <TextLine id="r1l41" custom="readingOrder {index:40;}">
                <Coords points="815,3177 2550,3119 2508,3070 814,3121"/>
                <Baseline points="825,3154 910,3152 996,3149 1082,3147 1167,3145 1253,3143 1339,3142 1424,3140 1510,3139 1596,3137 1682,3136 1767,3134 1853,3133 1939,3131 2024,3130 2110,3128 2196,3126 2281,3124 2367,3122 2453,3120 2539,3117"/>
                <TextEquiv>
                    <Unicode>gen sich noch gegen andere Verpflichtungen hatte — sie hätte wieder ver¬</Unicode>
                </TextEquiv>
            </TextLine>
            <TextLine id="r1l42" custom="readingOrder {index:41;}">
                <Coords points="815,3217 2568,3190 2566,3124 814,3178"/>
                <Baseline points="825,3209 911,3208 998,3207 1084,3206 1171,3204 1258,3203 1344,3201 1431,3200 1517,3198 1604,3196 1691,3195 1777,3193 1864,3191 1950,3189 2037,3187 2124,3185 2210,3184 2297,3182 2383,3180 2470,3179 2557,3177"/>
                <TextEquiv>
                    <Unicode>ziehen, wie schon oft. Aber diesmal war es ein unberührtes Mädchen und</Unicode>
                </TextEquiv>
            </TextLine>
            <TextLine id="r1l43" custom="readingOrder {index:42;}">
                <Coords points="814,3266 2450,3258 2562,3232 2562,3186 813,3231"/>
                <Baseline points="825,3266 911,3265 997,3264 1084,3263 1170,3261 1256,3260 1343,3259 1429,3258 1515,3256 1602,3255 1688,3254 1774,3252 1861,3250 1947,3249 2033,3247 2120,3245 2206,3243 2292,3241 2379,3239 2465,3236 2552,3234"/>
                <TextEquiv>
                    <Unicode>dazu die Braut eines Freundes ... Wenn sie trotzdem wieder zu ihm zurück¬</Unicode>
                </TextEquiv>
            </TextLine>
            <TextLine id="r1l44" custom="readingOrder {index:43;}">
                <Coords points="808,3324 2150,3329 2565,3276 807,3296"/>
                <Baseline points="819,3325 905,3325 992,3324 1079,3323 1166,3322 1252,3321 1339,3320 1426,3319 1513,3317 1599,3316 1686,3314 1773,3313 1860,3311 1946,3309 2033,3308 2120,3306 2207,3305 2293,3303 2380,3302 2467,3301 2554,3300"/>
                <TextEquiv>
                    <Unicode>kehrt, so geschicht es, weil sie sich selbst nicht ganz ohne Schuld fühlt:</Unicode>
                </TextEquiv>
            </TextLine>
            <TextLine id="r1l45" custom="readingOrder {index:44;}">
                <Coords points="820,3391 2573,3372 2572,3311 2391,3306 820,3356"/>
                <Baseline points="832,3393 918,3391 1005,3389 1091,3387 1178,3385 1264,3383 1351,3382 1437,3380 1524,3379 1610,3377 1697,3375 1783,3374 1870,3372 1956,3371 2043,3369 2129,3368 2216,3366 2302,3364 2389,3362 2475,3360 2562,3358"/>
                <TextEquiv>
                    <Unicode>sie hat, ohne das geringste zu gewähren, ein wohltuendes Gefühl in der</Unicode>
                </TextEquiv>
            </TextLine>
            <TextLine id="r1l46" custom="readingOrder {index:45;}">
                <Coords points="1618,3470 1636,3471 1658,3486 1673,3472 1684,3481 1690,3476 1714,3478 1740,3466 1756,3476 1782,3475 1779,3406 1768,3406 1751,3418 1736,3409 1714,3408 1706,3417 1677,3409 1664,3418 1617,3424"/>
                <Baseline points="1629,3461 1657,3459 1685,3458 1714,3458 1742,3457 1771,3455"/>
                <TextEquiv>
                    <Unicode>788</Unicode>
                </TextEquiv>
            </TextLine>
            <TextEquiv>
                <Unicode>
box 32/1
26.1. Kongedie der orte zuklus
teten Tochter übersiedeln wollte, ja, daß er die Auflösung ihres Haushal¬
tes, die unpraktisch und unmoralisch gewesen wäre, so lange ihr Kind da¬
heim war, jetzt geradezu wünsche: denn er weiß alles, wußte von ihrem Be¬
trug, hat sie nicht fortgejagt und hat zehn Jahre lang geschwiegen und
dieser Stunde entgegengelebt. Sie begreift ihn nicht; kann es nicht ver¬
stehen, daß ihm die Tatsache ihrer Untreue gegenüber der Qual ihrer da¬
maligen Entfremdung überhaupt noch etwas zu bedeuten hatte und er¬
innert ihn daran, wie glücklich sie beide gerade nach jener Episode noch
werden durften. Wieder muß sie erfahren, daß sie irrt: in grausamem Triumph,
jeden seiner Streiche auskostend, sagt er ihr höhnend, daß er sie nur in die¬
sem Glauben gelassen, daß er aber von damals an seine Existenz von der ihren
getrennt habe und daß sie ihm nicht mehr Geliebte oder Gattin bedeutet habe,
nur — was sie ihm „unter diesen Umständen“ eben noch sein konnte. Sie
schreit auf: „Du hättest mirs sagen müssen, eh’ du mich wieder nahmst.
Du hast mich schlimmer betrogen und tausendmal feiger als ich. Du hast mich
tiefer erniedrigt, als ein Mensch den andern erniedrigen darf.“ Er rast in wil¬
dem Frohlocken: „Fühlst Du das? — O das tut wohl.“ Und aus seinen her¬
vorgeschrienen Worten merkt sie erst, daß er gar nicht weiß, wer ihr Lieb¬
haber war; daß er sich nur deshalb so verhöhnt und beschmutzt fühlte, nur
deshalb nicht verzeihen kann, weil gerade der es war, dem alles zuflog, was
sich Eckold versagte, er, der sich den Größeren dünkte und der nur der Leicht¬
fertigere war — Ormin, der Herrliche, der Ueberlegene, der Götterliebling mit
der „geschmackvoll eingerichteten Seele“ Klara richtet sich auf. Sie spricht
das Wort nicht, das alles lösen konnte, drückt den Stachel noch tiefer in seine
Seele: „Daß ich mit keinem Menschen durch viele Jahre so innig nah ver¬
bunden war als mit dir, das werd ich nie vergessen. — Und auch du wirst
dich später einmal, bald, wenn du nur ruhiger geworden bist, wieder daran
erinnern. Aber was war alles, was das Leben mir geschenkt, was war Hei¬
matfriede, Mutterglück — gegen die kurze Frist von Seligkeit, in der ich seine
seine — in der ich — Ormins Geliebte war!“ Und sie geht, um nie zu¬
rückzukehren.
Die „Stunde des Erkennens“ ist vorüber. Aber diese Menschen, die jetzt
erst zu wissen glauben, wie sie wirklich sind, haben sich ganz in die Maske
ihrer Worte gehüllt. Und so wissen sie voneinander jetzt weniger als zuvor.
Dann: „Große Szene“. Die Frau des genialen Schauspielers Herbot
hat ihn verlassen, nicht weil er ihr treulos war, sondern weil er eine In¬
famie begangen hat. Wäre es eines jener Philinchen gewesen, die weder ge¬
gen sich noch gegen andere Verpflichtungen hatte — sie hätte wieder ver¬
ziehen, wie schon oft. Aber diesmal war es ein unberührtes Mädchen und
dazu die Braut eines Freundes ... Wenn sie trotzdem wieder zu ihm zurück¬
kehrt, so geschicht es, weil sie sich selbst nicht ganz ohne Schuld fühlt:
sie hat, ohne das geringste zu gewähren, ein wohltuendes Gefühl in der
788</Unicode>
            </TextEquiv>
        </TextRegion>
    </Page>
</PcGts>
