<?xml version="1.0" encoding="UTF-8" standalone="yes"?>
<PcGts xmlns="http://schema.primaresearch.org/PAGE/gts/pagecontent/2013-07-15" xmlns:xsi="http://www.w3.org/2001/XMLSchema-instance" xsi:schemaLocation="http://schema.primaresearch.org/PAGE/gts/pagecontent/2013-07-15 http://schema.primaresearch.org/PAGE/gts/pagecontent/2013-07-15/pagecontent.xsd">
    <Metadata>
        <Creator>prov=University of Rostock/Institute of Mathematics/CITlab/Gundram Leifert/gundram.leifert@uni-rostock.de:name=ONB_Newseye_GT_M1+(htr_id=10810)::::v=2.4.2
prov=University of Rostock/Institute of Mathematics/CITlab/Tobias Gruening/tobias.gruening@uni-rostock.de:name=de.uros.citlab.module.baseline2polygon.B2PSeamMultiOriented:v=2.4.2
prov=University of Rostock/Institute of Mathematics/CITlab/Tobias Gruening/tobias.gruening@uni-rostock.de:name=/mnt/transkribus/LA/DEA/URO/LA_news_onb_att.pb:de.uros.citlab.segmentation.CITlab_LA_ML:v=2.4.2
Transkribus</Creator>
        <Created>2019-10-07T11:08:58.105+02:00</Created>
        <LastChange>2019-10-07T19:20:05.597+02:00</LastChange>
        <TranskribusMetadata docId="223960" pageId="9493907" pageNr="24" tsid="16419942" status="IN_PROGRESS" userId="40391" imgUrl="https://files.transkribus.eu/Get?id=LNJQNNEOILVVCGKWEWEDSEQW&amp;fileType=view" xmlUrl="https://files.transkribus.eu/Get?id=BTWOEUQXMQWMEIAHCJDWLAVO" imageId="6184134"/>
    </Metadata>
    <Page imageFilename="223960_0024.jpeg" imageWidth="3344" imageHeight="4352">
        <ReadingOrder>
            <OrderedGroup id="ro_1711443061235" caption="Regions reading order">
                <RegionRefIndexed index="0" regionRef="r1"/>
            </OrderedGroup>
        </ReadingOrder>
        <TextRegion orientation="0.0" id="r1" custom="readingOrder {index:0;}">
            <Coords points="83,277 83,4219 3264,4219 3264,277"/>
            <TextLine id="r1l1" custom="readingOrder {index:0;}">
                <Coords points="1776,311 1831,316 1836,241 1816,239 1804,244 1781,242"/>
                <Baseline points="1790,305 1818,307"/>
                <TextEquiv>
                    <Unicode>U</Unicode>
                </TextEquiv>
            </TextLine>
            <TextLine id="r1l2" custom="readingOrder {index:1;}">
                <Coords points="186,315 1863,362 2491,330 2518,252 187,243"/>
                <Baseline points="200,297 315,303 430,309 545,314 660,318 776,320 891,323 1006,324 1121,325 1236,325 1352,325 1467,324 1582,323 1697,322 1812,321 1928,319 2043,318 2158,316 2273,315 2388,314 2504,313"/>
                <TextEquiv>
                    <Unicode>26.1. Konoedie der Norte zyklus box 32/1</Unicode>
                </TextEquiv>
            </TextLine>
            <TextLine id="r1l3" custom="readingOrder {index:2;}">
                <Coords points="2054,1494 2962,1490 3109,1523 3244,1506 3245,1452 2055,1445"/>
                <Baseline points="2070,1482 2128,1483 2186,1484 2244,1484 2302,1485 2360,1486 2418,1487 2476,1487 2534,1488 2592,1489 2650,1490 2708,1490 2766,1491 2824,1491 2882,1491 2940,1491 2998,1491 3056,1491 3114,1491 3172,1490 3231,1490"/>
                <TextEquiv>
                    <Unicode>ganzes Kunstwerk, das uneingeschränkte, volle Freude ihnen</Unicode>
                </TextEquiv>
            </TextLine>
            <TextLine id="r1l4" custom="readingOrder {index:3;}">
                <Coords points="75,1517 1426,1527 1383,1465 75,1453"/>
                <Baseline points="90,1498 156,1499 222,1499 288,1499 354,1500 420,1500 486,1501 552,1502 618,1503 684,1504 750,1505 816,1505 882,1506 948,1507 1014,1508 1080,1509 1146,1510 1212,1510 1278,1511 1344,1512 1411,1512"/>
                <TextEquiv>
                    <Unicode>nt. Weiter ver= Lüge? Treue und Untreue? So einfach ist es nicht",</Unicode>
                </TextEquiv>
            </TextLine>
            <TextLine id="r1l5" custom="readingOrder {index:4;}">
                <Coords points="2048,1548 3267,1548 3241,1502 2048,1494"/>
                <Baseline points="2063,1531 2122,1532 2181,1533 2241,1535 2300,1536 2360,1537 2419,1538 2478,1540 2538,1541 2597,1542 2657,1543 2716,1543 2775,1544 2835,1544 2894,1545 2954,1545 3013,1545 3072,1545 3132,1544 3191,1544 3251,1543"/>
                <TextEquiv>
                    <Unicode>bereitet. Wie oft ist nun schon der Bühnenheros in Frauen</Unicode>
                </TextEquiv>
            </TextLine>
            <TextLine id="r1l6" custom="readingOrder {index:5;}">
                <Coords points="81,1562 1447,1555 1384,1517 81,1508"/>
                <Baseline points="95,1552 161,1553 228,1554 295,1555 362,1556 429,1557 495,1557 562,1558 629,1559 696,1559 763,1560 829,1560 896,1561 963,1561 1030,1562 1097,1562 1163,1563 1230,1563 1297,1564 1364,1565 1431,1565"/>
                <TextEquiv>
                    <Unicode>Vorgänge zu lassen wir uns von Schnitzler belehren. Eine recht</Unicode>
                </TextEquiv>
            </TextLine>
            <TextLine id="r1l7" custom="readingOrder {index:6;}">
                <Coords points="2062,1598 3231,1611 3267,1550 2062,1541"/>
                <Baseline points="2075,1580 2133,1583 2192,1585 2251,1587 2310,1588 2369,1589 2428,1590 2487,1591 2546,1592 2605,1592 2664,1592 2722,1593 2781,1593 2840,1593 2899,1593 2958,1593 3017,1593 3076,1592 3135,1592 3194,1593 3253,1593"/>
                <TextEquiv>
                    <Unicode>seinen irdischen Schwächen und Sünden abkonterfeit neuerli</Unicode>
                </TextEquiv>
            </TextLine>
            <TextLine id="r1l8" custom="readingOrder {index:7;}">
                <Coords points="70,1609 130,1602 173,1618 263,1619 283,1599 300,1614 341,1613 400,1638 404,1549 339,1573 285,1562 255,1575 123,1562 98,1540 72,1545"/>
                <Baseline points="86,1596 111,1599 136,1600 161,1602 186,1604 211,1605 236,1606 261,1607 286,1607 311,1608 336,1608 361,1608 386,1607"/>
                <TextEquiv>
                    <Unicode>s bilden, und</Unicode>
                </TextEquiv>
            </TextLine>
            <TextLine id="r1l9" custom="readingOrder {index:8;}">
                <Coords points="384,1612 1306,1633 1444,1623 1445,1585 385,1554"/>
                <Baseline points="399,1608 450,1607 502,1607 553,1607 605,1607 656,1608 708,1609 759,1610 811,1611 862,1612 914,1614 966,1614 1017,1615 1069,1616 1120,1617 1172,1617 1223,1616 1275,1616 1326,1615 1378,1613 1430,1611"/>
                <TextEquiv>
                    <Unicode>erzwungene Symbolik wird aus dem Dionysos=Fest</Unicode>
                </TextEquiv>
            </TextLine>
            <TextLine id="r1l10" custom="readingOrder {index:9;}">
                <Coords points="2052,1631 2974,1664 3084,1653 3122,1590 2053,1594"/>
                <Baseline points="2068,1629 2119,1631 2171,1633 2223,1634 2275,1635 2327,1636 2379,1637 2431,1638 2483,1639 2535,1640 2587,1640 2638,1640 2690,1641 2742,1641 2794,1641 2846,1641 2898,1641 2950,1641 3002,1641 3054,1641 3106,1641"/>
                <TextEquiv>
                    <Unicode>worden — mit der Gestalt, die Schnitzler hier in</Unicode>
                </TextEquiv>
            </TextLine>
            <TextLine id="r1l11" custom="readingOrder {index:10;}">
                <Coords points="3107,1656 3124,1659 3156,1647 3179,1649 3187,1658 3205,1649 3222,1657 3242,1648 3265,1651 3264,1602 3230,1611 3207,1603 3181,1603 3175,1597 3106,1604"/>
                <Baseline points="3120,1641 3146,1642 3172,1642 3198,1640 3224,1640 3250,1641"/>
                <TextEquiv>
                    <Unicode>steigern</Unicode>
                </TextEquiv>
            </TextLine>
            <TextLine id="r1l12" custom="readingOrder {index:11;}">
                <Coords points="83,1659 114,1665 126,1654 166,1666 250,1662 319,1673 331,1661 388,1660 389,1614 265,1620 239,1610 202,1618 144,1605 84,1610"/>
                <Baseline points="98,1649 123,1650 148,1651 173,1652 198,1653 223,1655 248,1655 273,1655 298,1656 323,1655 348,1655 374,1653"/>
                <TextEquiv>
                    <Unicode>n Andeutungen</Unicode>
                </TextEquiv>
            </TextLine>
            <TextLine id="r1l13" custom="readingOrder {index:12;}">
                <Coords points="388,1666 1437,1665 1437,1618 388,1609"/>
                <Baseline points="401,1658 452,1657 503,1657 554,1657 605,1656 656,1656 707,1657 758,1657 809,1658 860,1658 911,1659 962,1659 1013,1660 1064,1661 1115,1662 1166,1662 1217,1663 1268,1664 1319,1664 1370,1665 1422,1665"/>
                <TextEquiv>
                    <Unicode>hergeholt, bei dem die Liebesfreude, die in der Fest¬</Unicode>
                </TextEquiv>
            </TextLine>
            <TextLine id="r1l14" custom="readingOrder {index:13;}">
                <Coords points="2057,1690 3109,1698 3104,1648 2058,1641"/>
                <Baseline points="2073,1680 2124,1682 2175,1683 2226,1683 2277,1684 2328,1685 2379,1686 2430,1687 2481,1687 2532,1688 2584,1689 2635,1689 2686,1689 2737,1690 2788,1690 2839,1690 2890,1691 2941,1691 2992,1691 3043,1691 3095,1691"/>
                <TextEquiv>
                    <Unicode>dem Konrad Herbst geschaffen, kann sich keiner seiner</Unicode>
                </TextEquiv>
            </TextLine>
            <TextLine id="r1l15" custom="readingOrder {index:14;}">
                <Coords points="3105,1695 3125,1695 3133,1704 3159,1695 3179,1703 3214,1698 3234,1709 3269,1703 3269,1648 3228,1654 3205,1649 3191,1657 3176,1649 3142,1649 3119,1660 3104,1660"/>
                <Baseline points="3119,1693 3145,1691 3172,1691 3199,1691 3226,1692 3253,1691"/>
                <TextEquiv>
                    <Unicode>Schlag</Unicode>
                </TextEquiv>
            </TextLine>
            <TextLine id="r1l16" custom="readingOrder {index:15;}">
                <Coords points="95,1711 126,1720 262,1711 287,1721 322,1707 351,1719 380,1717 381,1668 96,1659"/>
                <Baseline points="110,1697 135,1700 161,1701 186,1702 212,1703 238,1704 263,1704 289,1704 314,1704 340,1704 366,1703"/>
                <TextEquiv>
                    <Unicode>die nirgends</Unicode>
                </TextEquiv>
            </TextLine>
            <TextLine id="r1l17" custom="readingOrder {index:16;}">
                <Coords points="385,1709 1434,1736 1434,1673 1400,1669 385,1663"/>
                <Baseline points="399,1708 450,1707 501,1706 552,1706 603,1706 654,1705 705,1706 756,1706 807,1706 858,1707 909,1707 960,1708 1011,1709 1062,1709 1113,1710 1164,1711 1215,1712 1266,1713 1317,1714 1368,1714 1420,1715"/>
                <TextEquiv>
                    <Unicode>nacht ungehemmt begangen werden durfte, bei ihrer</Unicode>
                </TextEquiv>
            </TextLine>
            <TextLine id="r1l18" custom="readingOrder {index:17;}">
                <Coords points="2049,1731 3106,1760 3107,1696 2049,1691"/>
                <Baseline points="2063,1730 2114,1732 2165,1733 2217,1734 2268,1735 2320,1736 2371,1736 2422,1737 2474,1737 2525,1738 2577,1738 2628,1738 2679,1738 2731,1739 2782,1739 2834,1739 2885,1739 2936,1739 2988,1740 3039,1740 3091,1741"/>
                <TextEquiv>
                    <Unicode>Vorgänger messen, nicht einmal der vielbewunderte</Unicode>
                </TextEquiv>
            </TextLine>
            <TextLine id="r1l19" custom="readingOrder {index:18;}">
                <Coords points="3106,1755 3134,1757 3160,1748 3175,1759 3186,1753 3212,1761 3241,1761 3264,1754 3263,1700 3248,1700 3234,1709 3214,1698 3194,1698 3185,1704 3174,1699 3133,1702 3124,1694 3104,1694"/>
                <Baseline points="3121,1743 3146,1743 3172,1743 3197,1743 3223,1742 3249,1739"/>
                <TextEquiv>
                    <Unicode>absichts</Unicode>
                </TextEquiv>
            </TextLine>
            <TextLine id="r1l20" custom="readingOrder {index:19;}">
                <Coords points="91,1757 125,1766 200,1758 223,1770 255,1762 263,1771 295,1754 370,1770 390,1765 391,1704 359,1721 345,1712 287,1722 207,1707 129,1720 91,1710"/>
                <Baseline points="106,1749 133,1750 160,1752 187,1753 214,1754 241,1755 268,1755 295,1756 322,1755 349,1754 376,1752"/>
                <TextEquiv>
                    <Unicode>uns nicht ein¬</Unicode>
                </TextEquiv>
            </TextLine>
            <TextLine id="r1l21" custom="readingOrder {index:20;}">
                <Coords points="389,1770 1432,1780 1432,1717 389,1713"/>
                <Baseline points="404,1756 454,1755 505,1755 556,1755 606,1754 657,1754 708,1755 758,1755 809,1756 860,1756 911,1757 961,1758 1012,1759 1063,1759 1113,1760 1164,1761 1215,1762 1265,1762 1316,1762 1367,1763 1418,1763"/>
                <TextEquiv>
                    <Unicode>freiwilligen Wiederholung die Unlösbarkeit des Bundes</Unicode>
                </TextEquiv>
            </TextLine>
            <TextLine id="r1l22" custom="readingOrder {index:21;}">
                <Coords points="2048,1780 2325,1805 2406,1773 2679,1813 2754,1787 2889,1820 3112,1784 3112,1749 3060,1746 2049,1731"/>
                <Baseline points="2064,1787 2115,1786 2167,1785 2219,1784 2270,1784 2322,1784 2374,1784 2425,1784 2477,1784 2529,1785 2581,1786 2632,1786 2684,1787 2736,1788 2787,1789 2839,1789 2891,1790 2942,1790 2994,1790 3046,1790 3098,1789"/>
                <TextEquiv>
                    <Unicode>„Kammersänger“ Wedekinds. In verblüffender in¬</Unicode>
                </TextEquiv>
            </TextLine>
            <TextLine id="r1l23" custom="readingOrder {index:22;}">
                <Coords points="3099,1793 3122,1793 3148,1807 3171,1796 3202,1810 3223,1810 3246,1790 3251,1796 3266,1796 3266,1755 3251,1755 3240,1764 3228,1758 3214,1761 3197,1750 3148,1750 3125,1758 3113,1770 3099,1770"/>
                <Baseline points="3113,1793 3140,1792 3168,1792 3195,1793 3223,1793 3251,1791"/>
                <TextEquiv>
                    <Unicode>allem:</Unicode>
                </TextEquiv>
            </TextLine>
            <TextLine id="r1l24" custom="readingOrder {index:23;}">
                <Coords points="83,1809 143,1824 161,1810 241,1821 284,1810 296,1822 316,1811 345,1823 374,1812 375,1766 294,1756 268,1769 245,1760 231,1771 213,1762 84,1757"/>
                <Baseline points="96,1799 122,1799 149,1800 175,1801 202,1802 228,1803 255,1804 281,1804 308,1804 334,1804 361,1802"/>
                <TextEquiv>
                    <Unicode>kennen, solange</Unicode>
                </TextEquiv>
            </TextLine>
            <TextLine id="r1l25" custom="readingOrder {index:24;}">
                <Coords points="389,1811 1429,1808 1386,1773 1190,1761 389,1765"/>
                <Baseline points="403,1808 453,1808 504,1808 554,1807 605,1807 656,1807 706,1807 757,1806 807,1806 858,1806 909,1806 959,1806 1010,1806 1060,1807 1111,1807 1162,1808 1212,1809 1263,1810 1313,1812 1364,1814 1415,1816"/>
                <TextEquiv>
                    <Unicode>nach sich zog, dunkle Anspielungen reden von einer Ver¬</Unicode>
                </TextEquiv>
            </TextLine>
            <TextLine id="r1l26" custom="readingOrder {index:25;}">
                <Coords points="2053,1850 3099,1852 3099,1803 3065,1797 2054,1796"/>
                <Baseline points="2067,1832 2117,1832 2168,1833 2219,1834 2270,1835 2321,1835 2372,1836 2423,1836 2474,1837 2525,1837 2576,1838 2626,1838 2677,1838 2728,1839 2779,1839 2830,1840 2881,1840 2932,1841 2983,1842 3034,1842 3085,1843"/>
                <TextEquiv>
                    <Unicode>direkter Charakteristik steht er schon da, ehe er die</Unicode>
                </TextEquiv>
            </TextLine>
            <TextLine id="r1l27" custom="readingOrder {index:26;}">
                <Coords points="80,1860 115,1874 129,1860 173,1872 279,1859 328,1860 348,1872 389,1861 384,1811 193,1821 168,1809 81,1808"/>
                <Baseline points="95,1849 120,1850 145,1851 171,1851 196,1852 221,1852 247,1853 272,1853 297,1853 323,1853 348,1853 374,1852"/>
                <TextEquiv>
                    <Unicode>der sogenannten</Unicode>
                </TextEquiv>
            </TextLine>
            <TextLine id="r1l28" custom="readingOrder {index:27;}">
                <Coords points="381,1861 1435,1878 1412,1817 381,1818"/>
                <Baseline points="395,1856 446,1855 497,1855 549,1855 600,1854 651,1854 703,1854 754,1855 805,1855 857,1855 908,1855 959,1856 1011,1856 1062,1857 1113,1858 1165,1859 1216,1859 1267,1860 1319,1861 1370,1862 1422,1863"/>
                <TextEquiv>
                    <Unicode>irrung des Gatten, die er sich in seiner Gebirgseinsamkeit</Unicode>
                </TextEquiv>
            </TextLine>
            <TextLine id="r1l29" custom="readingOrder {index:28;}">
                <Coords points="2049,1892 3109,1909 3110,1851 2966,1835 2050,1851"/>
                <Baseline points="2063,1879 2114,1880 2166,1881 2217,1882 2269,1883 2321,1883 2372,1884 2424,1885 2475,1886 2527,1886 2579,1887 2630,1888 2682,1888 2733,1889 2785,1890 2837,1890 2888,1891 2940,1891 2991,1892 3043,1893 3095,1893"/>
                <TextEquiv>
                    <Unicode>Szene betritt, in den Gesprächen seines um</Unicode>
                </TextEquiv>
            </TextLine>
            <TextLine id="r1l30" custom="readingOrder {index:29;}">
                <Coords points="3099,1902 3145,1896 3176,1907 3191,1898 3202,1907 3220,1898 3263,1900 3262,1834 3247,1834 3230,1851 3190,1846 3170,1858 3161,1850 3150,1856 3130,1856 3124,1850 3098,1853"/>
                <Baseline points="3113,1895 3140,1893 3167,1893 3194,1893 3221,1893 3249,1891"/>
                <TextEquiv>
                    <Unicode>empfan</Unicode>
                </TextEquiv>
            </TextLine>
            <TextLine id="r1l31" custom="readingOrder {index:30;}">
                <Coords points="126,1906 186,1919 198,1910 287,1917 296,1908 359,1918 391,1907 391,1852 348,1869 288,1859 264,1868 218,1861 175,1872 126,1869"/>
                <Baseline points="140,1901 166,1902 192,1902 218,1903 244,1903 271,1904 297,1904 323,1904 349,1904 376,1904"/>
                <TextEquiv>
                    <Unicode>wiederholt:</Unicode>
                </TextEquiv>
            </TextLine>
            <TextLine id="r1l32" custom="readingOrder {index:31;}">
                <Coords points="381,1923 1442,1921 1442,1869 382,1869"/>
                <Baseline points="396,1906 447,1906 499,1905 550,1904 602,1904 654,1904 705,1904 757,1905 808,1905 860,1906 912,1907 963,1907 1015,1908 1066,1909 1118,1911 1170,1911 1221,1912 1273,1913 1324,1914 1376,1915 1428,1916"/>
                <TextEquiv>
                    <Unicode>zuschulden kommen ließ, und zum Schlusse muß noch</Unicode>
                </TextEquiv>
            </TextLine>
            <TextLine id="r1l33" custom="readingOrder {index:32;}">
                <Coords points="2055,1948 2168,1927 2257,1957 2343,1926 2395,1961 2490,1928 2827,1966 2888,1929 3026,1960 3095,1952 3096,1903 2056,1894"/>
                <Baseline points="2069,1931 2119,1931 2170,1932 2220,1932 2271,1933 2322,1933 2372,1934 2423,1935 2473,1936 2524,1937 2575,1937 2625,1938 2676,1939 2726,1940 2777,1940 2828,1940 2878,1941 2929,1941 2979,1941 3030,1940 3081,1940"/>
                <TextEquiv>
                    <Unicode>den Stern seines Theaters ängstlich besorgten</Unicode>
                </TextEquiv>
            </TextLine>
            <TextLine id="r1l34" custom="readingOrder {index:33;}">
                <Coords points="3101,1952 3127,1946 3141,1952 3181,1951 3193,1963 3205,1951 3219,1948 3245,1948 3254,1956 3271,1953 3270,1901 3126,1897 3120,1903 3114,1897 3100,1898"/>
                <Baseline points="3115,1941 3143,1941 3171,1941 3199,1942 3227,1941 3255,1937"/>
                <TextEquiv>
                    <Unicode>Wohlw</Unicode>
                </TextEquiv>
            </TextLine>
            <TextLine id="r1l35" custom="readingOrder {index:34;}">
                <Coords points="75,1961 141,1956 265,1973 349,1960 383,1966 384,1917 272,1910 191,1920 151,1907 76,1909"/>
                <Baseline points="91,1950 116,1949 141,1949 166,1949 191,1950 216,1951 242,1952 267,1953 292,1953 317,1953 342,1953 368,1951"/>
                <TextEquiv>
                    <Unicode>hwimmt Ihnen</Unicode>
                </TextEquiv>
            </TextLine>
            <TextLine id="r1l36" custom="readingOrder {index:35;}">
                <Coords points="380,1955 1444,1971 1444,1934 1329,1918 381,1911"/>
                <Baseline points="396,1957 447,1956 499,1955 551,1954 602,1954 654,1954 706,1954 757,1955 809,1956 861,1956 913,1957 964,1958 1016,1959 1068,1960 1119,1961 1171,1961 1223,1962 1274,1963 1326,1963 1378,1963 1430,1963"/>
                <TextEquiv>
                    <Unicode>ein: „Ich hasse dich“ seinerseits, das sie mit: „Und</Unicode>
                </TextEquiv>
            </TextLine>
            <TextLine id="r1l37" custom="readingOrder {index:36;}">
                <Coords points="2048,1984 3100,1999 3100,1947 2048,1955"/>
                <Baseline points="2063,1982 2114,1983 2165,1983 2216,1984 2267,1984 2318,1985 2369,1985 2420,1986 2471,1986 2522,1987 2574,1987 2625,1987 2676,1988 2727,1988 2778,1989 2829,1989 2880,1990 2931,1990 2982,1991 3033,1991 3085,1992"/>
                <TextEquiv>
                    <Unicode>Direktors Falk und seiner Gattin Sophie, die</Unicode>
                </TextEquiv>
            </TextLine>
            <TextLine id="r1l38" custom="readingOrder {index:37;}">
                <Coords points="3100,2000 3166,1999 3200,1990 3224,2010 3252,1992 3275,1998 3275,1949 3246,1946 3223,1952 3217,1947 3203,1953 3168,1947 3139,1953 3122,1948 3099,1954"/>
                <Baseline points="3115,1991 3144,1990 3173,1990 3203,1990 3232,1990 3262,1988"/>
                <TextEquiv>
                    <Unicode>des Ab</Unicode>
                </TextEquiv>
            </TextLine>
            <TextLine id="r1l39" custom="readingOrder {index:38;}">
                <Coords points="74,2020 166,2010 223,2016 270,2002 359,2025 382,2017 382,1965 281,1976 247,1961 204,1970 155,1958 74,1960"/>
                <Baseline points="87,2002 112,2000 137,1999 163,1998 188,1998 214,1998 239,1998 265,1999 290,2000 316,2000 341,2002 367,2003"/>
                <TextEquiv>
                    <Unicode>Zuschauer ver¬</Unicode>
                </TextEquiv>
            </TextLine>
            <TextLine id="r1l40" custom="readingOrder {index:39;}">
                <Coords points="392,2008 1426,2024 1409,1969 392,1962"/>
                <Baseline points="405,2005 455,2005 505,2005 556,2005 606,2005 657,2005 707,2005 757,2005 808,2005 858,2005 909,2006 959,2006 1009,2006 1060,2007 1110,2007 1161,2008 1211,2009 1261,2010 1312,2011 1362,2012 1413,2013"/>
                <TextEquiv>
                    <Unicode>ich dich noch tausendmal mehr“ erwidert, vom Kampfe</Unicode>
                </TextEquiv>
            </TextLine>
            <TextLine id="r1l41" custom="readingOrder {index:40;}">
                <Coords points="2053,2039 3107,2067 3108,2001 2053,1984"/>
                <Baseline points="2067,2030 2118,2031 2169,2033 2220,2033 2272,2035 2323,2035 2374,2036 2426,2037 2477,2037 2528,2038 2580,2039 2631,2039 2682,2039 2733,2039 2785,2039 2836,2039 2887,2039 2939,2039 2990,2039 3041,2039 3093,2038"/>
                <TextEquiv>
                    <Unicode>ihn verlassen hat, nachdem er sie mit einem</Unicode>
                </TextEquiv>
            </TextLine>
            <TextLine id="r1l42" custom="readingOrder {index:41;}">
                <Coords points="3107,2049 3139,2054 3153,2045 3165,2053 3197,2053 3214,2041 3234,2055 3266,2052 3265,1994 3250,1994 3222,2009 3201,1992 3167,1999 3106,2000"/>
                <Baseline points="3122,2040 3147,2039 3173,2039 3198,2038 3224,2038 3250,2038"/>
                <TextEquiv>
                    <Unicode>stück. 9</Unicode>
                </TextEquiv>
            </TextLine>
            <TextLine id="r1l43" custom="readingOrder {index:42;}">
                <Coords points="83,2057 121,2064 153,2053 242,2055 256,2064 314,2057 377,2073 378,2027 335,2012 266,2004 220,2017 85,2014"/>
                <Baseline points="98,2047 124,2048 151,2048 177,2049 204,2050 231,2050 257,2051 284,2051 310,2052 337,2053 364,2055"/>
                <TextEquiv>
                    <Unicode>In der Reden,</Unicode>
                </TextEquiv>
            </TextLine>
            <TextLine id="r1l44" custom="readingOrder {index:43;}">
                <Coords points="385,2063 1434,2064 1434,2026 1322,2019 386,2011"/>
                <Baseline points="400,2050 451,2051 502,2051 553,2051 604,2052 655,2053 706,2053 757,2054 808,2055 859,2055 910,2056 961,2057 1012,2057 1063,2058 1114,2059 1165,2060 1216,2061 1267,2062 1318,2063 1369,2064 1420,2065"/>
                <TextEquiv>
                    <Unicode>der Geschlechter orokeln, dessen Getose wir bis dahin</Unicode>
                </TextEquiv>
            </TextLine>
            <TextLine id="r1l45" custom="readingOrder {index:44;}">
                <Coords points="2042,2090 3007,2117 3096,2103 3097,2045 2042,2035"/>
                <Baseline points="2055,2084 2106,2083 2157,2083 2209,2083 2260,2083 2311,2083 2363,2084 2414,2084 2465,2085 2517,2086 2568,2087 2619,2088 2671,2089 2722,2090 2773,2090 2825,2091 2876,2091 2927,2091 2979,2091 3030,2090 3082,2089"/>
                <TextEquiv>
                    <Unicode>jungen Mädchen, das Braut war, auf das gewissen¬</Unicode>
                </TextEquiv>
            </TextLine>
            <TextLine id="r1l46" custom="readingOrder {index:45;}">
                <Coords points="3104,2092 3127,2099 3170,2099 3182,2088 3199,2088 3207,2097 3265,2098 3266,2054 3231,2051 3211,2039 3197,2053 3105,2043"/>
                <Baseline points="3118,2087 3144,2088 3171,2088 3198,2089 3225,2089 3252,2089"/>
                <TextEquiv>
                    <Unicode>die dr</Unicode>
                </TextEquiv>
            </TextLine>
            <TextLine id="r1l47" custom="readingOrder {index:46;}">
                <Coords points="79,2106 114,2112 163,2102 237,2118 263,2110 303,2137 352,2129 378,2138 380,2063 80,2054"/>
                <Baseline points="94,2097 121,2098 148,2098 175,2098 202,2098 229,2098 256,2099 283,2099 310,2101 337,2103 364,2105"/>
                <TextEquiv>
                    <Unicode>m Rätselspiel,</Unicode>
                </TextEquiv>
            </TextLine>
            <TextLine id="r1l48" custom="readingOrder {index:47;}">
                <Coords points="392,2109 1438,2120 1415,2068 393,2063"/>
                <Baseline points="406,2101 456,2101 507,2100 558,2100 609,2100 660,2101 711,2101 762,2102 813,2103 864,2104 915,2105 965,2106 1016,2107 1067,2108 1118,2109 1169,2109 1220,2110 1271,2111 1322,2111 1373,2111 1424,2111"/>
                <TextEquiv>
                    <Unicode>nicht einmal aus weitester Ferne vernommen. Brauche</Unicode>
                </TextEquiv>
            </TextLine>
            <TextLine id="r1l49" custom="readingOrder {index:48;}">
                <Coords points="2040,2134 3095,2147 3072,2095 2041,2091"/>
                <Baseline points="2056,2131 2107,2132 2158,2132 2209,2133 2260,2133 2312,2134 2363,2134 2414,2134 2465,2135 2516,2135 2568,2135 2619,2135 2670,2136 2721,2136 2772,2136 2824,2137 2875,2137 2926,2137 2977,2138 3028,2138 3080,2139"/>
                <TextEquiv>
                    <Unicode>loseste betrogen. Nun tritt er ein — strahlend und</Unicode>
                </TextEquiv>
            </TextLine>
            <TextLine id="r1l50" custom="readingOrder {index:49;}">
                <Coords points="3103,2144 3120,2141 3143,2155 3198,2147 3210,2158 3230,2155 3238,2147 3279,2147 3279,2092 3262,2092 3250,2101 3230,2095 3207,2098 3187,2086 3166,2100 3103,2092"/>
                <Baseline points="3117,2139 3146,2138 3175,2138 3205,2139 3234,2139 3264,2138"/>
                <TextEquiv>
                    <Unicode>Staufn</Unicode>
                </TextEquiv>
            </TextLine>
            <TextLine id="r1l51" custom="readingOrder {index:50;}">
                <Coords points="83,2161 109,2170 126,2159 143,2168 192,2156 204,2165 235,2162 250,2171 270,2154 284,2154 285,2111 250,2119 215,2107 83,2110"/>
                <Baseline points="97,2148 125,2150 154,2151 183,2150 212,2150 241,2150 270,2151"/>
                <TextEquiv>
                    <Unicode>ufzulösen.</Unicode>
                </TextEquiv>
            </TextLine>
            <TextLine id="r1l52" custom="readingOrder {index:51;}">
                <Coords points="391,2158 1437,2184 1437,2121 392,2110"/>
                <Baseline points="405,2152 458,2152 512,2153 565,2153 619,2154 673,2154 726,2155 780,2155 834,2155 887,2156 941,2156 994,2156 1048,2157 1102,2157 1155,2158 1209,2158 1263,2159 1316,2160 1370,2160 1424,2161"/>
                <TextEquiv>
                    <Unicode>ich bei Schnitzler zu sagen, wie viel Bewunderung</Unicode>
                </TextEquiv>
            </TextLine>
            <TextLine id="r1l53" custom="readingOrder {index:52;}">
                <Coords points="2049,2189 3054,2204 3100,2193 3101,2144 2049,2137"/>
                <Baseline points="2063,2180 2114,2181 2165,2181 2216,2182 2267,2183 2318,2183 2369,2184 2421,2185 2472,2185 2523,2186 2574,2186 2625,2187 2676,2187 2727,2188 2779,2188 2830,2188 2881,2189 2932,2189 2983,2189 3034,2189 3086,2188"/>
                <TextEquiv>
                    <Unicode>vergnügt, ahnungslos, was in dem gekränkten Weibe</Unicode>
                </TextEquiv>
            </TextLine>
            <TextLine id="r1l54" custom="readingOrder {index:53;}">
                <Coords points="3108,2199 3128,2199 3134,2205 3151,2196 3171,2201 3192,2198 3197,2204 3203,2198 3218,2198 3223,2204 3238,2189 3243,2195 3261,2195 3260,2149 3229,2149 3223,2155 3194,2146 3177,2146 3171,2152 3108,2150"/>
                <Baseline points="3121,2189 3146,2188 3171,2187 3196,2187 3221,2187 3246,2188"/>
                <TextEquiv>
                    <Unicode>innere</Unicode>
                </TextEquiv>
            </TextLine>
            <TextLine id="r1l55" custom="readingOrder {index:54;}">
                <Coords points="93,2206 205,2214 252,2203 352,2217 381,2208 382,2151 354,2145 333,2161 270,2155 244,2174 186,2156 94,2169"/>
                <Baseline points="108,2196 133,2197 159,2198 185,2198 211,2199 237,2199 262,2199 288,2199 314,2200 340,2201 366,2202"/>
                <TextEquiv>
                    <Unicode>dritte Stück,</Unicode>
                </TextEquiv>
            </TextLine>
            <TextLine id="r1l56" custom="readingOrder {index:55;}">
                <Coords points="378,2223 1433,2221 1433,2166 1033,2187 967,2158 379,2151"/>
                <Baseline points="394,2201 445,2201 496,2201 547,2202 598,2202 650,2203 701,2203 752,2204 803,2205 854,2205 906,2206 957,2207 1008,2207 1059,2208 1110,2209 1162,2209 1213,2210 1264,2210 1315,2210 1366,2211 1418,2211"/>
                <TextEquiv>
                    <Unicode>der Führung des Dialogs gebührt, oder die zahlreichen</Unicode>
                </TextEquiv>
            </TextLine>
            <TextLine id="r1l57" custom="readingOrder {index:56;}">
                <Coords points="2049,2245 3101,2263 3101,2191 2050,2193"/>
                <Baseline points="2065,2231 2116,2231 2167,2232 2218,2232 2269,2232 2320,2232 2371,2232 2422,2232 2473,2232 2524,2232 2575,2233 2626,2233 2677,2233 2728,2234 2779,2235 2830,2235 2881,2236 2932,2238 2983,2239 3034,2240 3086,2243"/>
                <TextEquiv>
                    <Unicode>vorgegangen, eitel und rücksichtslos, aber liebenswürdig,</Unicode>
                </TextEquiv>
            </TextLine>
            <TextLine id="r1l58" custom="readingOrder {index:57;}">
                <Coords points="3100,2252 3129,2252 3143,2245 3189,2250 3209,2244 3235,2252 3258,2251 3257,2194 3243,2194 3237,2188 3228,2197 3202,2204 3191,2198 3171,2202 3153,2196 3099,2212"/>
                <Baseline points="3114,2242 3139,2239 3165,2237 3191,2238 3217,2238 3243,2237"/>
                <TextEquiv>
                    <Unicode>wird d</Unicode>
                </TextEquiv>
            </TextLine>
            <TextLine id="r1l59" custom="readingOrder {index:58;}">
                <Coords points="78,2257 129,2266 147,2255 187,2264 230,2256 250,2268 299,2257 383,2261 384,2206 329,2214 320,2205 147,2209 121,2200 78,2208"/>
                <Baseline points="91,2244 116,2246 141,2247 167,2247 192,2248 217,2248 243,2248 268,2248 293,2248 319,2248 344,2249 370,2249"/>
                <TextEquiv>
                    <Unicode>e humoristischen</Unicode>
                </TextEquiv>
            </TextLine>
            <TextLine id="r1l60" custom="readingOrder {index:59;}">
                <Coords points="387,2264 1332,2284 1433,2265 1434,2222 388,2215"/>
                <Baseline points="402,2253 452,2253 503,2252 554,2252 605,2253 656,2253 707,2253 758,2254 809,2255 860,2256 911,2257 961,2257 1012,2258 1063,2259 1114,2260 1165,2261 1216,2261 1267,2262 1318,2262 1369,2262 1420,2262"/>
                <TextEquiv>
                    <Unicode>geistvollen Worte herauszuheben, die ihn schmücken?</Unicode>
                </TextEquiv>
            </TextLine>
            <TextLine id="r1l61" custom="readingOrder {index:60;}">
                <Coords points="2052,2288 3038,2308 3095,2305 3096,2265 2053,2242"/>
                <Baseline points="2067,2282 2117,2282 2168,2282 2218,2283 2269,2283 2320,2283 2370,2283 2421,2284 2472,2284 2522,2284 2573,2285 2624,2285 2674,2286 2725,2286 2776,2287 2826,2287 2877,2288 2928,2288 2978,2289 3029,2290 3080,2291"/>
                <TextEquiv>
                    <Unicode>ein verzogenes recht böses Kind. Und dem Bräutigam,</Unicode>
                </TextEquiv>
            </TextLine>
            <TextLine id="r1l62" custom="readingOrder {index:61;}">
                <Coords points="3104,2310 3130,2306 3139,2312 3153,2299 3193,2303 3199,2297 3219,2308 3231,2299 3263,2303 3260,2246 3229,2250 3220,2242 3214,2248 3102,2253"/>
                <Baseline points="3117,2295 3143,2293 3169,2291 3195,2289 3221,2289 3247,2291"/>
                <TextEquiv>
                    <Unicode>gestellt.</Unicode>
                </TextEquiv>
            </TextLine>
            <TextLine id="r1l63" custom="readingOrder {index:62;}">
                <Coords points="76,2309 137,2304 157,2319 191,2305 275,2306 376,2318 376,2258 249,2268 232,2256 77,2257"/>
                <Baseline points="90,2295 117,2296 144,2297 171,2297 198,2297 225,2297 252,2297 279,2297 306,2298 333,2299 360,2300"/>
                <TextEquiv>
                    <Unicode>wohl bedenklich</Unicode>
                </TextEquiv>
            </TextLine>
            <TextLine id="r1l64" custom="readingOrder {index:63;}">
                <Coords points="376,2319 1434,2303 1414,2268 377,2259"/>
                <Baseline points="392,2301 443,2301 494,2301 545,2301 597,2301 648,2302 699,2303 751,2304 802,2304 853,2306 905,2307 956,2308 1007,2309 1058,2310 1110,2311 1161,2311 1212,2312 1264,2312 1315,2312 1366,2312 1418,2312"/>
                <TextEquiv>
                    <Unicode>Aber die Probleme an und für sich erscheinen mir</Unicode>
                </TextEquiv>
            </TextLine>
            <TextLine id="r1l65" custom="readingOrder {index:64;}">
                <Coords points="2042,2324 2917,2362 3096,2355 3097,2300 2042,2286"/>
                <Baseline points="2055,2332 2106,2332 2157,2332 2208,2332 2260,2332 2311,2332 2362,2333 2414,2333 2465,2333 2516,2334 2568,2335 2619,2336 2670,2336 2721,2337 2773,2338 2824,2338 2875,2339 2927,2340 2978,2340 3029,2341 3081,2341"/>
                <TextEquiv>
                    <Unicode>der, Rechenschaft fordernd, zu ihm stürmt, spielt er</Unicode>
                </TextEquiv>
            </TextLine>
            <TextLine id="r1l66" custom="readingOrder {index:65;}">
                <Coords points="3101,2350 3130,2352 3135,2358 3155,2345 3175,2345 3211,2366 3234,2360 3248,2348 3259,2356 3274,2355 3272,2301 3243,2305 3220,2297 3214,2303 3200,2298 3191,2304 3177,2298 3128,2306 3099,2301"/>
                <Baseline points="3114,2346 3142,2341 3171,2338 3200,2338 3229,2338 3258,2340"/>
                <TextEquiv>
                    <Unicode>geboten</Unicode>
                </TextEquiv>
            </TextLine>
            <TextLine id="r1l67" custom="readingOrder {index:66;}">
                <Coords points="73,2359 137,2357 148,2366 200,2355 223,2367 261,2356 275,2368 304,2357 384,2367 385,2312 74,2304"/>
                <Baseline points="88,2348 113,2348 139,2348 164,2348 190,2348 216,2348 241,2349 267,2350 293,2350 318,2351 344,2352 370,2353"/>
                <TextEquiv>
                    <Unicode>ischer Führung</Unicode>
                </TextEquiv>
            </TextLine>
            <TextLine id="r1l68" custom="readingOrder {index:67;}">
                <Coords points="378,2352 1199,2382 1401,2371 1433,2319 379,2314"/>
                <Baseline points="392,2351 443,2350 494,2350 545,2350 597,2350 648,2351 699,2352 750,2352 802,2353 853,2354 904,2356 955,2357 1007,2358 1058,2359 1109,2360 1160,2361 1212,2362 1263,2362 1314,2363 1365,2362 1417,2362"/>
                <TextEquiv>
                    <Unicode>erklügelt und verklügelt. In allen seinen letzten Werken</Unicode>
                </TextEquiv>
            </TextLine>
            <TextLine id="r1l69" custom="readingOrder {index:68;}">
                <Coords points="2052,2396 3089,2407 3090,2346 2052,2341"/>
                <Baseline points="2065,2383 2115,2382 2166,2381 2216,2381 2267,2380 2317,2380 2368,2381 2418,2381 2469,2382 2519,2383 2570,2384 2620,2385 2671,2386 2721,2387 2772,2388 2822,2389 2873,2390 2923,2391 2974,2391 3024,2392 3075,2392"/>
                <TextEquiv>
                    <Unicode>eine Prachtszene vor — man mag da an den „grünen</Unicode>
                </TextEquiv>
            </TextLine>
            <TextLine id="r1l70" custom="readingOrder {index:69;}">
                <Coords points="3092,2409 3110,2411 3118,2401 3138,2397 3144,2403 3184,2397 3193,2403 3212,2390 3233,2392 3231,2363 3211,2364 3195,2351 3161,2353 3143,2348 3089,2357"/>
                <Baseline points="3107,2395 3135,2392 3163,2389 3191,2388 3219,2389"/>
                <TextEquiv>
                    <Unicode>schön</Unicode>
                </TextEquiv>
            </TextLine>
            <TextLine id="r1l71" custom="readingOrder {index:70;}">
                <Coords points="82,2401 125,2416 157,2399 185,2414 223,2414 243,2400 306,2418 335,2407 376,2416 376,2367 290,2357 275,2368 264,2357 200,2353 82,2358"/>
                <Baseline points="97,2398 123,2397 149,2397 176,2397 202,2398 229,2398 255,2398 281,2399 308,2399 334,2399 361,2400"/>
                <TextEquiv>
                    <Unicode>tend der kurzen</Unicode>
                </TextEquiv>
            </TextLine>
            <TextLine id="r1l72" custom="readingOrder {index:71;}">
                <Coords points="377,2404 1440,2415 1440,2386 1357,2368 377,2361"/>
                <Baseline points="391,2402 442,2402 494,2402 545,2403 597,2403 649,2404 700,2405 752,2405 804,2406 855,2407 907,2408 959,2409 1010,2410 1062,2410 1114,2411 1165,2411 1217,2411 1269,2411 1320,2410 1372,2409 1424,2408"/>
                <TextEquiv>
                    <Unicode>tritt uns neben dem starken Einflusse der Freudschen</Unicode>
                </TextEquiv>
            </TextLine>
            <TextLine id="r1l73" custom="readingOrder {index:72;}">
                <Coords points="2049,2446 2712,2421 2867,2466 2899,2438 3098,2450 3064,2397 2050,2394"/>
                <Baseline points="2065,2432 2115,2431 2166,2430 2217,2429 2268,2429 2319,2429 2370,2430 2421,2430 2472,2431 2523,2432 2574,2433 2624,2435 2675,2436 2726,2437 2777,2438 2828,2439 2879,2440 2930,2440 2981,2441 3032,2441 3083,2440"/>
                <TextEquiv>
                    <Unicode>Kakadu“ zurückdenken — in der er auch mit Hilfe</Unicode>
                </TextEquiv>
            </TextLine>
            <TextLine id="r1l74" custom="readingOrder {index:73;}">
                <Coords points="3095,2457 3110,2457 3116,2451 3141,2457 3153,2451 3162,2460 3182,2460 3196,2449 3214,2457 3228,2452 3251,2455 3251,2397 3231,2394 3222,2403 3194,2408 3165,2397 3145,2405 3130,2399 3096,2408"/>
                <Baseline points="3109,2440 3134,2439 3159,2439 3185,2439 3210,2439 3236,2441"/>
                <TextEquiv>
                    <Unicode>leisen,</Unicode>
                </TextEquiv>
            </TextLine>
            <TextLine id="r1l75" custom="readingOrder {index:74;}">
                <Coords points="82,2467 128,2456 157,2467 215,2450 287,2471 313,2456 339,2465 373,2460 373,2414 336,2408 299,2416 244,2401 178,2410 166,2398 137,2412 83,2403"/>
                <Baseline points="98,2446 124,2447 150,2447 176,2447 202,2447 229,2447 255,2447 281,2447 307,2447 333,2448 360,2449"/>
                <TextEquiv>
                    <Unicode>ungen Sports¬</Unicode>
                </TextEquiv>
            </TextLine>
            <TextLine id="r1l76" custom="readingOrder {index:75;}">
                <Coords points="368,2485 910,2453 1414,2484 1441,2424 369,2421"/>
                <Baseline points="383,2452 435,2452 487,2452 539,2453 591,2453 644,2453 696,2454 748,2455 800,2455 852,2456 905,2456 957,2457 1009,2458 1061,2458 1113,2459 1166,2460 1218,2460 1270,2461 1322,2461 1374,2461 1427,2462"/>
                <TextEquiv>
                    <Unicode>Lehren, dem sich wohl kein Schaffender heute gänzlich</Unicode>
                </TextEquiv>
            </TextLine>
            <TextLine id="r1l77" custom="readingOrder {index:76;}">
                <Coords points="2053,2479 2871,2480 3075,2512 3102,2437 2053,2442"/>
                <Baseline points="2066,2477 2117,2478 2168,2479 2219,2480 2270,2480 2321,2481 2372,2482 2423,2482 2474,2483 2525,2483 2576,2484 2627,2485 2678,2485 2729,2486 2780,2487 2831,2488 2882,2489 2933,2490 2984,2491 3035,2492 3086,2493"/>
                <TextEquiv>
                    <Unicode>eines im Datum gefälschten Briefes eine Abweisung</Unicode>
                </TextEquiv>
            </TextLine>
            <TextLine id="r1l78" custom="readingOrder {index:77;}">
                <Coords points="3105,2507 3145,2507 3156,2498 3182,2507 3194,2495 3231,2509 3254,2492 3275,2498 3274,2446 3245,2443 3234,2452 3194,2449 3182,2461 3165,2461 3153,2449 3104,2450"/>
                <Baseline points="3118,2489 3146,2490 3175,2489 3203,2489 3232,2488 3261,2490"/>
                <TextEquiv>
                    <Unicode>von den</Unicode>
                </TextEquiv>
            </TextLine>
            <TextLine id="r1l79" custom="readingOrder {index:78;}">
                <Coords points="78,2505 124,2514 211,2507 222,2518 271,2516 286,2502 381,2509 381,2466 352,2457 338,2465 312,2456 297,2470 234,2455 145,2463 79,2442"/>
                <Baseline points="93,2494 120,2497 147,2499 175,2499 202,2500 230,2500 257,2500 284,2499 312,2499 339,2500 367,2501"/>
                <TextEquiv>
                    <Unicode>rchzugehen be¬</Unicode>
                </TextEquiv>
            </TextLine>
            <TextLine id="r1l80" custom="readingOrder {index:79;}">
                <Coords points="381,2515 1442,2503 1373,2468 382,2463"/>
                <Baseline points="397,2504 448,2504 499,2504 551,2504 602,2504 654,2504 705,2504 757,2504 808,2505 860,2505 911,2505 962,2506 1014,2506 1065,2506 1117,2507 1168,2507 1220,2507 1271,2508 1323,2508 1374,2509 1426,2509"/>
                <TextEquiv>
                    <Unicode>zu entziehen vermag, auch eine weit bedauerlichere</Unicode>
                </TextEquiv>
            </TextLine>
            <TextLine id="r1l81" custom="readingOrder {index:80;}">
                <Coords points="2043,2552 3094,2552 3095,2503 2043,2480"/>
                <Baseline points="2058,2527 2109,2529 2160,2530 2211,2531 2262,2532 2313,2533 2364,2533 2416,2533 2467,2533 2518,2534 2569,2534 2620,2534 2671,2534 2722,2534 2774,2534 2825,2535 2876,2535 2927,2536 2978,2537 3029,2538 3081,2540"/>
                <TextEquiv>
                    <Unicode>seiner Werbung durch das nur von harmloser Schauspieler¬</Unicode>
                </TextEquiv>
            </TextLine>
            <TextLine id="r1l82" custom="readingOrder {index:81;}">
                <Coords points="3097,2559 3119,2555 3131,2560 3145,2551 3163,2553 3177,2546 3203,2557 3211,2547 3263,2548 3261,2504 3238,2509 3200,2499 3175,2506 3157,2498 3140,2508 3131,2503 3117,2509 3094,2505"/>
                <Baseline points="3111,2547 3138,2545 3165,2543 3192,2543 3219,2541 3247,2539"/>
                <TextEquiv>
                    <Unicode>gehalten</Unicode>
                </TextEquiv>
            </TextLine>
            <TextLine id="r1l83" custom="readingOrder {index:82;}">
                <Coords points="84,2565 139,2552 171,2565 208,2557 251,2570 278,2551 298,2551 381,2571 383,2508 366,2504 322,2518 302,2511 253,2521 178,2507 138,2515 86,2508"/>
                <Baseline points="100,2543 126,2546 153,2547 179,2549 206,2551 233,2551 259,2552 286,2552 312,2552 339,2552 366,2552"/>
                <TextEquiv>
                    <Unicode>rwählten, auf</Unicode>
                </TextEquiv>
            </TextLine>
            <TextLine id="r1l84" custom="readingOrder {index:83;}">
                <Coords points="380,2560 1434,2574 1434,2533 1365,2518 380,2514"/>
                <Baseline points="393,2552 444,2552 495,2552 547,2553 598,2553 649,2553 701,2554 752,2554 803,2555 855,2556 906,2556 957,2557 1009,2558 1060,2558 1111,2559 1163,2559 1214,2560 1265,2560 1317,2561 1368,2561 1420,2561"/>
                <TextEquiv>
                    <Unicode>Einwirkung Wassermanns entgegen, dessen überspitzte</Unicode>
                </TextEquiv>
            </TextLine>
            <TextLine id="r1l85" custom="readingOrder {index:84;}">
                <Coords points="2052,2594 2300,2570 2377,2603 3066,2609 3087,2551 2052,2542"/>
                <Baseline points="2066,2578 2116,2579 2166,2580 2216,2581 2267,2581 2317,2582 2367,2583 2418,2583 2468,2583 2518,2584 2569,2584 2619,2584 2669,2585 2719,2585 2770,2585 2820,2586 2870,2586 2921,2587 2971,2587 3021,2588 3072,2588"/>
                <TextEquiv>
                    <Unicode>schwärmerei angekränkelte Mädchen zusammendichtet,</Unicode>
                </TextEquiv>
            </TextLine>
            <TextLine id="r1l86" custom="readingOrder {index:85;}">
                <Coords points="3100,2599 3137,2595 3146,2601 3155,2595 3166,2607 3175,2607 3198,2592 3209,2592 3230,2609 3264,2605 3264,2551 3229,2545 3220,2551 3186,2552 3174,2546 3166,2552 3099,2553"/>
                <Baseline points="3115,2589 3142,2590 3169,2590 3196,2590 3223,2589 3251,2587"/>
                <TextEquiv>
                    <Unicode>volle K</Unicode>
                </TextEquiv>
            </TextLine>
            <TextLine id="r1l87" custom="readingOrder {index:86;}">
                <Coords points="77,2606 121,2596 146,2612 210,2605 224,2615 262,2604 273,2614 343,2607 371,2620 373,2568 344,2558 296,2551 258,2561 186,2556 168,2564 137,2554 113,2567 79,2563"/>
                <Baseline points="92,2594 118,2595 144,2595 171,2596 197,2597 224,2599 250,2600 276,2601 303,2602 329,2602 356,2602"/>
                <TextEquiv>
                    <Unicode>Gatten Felix</Unicode>
                </TextEquiv>
            </TextLine>
            <TextLine id="r1l88" custom="readingOrder {index:87;}">
                <Coords points="376,2618 1431,2607 1431,2572 1334,2565 377,2557"/>
                <Baseline points="391,2603 442,2602 493,2602 544,2602 596,2602 647,2602 698,2602 750,2603 801,2603 852,2604 904,2605 955,2606 1006,2607 1057,2607 1109,2608 1160,2609 1211,2610 1263,2610 1314,2611 1365,2612 1417,2612"/>
                <TextEquiv>
                    <Unicode>Erfindung und Darstellung manchen geduldigen Leser</Unicode>
                </TextEquiv>
            </TextLine>
            <TextLine id="r1l89" custom="readingOrder {index:88;}">
                <Coords points="2053,2635 3099,2659 3100,2596 2054,2595"/>
                <Baseline points="2067,2629 2117,2629 2168,2629 2219,2630 2270,2630 2321,2630 2372,2631 2423,2631 2474,2631 2525,2632 2576,2632 2626,2633 2677,2633 2728,2634 2779,2634 2830,2635 2881,2635 2932,2636 2983,2637 3034,2638 3085,2638"/>
                <TextEquiv>
                    <Unicode>mit solcher Verve der Erfindung, daß er an seinen eigenen</Unicode>
                </TextEquiv>
            </TextLine>
            <TextLine id="r1l90" custom="readingOrder {index:89;}">
                <Coords points="3092,2660 3107,2660 3118,2648 3153,2653 3158,2647 3184,2658 3193,2649 3236,2652 3268,2642 3267,2599 3221,2603 3209,2592 3197,2592 3178,2607 3166,2607 3154,2595 3149,2601 3137,2596 3091,2600"/>
                <Baseline points="3107,2641 3136,2641 3165,2641 3194,2641 3223,2640 3253,2637"/>
                <TextEquiv>
                    <Unicode>Staufne</Unicode>
                </TextEquiv>
            </TextLine>
            <TextLine id="r1l91" custom="readingOrder {index:90;}">
                <Coords points="78,2663 1424,2675 1424,2623 1315,2613 79,2606"/>
                <Baseline points="94,2644 159,2646 225,2648 291,2649 357,2651 422,2652 488,2652 554,2653 620,2654 685,2654 751,2654 817,2655 883,2655 948,2656 1014,2656 1080,2657 1146,2657 1211,2658 1277,2660 1343,2661 1409,2662"/>
                <TextEquiv>
                    <Unicode>hren unumstöß= vielleicht fesselt, auf der Bühne aber völlig versagen</Unicode>
                </TextEquiv>
            </TextLine>
            <TextLine id="r1l92" custom="readingOrder {index:91;}">
                <Coords points="2040,2688 3264,2706 3264,2657 3097,2638 2040,2631"/>
                <Baseline points="2055,2679 2114,2680 2174,2680 2234,2681 2294,2682 2354,2683 2413,2683 2473,2684 2533,2685 2593,2686 2653,2686 2712,2687 2772,2687 2832,2688 2892,2689 2952,2689 3011,2689 3071,2689 3131,2690 3191,2690 3251,2690"/>
                <TextEquiv>
                    <Unicode>Kohlen dahinschmilzt und sich selbst als entsagender Durchar</Unicode>
                </TextEquiv>
            </TextLine>
            <TextLine id="r1l93" custom="readingOrder {index:92;}">
                <Coords points="79,2703 1436,2716 1416,2667 79,2654"/>
                <Baseline points="92,2697 158,2699 224,2700 291,2701 357,2702 424,2703 490,2703 557,2704 623,2705 690,2705 756,2705 822,2706 889,2706 955,2706 1022,2707 1088,2707 1155,2707 1221,2707 1288,2708 1354,2708 1421,2708"/>
                <TextEquiv>
                    <Unicode>ufzuklären. Er muß, wie sich ja jüngsthin überzeugend erwiesen. So</Unicode>
                </TextEquiv>
            </TextLine>
            <TextLine id="r1l94" custom="readingOrder {index:93;}">
                <Coords points="2041,2726 3228,2750 3229,2703 3082,2690 2042,2689"/>
                <Baseline points="2055,2727 2113,2728 2171,2729 2229,2731 2287,2731 2345,2732 2403,2733 2461,2734 2519,2734 2577,2735 2635,2735 2693,2736 2751,2736 2809,2737 2867,2737 2925,2737 2983,2738 3041,2738 3099,2739 3157,2739 3215,2740"/>
                <TextEquiv>
                    <Unicode>Verführer bewundert. Doch seine Gattin, die diese nur e</Unicode>
                </TextEquiv>
            </TextLine>
            <TextLine id="r1l95" custom="readingOrder {index:94;}">
                <Coords points="72,2750 120,2763 218,2763 251,2747 270,2765 322,2758 374,2769 376,2711 298,2700 283,2714 165,2707 142,2718 73,2701"/>
                <Baseline points="85,2744 110,2744 135,2744 160,2745 185,2746 210,2747 235,2749 260,2750 285,2751 310,2751 335,2751 360,2750"/>
                <TextEquiv>
                    <Unicode>ituation gleich</Unicode>
                </TextEquiv>
            </TextLine>
            <TextLine id="r1l96" custom="readingOrder {index:95;}">
                <Coords points="389,2758 1432,2761 1432,2721 1334,2711 389,2712"/>
                <Baseline points="402,2747 452,2749 503,2751 554,2753 604,2754 655,2755 706,2755 756,2756 807,2756 858,2756 909,2756 959,2756 1010,2756 1061,2756 1111,2757 1162,2757 1213,2757 1263,2758 1314,2758 1365,2759 1416,2761"/>
                <TextEquiv>
                    <Unicode>wird diesen zwei Stücken gegenüber das Wort, das</Unicode>
                </TextEquiv>
            </TextLine>
            <TextLine id="r1l97" custom="readingOrder {index:96;}">
                <Coords points="2045,2781 3209,2818 3210,2752 3100,2739 2538,2764 2046,2727"/>
                <Baseline points="2060,2773 2116,2776 2173,2779 2230,2781 2287,2782 2344,2784 2400,2785 2457,2786 2514,2786 2571,2786 2628,2786 2684,2787 2741,2787 2798,2787 2855,2787 2912,2787 2968,2788 3025,2789 3082,2790 3139,2791 3196,2793"/>
                <TextEquiv>
                    <Unicode>virtnose Leistung mit angehört, empfindet tiefen keit,</Unicode>
                </TextEquiv>
            </TextLine>
            <TextLine id="r1l98" custom="readingOrder {index:97;}">
                <Coords points="75,2803 110,2806 130,2824 220,2802 242,2812 280,2804 311,2822 355,2811 386,2829 388,2754 266,2766 247,2751 220,2765 209,2756 119,2763 76,2751"/>
                <Baseline points="91,2792 116,2794 142,2794 167,2795 193,2796 218,2796 244,2796 269,2796 295,2797 320,2797 346,2798 372,2800"/>
                <TextEquiv>
                    <Unicode>dutzten Jungen</Unicode>
                </TextEquiv>
            </TextLine>
            <TextLine id="r1l99" custom="readingOrder {index:98;}">
                <Coords points="378,2823 819,2796 1433,2816 1433,2773 1307,2761 1062,2788 379,2759"/>
                <Baseline points="394,2799 445,2801 496,2802 547,2804 598,2805 650,2806 701,2806 752,2807 803,2807 854,2808 906,2808 957,2808 1008,2808 1059,2808 1110,2808 1162,2808 1213,2807 1264,2807 1315,2806 1366,2806 1418,2805"/>
                <TextEquiv>
                    <Unicode>sein Felix Staufner ausspricht, zur Selbstkritik:</Unicode>
                </TextEquiv>
            </TextLine>
            <TextLine id="r1l100" custom="readingOrder {index:99;}">
                <Coords points="2039,2828 2724,2861 2909,2818 2949,2859 3084,2861 3260,2846 3261,2797 2040,2779"/>
                <Baseline points="2053,2824 2112,2825 2172,2827 2232,2828 2291,2829 2351,2830 2411,2831 2470,2832 2530,2832 2590,2833 2650,2833 2709,2834 2769,2835 2829,2835 2888,2836 2948,2837 3008,2838 3067,2840 3127,2841 3187,2843 3247,2845"/>
                <TextEquiv>
                    <Unicode>Ekel vor dem „toll gewordenen Hanswurst“ sie will wie üb</Unicode>
                </TextEquiv>
            </TextLine>
            <TextLine id="r1l101" custom="readingOrder {index:100;}">
                <Coords points="69,2839 1339,2885 1428,2869 1429,2817 69,2804"/>
                <Baseline points="83,2845 149,2846 216,2847 282,2849 349,2850 416,2851 482,2852 549,2853 615,2854 682,2855 749,2855 815,2856 882,2856 948,2857 1015,2858 1081,2858 1148,2859 1215,2859 1281,2860 1348,2860 1415,2860"/>
                <TextEquiv>
                    <Unicode>die gar nicht zu] „Statt das Natürliche natürlich zu erleben, trüben sie</Unicode>
                </TextEquiv>
            </TextLine>
            <TextLine id="r1l102" custom="readingOrder {index:101;}">
                <Coords points="2042,2897 3270,2900 3270,2840 2043,2830"/>
                <Baseline points="2058,2876 2117,2877 2177,2878 2237,2879 2297,2880 2357,2881 2417,2883 2477,2884 2537,2884 2597,2885 2657,2886 2716,2887 2776,2887 2836,2888 2896,2888 2956,2888 3016,2888 3076,2888 3136,2888 3196,2887 3256,2887"/>
                <TextEquiv>
                    <Unicode>für immer von ihm scheiden, da reißt er sie wieder Seine k</Unicode>
                </TextEquiv>
            </TextLine>
            <TextLine id="r1l103" custom="readingOrder {index:102;}">
                <Coords points="73,2903 151,2908 183,2894 234,2915 284,2910 295,2899 330,2917 350,2908 379,2915 380,2860 74,2860"/>
                <Baseline points="88,2893 113,2894 138,2895 163,2895 188,2896 213,2896 238,2897 263,2897 288,2898 313,2898 338,2898 363,2898"/>
                <TextEquiv>
                    <Unicode>iert und sie</Unicode>
                </TextEquiv>
            </TextLine>
            <TextLine id="r1l104" custom="readingOrder {index:103;}">
                <Coords points="375,2913 1208,2910 1208,2881 1162,2863 375,2861"/>
                <Baseline points="390,2899 430,2900 470,2902 510,2902 550,2903 590,2904 630,2905 670,2905 710,2906 750,2906 791,2906 831,2906 871,2906 911,2906 951,2906 991,2906 1031,2906 1071,2906 1111,2906 1151,2906 1192,2906"/>
                <TextEquiv>
                    <Unicode>es durch ihre gottverdammte Psychologie“.</Unicode>
                </TextEquiv>
            </TextLine>
            <TextLine id="r1l105" custom="readingOrder {index:104;}">
                <Coords points="2045,2944 3097,2951 3097,2893 2046,2886"/>
                <Baseline points="2059,2927 2110,2927 2161,2927 2212,2927 2263,2927 2314,2928 2365,2929 2416,2929 2467,2930 2518,2931 2570,2932 2621,2934 2672,2935 2723,2936 2774,2937 2825,2937 2876,2938 2927,2938 2978,2939 3029,2939 3081,2938"/>
                <TextEquiv>
                    <Unicode>mit sich fort in sieghaftem Ungestüm, sie folgt ihm</Unicode>
                </TextEquiv>
            </TextLine>
            <TextLine id="r1l106" custom="readingOrder {index:105;}">
                <Coords points="3101,2956 3181,2941 3199,2953 3222,2944 3248,2962 3262,2962 3262,2898 3233,2895 3225,2901 3219,2895 3196,2895 3135,2901 3101,2895"/>
                <Baseline points="3114,2940 3140,2942 3167,2942 3194,2941 3221,2941 3248,2942"/>
                <TextEquiv>
                    <Unicode>den woh</Unicode>
                </TextEquiv>
            </TextLine>
            <TextLine id="r1l107" custom="readingOrder {index:106;}">
                <Coords points="78,2957 259,2960 277,2948 311,2966 323,2955 389,2964 390,2904 332,2917 306,2900 234,2913 176,2898 150,2909 78,2903"/>
                <Baseline points="92,2944 117,2945 143,2946 168,2946 194,2947 220,2947 245,2947 271,2947 297,2947 322,2948 348,2948 374,2949"/>
                <TextEquiv>
                    <Unicode>jückgeleitet. Das</Unicode>
                </TextEquiv>
            </TextLine>
            <TextLine id="r1l108" custom="readingOrder {index:107;}">
                <Coords points="427,2963 1436,2958 1381,2904 427,2900"/>
                <Baseline points="443,2952 491,2954 540,2954 589,2955 638,2956 687,2956 736,2956 784,2957 833,2957 882,2957 931,2957 980,2957 1029,2957 1078,2957 1126,2957 1175,2957 1224,2957 1273,2957 1322,2957 1371,2958 1420,2958"/>
                <TextEquiv>
                    <Unicode>Zwischen diesen beiden so starke Bedenken anregenden</Unicode>
                </TextEquiv>
            </TextLine>
            <TextLine id="r1l109" custom="readingOrder {index:108;}">
                <Coords points="2043,2990 3219,2990 3267,3022 3268,2959 3095,2934 2044,2933"/>
                <Baseline points="2058,2972 2117,2976 2177,2978 2237,2980 2297,2982 2356,2983 2416,2984 2476,2985 2536,2985 2595,2985 2655,2985 2715,2985 2775,2985 2834,2985 2894,2985 2954,2986 3014,2986 3073,2987 3133,2988 3193,2989 3253,2991"/>
                <TextEquiv>
                    <Unicode>willenlos ins Theater, sie gehört ihm — bis auf völlig ve</Unicode>
                </TextEquiv>
            </TextLine>
            <TextLine id="r1l110" custom="readingOrder {index:109;}">
                <Coords points="76,3029 1425,3021 1425,2975 1342,2966 77,2962"/>
                <Baseline points="92,2994 158,2997 224,3000 290,3002 356,3004 422,3005 488,3006 554,3006 620,3006 686,3006 752,3006 818,3006 884,3005 950,3005 1016,3005 1082,3005 1148,3005 1214,3005 1280,3006 1346,3007 1412,3009"/>
                <TextEquiv>
                    <Unicode>„Wahrheit und Werken steht aber „Große Szene“ — ein echtes,</Unicode>
                </TextEquiv>
            </TextLine>
            <TextLine id="r1l111" custom="readingOrder {index:110;}">
                <Coords points="2029,3037 3251,3068 3220,2989 2030,2991"/>
                <Baseline points="2044,3030 2103,3031 2163,3032 2222,3033 2282,3034 2341,3034 2401,3035 2460,3036 2520,3036 2579,3037 2639,3037 2699,3038 2758,3038 2818,3039 2877,3039 2937,3040 2996,3041 3056,3042 3115,3043 3175,3044 3235,3045"/>
                <TextEquiv>
                    <Unicode>weiteres. Denn diese Szene wird sich wieder zwischen reißend</Unicode>
                </TextEquiv>
            </TextLine>
            <TextLine id="r1l112" custom="readingOrder {index:111;}">
                <Coords points="3052,4221 3089,4217 3101,4225 3144,4217 3140,4145 3120,4149 3111,4143 3097,4141 3086,4148 3048,4149"/>
                <Baseline points="3066,4208 3097,4207 3129,4205"/>
                <TextEquiv>
                    <Unicode>Keae</Unicode>
                </TextEquiv>
            </TextLine>
            <TextEquiv>
                <Unicode>U
26.1. Konoedie der Norte zyklus box 32/1
ganzes Kunstwerk, das uneingeschränkte, volle Freude ihnen
nt. Weiter ver= Lüge? Treue und Untreue? So einfach ist es nicht",
bereitet. Wie oft ist nun schon der Bühnenheros in Frauen
Vorgänge zu lassen wir uns von Schnitzler belehren. Eine recht
seinen irdischen Schwächen und Sünden abkonterfeit neuerli
s bilden, und
erzwungene Symbolik wird aus dem Dionysos=Fest
worden — mit der Gestalt, die Schnitzler hier in
steigern
n Andeutungen
hergeholt, bei dem die Liebesfreude, die in der Fest¬
dem Konrad Herbst geschaffen, kann sich keiner seiner
Schlag
die nirgends
nacht ungehemmt begangen werden durfte, bei ihrer
Vorgänger messen, nicht einmal der vielbewunderte
absichts
uns nicht ein¬
freiwilligen Wiederholung die Unlösbarkeit des Bundes
„Kammersänger“ Wedekinds. In verblüffender in¬
allem:
kennen, solange
nach sich zog, dunkle Anspielungen reden von einer Ver¬
direkter Charakteristik steht er schon da, ehe er die
der sogenannten
irrung des Gatten, die er sich in seiner Gebirgseinsamkeit
Szene betritt, in den Gesprächen seines um
empfan
wiederholt:
zuschulden kommen ließ, und zum Schlusse muß noch
den Stern seines Theaters ängstlich besorgten
Wohlw
hwimmt Ihnen
ein: „Ich hasse dich“ seinerseits, das sie mit: „Und
Direktors Falk und seiner Gattin Sophie, die
des Ab
Zuschauer ver¬
ich dich noch tausendmal mehr“ erwidert, vom Kampfe
ihn verlassen hat, nachdem er sie mit einem
stück. 9
In der Reden,
der Geschlechter orokeln, dessen Getose wir bis dahin
jungen Mädchen, das Braut war, auf das gewissen¬
die dr
m Rätselspiel,
nicht einmal aus weitester Ferne vernommen. Brauche
loseste betrogen. Nun tritt er ein — strahlend und
Staufn
ufzulösen.
ich bei Schnitzler zu sagen, wie viel Bewunderung
vergnügt, ahnungslos, was in dem gekränkten Weibe
innere
dritte Stück,
der Führung des Dialogs gebührt, oder die zahlreichen
vorgegangen, eitel und rücksichtslos, aber liebenswürdig,
wird d
e humoristischen
geistvollen Worte herauszuheben, die ihn schmücken?
ein verzogenes recht böses Kind. Und dem Bräutigam,
gestellt.
wohl bedenklich
Aber die Probleme an und für sich erscheinen mir
der, Rechenschaft fordernd, zu ihm stürmt, spielt er
geboten
ischer Führung
erklügelt und verklügelt. In allen seinen letzten Werken
eine Prachtszene vor — man mag da an den „grünen
schön
tend der kurzen
tritt uns neben dem starken Einflusse der Freudschen
Kakadu“ zurückdenken — in der er auch mit Hilfe
leisen,
ungen Sports¬
Lehren, dem sich wohl kein Schaffender heute gänzlich
eines im Datum gefälschten Briefes eine Abweisung
von den
rchzugehen be¬
zu entziehen vermag, auch eine weit bedauerlichere
seiner Werbung durch das nur von harmloser Schauspieler¬
gehalten
rwählten, auf
Einwirkung Wassermanns entgegen, dessen überspitzte
schwärmerei angekränkelte Mädchen zusammendichtet,
volle K
Gatten Felix
Erfindung und Darstellung manchen geduldigen Leser
mit solcher Verve der Erfindung, daß er an seinen eigenen
Staufne
hren unumstöß= vielleicht fesselt, auf der Bühne aber völlig versagen
Kohlen dahinschmilzt und sich selbst als entsagender Durchar
ufzuklären. Er muß, wie sich ja jüngsthin überzeugend erwiesen. So
Verführer bewundert. Doch seine Gattin, die diese nur e
ituation gleich
wird diesen zwei Stücken gegenüber das Wort, das
virtnose Leistung mit angehört, empfindet tiefen keit,
dutzten Jungen
sein Felix Staufner ausspricht, zur Selbstkritik:
Ekel vor dem „toll gewordenen Hanswurst“ sie will wie üb
die gar nicht zu] „Statt das Natürliche natürlich zu erleben, trüben sie
für immer von ihm scheiden, da reißt er sie wieder Seine k
iert und sie
es durch ihre gottverdammte Psychologie“.
mit sich fort in sieghaftem Ungestüm, sie folgt ihm
den woh
jückgeleitet. Das
Zwischen diesen beiden so starke Bedenken anregenden
willenlos ins Theater, sie gehört ihm — bis auf völlig ve
„Wahrheit und Werken steht aber „Große Szene“ — ein echtes,
weiteres. Denn diese Szene wird sich wieder zwischen reißend
Keae</Unicode>
            </TextEquiv>
        </TextRegion>
    </Page>
</PcGts>
