3436 4320
235 225 2060 308 26.1. Kongedie der NorteZukius
411 587 825 674 Aussamtt aus.
812 599 1321 708 Münchner Zeitung
569 648 845 740 74.0KI 1975
399 683 570 746 vom:
909 678 1203 767 München
414 805 1388 915 „Kunst und Wissenschaft.
485 881 1435 972 t (Der neu Shuitler.! Unser Wiener t=Korte
374 899 1435 1013 (pondent telegraßhiel Oktober fand im Bure
387 981 1431 1057 theater die Uraufführung von Schnitzlers Einakten
380 1009 1413 1103 Trilogie „Komödie der Worte“ statt. Sehr starke
384 1053 1408 1139 Erfolg hatte das mittlere Stück „Die große Szenc
383 1092 1400 1178 Der Dichter wurde oftmals stürmisch gerufen. Die beid
385 1137 1403 1214 anderen hatten schwächeren Erfolg. Alle drei Stücke v
383 1178 1427 1261 handeln brüchige Ehen mit ausgeklügelten psychologisch
380 1217 1387 1299 Feinheiten und glänzenden, in tausend Facetten schit“
371 1254 1409 1338 merndem Dialog. Die Aufführung war nur in Esiig
374 1294 1504 1413 heiten befriedigend. Harry Walden gab die mänhlig¬
354 1329 991 1415 Hauptrolle in allen drei Stücken.
416 1651 872 1742 Ausschnitt aus:
724 1691 1659 1786 14,OKT :a Danzer's Armec-Zeitung, Wien
362 1749 1400 1831 emgem ##omrn Minn m mener Sunen
583 1806 1704 1890 Die beiden Hoftheater brachten bereits die ersten Neuheiten:
360 1859 1695 1911 Die Hofoper führte das letzte Werk von Max v. Schillings auf, das Musik¬
359 1898 1705 1948 drama „Mona Lisa“. Die Dichtung ist leider keine Dichtung, sondern
360 1939 1699 1977 eine handfeste, auf unbekümmerte Effekte losgehende Arbeit der bekannten
360 1971 1706 2015 Familienblatt=Schriftstellerin Beatrice Dovsky und der Komponist hat über
365 2012 1700 2071 diesen Text, der nach einem nicht minder handfesten Noutinier, wie Puccini,
368 2051 1725 2108 schreit, einen dickflüssigen, nachwagnerischen Musikbrei ausgegossen, der demn
357 2157 1692 2233 Hörer alle Hochachtung abringt, aber auch nicht viel mehr. Die Aufführung
357 2203 1704 2274 mit der Jeritza und Hofbauer in den Hauptrollen fand jenen lärmenden
359 2239 1694 2294 Premierenerfolg, der aber niemanden täuscht, daß das Werk keine dauernde
348 2264 1697 2341 Bereicherung des Spielplanes bedeutet. Glücklicher traf es das Burgtheater
350 2310 1695 2380 mit seiner ersten Neuheit, mit Schmtl##omödie der Worte“
360 2353 1695 2421 einem Dreigespann von Einaktern, das die Wurmstichigkeit der Schnitzlerschen
351 2381 1684 2463 Gesellschaft in neuen Situationen aufzeigt. Artur Schnitzler ist der geist¬
351 2440 1698 2503 vollste Dialektiker des Ehebruches und außerdem der erfolgreichste deutsche
352 2474 1707 2542 Dramatiker unserer Zeit: nicht erst seit dem Augenblicke, wo er der deutschen
347 2512 1698 2592 Bühne zugleich auch die unerlaubten Franzosen ersetzen muß. Die „Ko¬
346 2536 1694 2619 mödie der Worte“ ist ein glänzendes Schauspielerstück und Harry Walden
348 2587 1688 2667 läßt keine der dankbaren Möglichkeiten, die ihm der Dichter in drei Haupt¬
343 2625 861 2709 rollen erschließt, unbenützt)
884 2773 1316 2869 ugeconfe Sewanfn
555 2844 1592 2952 Ausschnitt Mfliner Morgenpost, Berlin
562 2962 727 3028 vom:
964 2980 1050 3034 140
1036 2982 1258 3085 OHLS 1S
559 3071 1411 3157 Arthur Schnitzlers „Komödie der
512 3132 1412 3202 Worte“. DeivErstaufführung des
507 3196 1416 3243 Einakterzyklus „Komödie der Worte“ von
503 3235 1407 3297 Arthur Schnitzler im Wiener Burg¬
514 3269 1416 3342 theater fand das Werk, wie uns telegraphiert
501 3320 1410 3367 wird, im ganzen einen Achtungserfolg, nur der
511 3368 1414 3426 zweite Einakter übte, dank seiner geistreichen Füh¬
502 3422 1408 3470 rung und durch die Schilderung aus der Theater¬
513 3454 1416 3515 welt, lebhaftere Wirkung. Harry Walden war
513 3498 1404 3545 in den drei Hauptrollen ungleichmäßig, am besten
505 3536 1416 3597 in der Theaterszene. Die Damen Bleibtreu, Me¬
499 3565 1406 3646 delsky und Wohlgemuth waren seine Part¬
507 3623 1403 3688 nerinnen; ausgezeichnet war Tiedtke als Ber¬
501 3674 1408 3724 liner Theaterdirektor. — Im Neuen Theater
513 3715 1404 3777 in Frankfurt a. M. fanden die beiden letzten
511 3745 1409 3816 Stücke: „Große Szene" und „Bacchusfest“, leb¬
514 3800 1412 3865 haften und herzlichen Beifall. Von den Dar¬
502 3844 1429 3914 stellern ragte der neue Bonvivant, Herr Willi¬
509 3888 1418 3941 Schröder, in der dreifachen Rolle als Arzt,
504 3922 1413 4006 Schauspieler und Schriftsteller durch seine=Charak¬
495 3977 1146 4045 terisierungskunst besonders hervor.
2113 191 2551 279 box 32/1
3237 1482 3316 1545 ßli
3191 1526 3322 1616 knüp
2317 1454 3117 1614 Feuilleion. J/ 1=60
3201 1609 3309 1688 sind
2877 1588 3134 1748 710
3196 1659 3324 1733 Thei
2382 1646 2836 1751 Burgtheater.
3191 1723 3319 1782 form
1965 1721 3191 1822 „Komödié der Worte.“ Drei Einakier („Stunde des Er¬
3192 1771 3321 1829 gar
1982 1786 2637 1857 kennens.“ — „Die große Szene.“
2730 1792 3193 1862 „Das Bacchusfest“) von
3185 1815 3327 1877 lichke
2358 1807 2794 1904 Artur Schnitzler.
3181 1865 3303 1936 sind
2071 1878 3190 1954 Eine bürgerliche Chee vor vielen Jahren einmal
3190 1912 3319 1965 im A
1969 1938 3180 2014 gebrochen wurde und die jetzt, etwas verspätet, gleichsam
3185 1958 3323 2020 Vorh
1991 1997 2940 2064 mit einem plötzlichen Knall, auseinander geht.
3184 2008 3322 2069 schen
2064 2019 3316 2122 Dann zwei Künftlerehen, die gleichfalls gebrochen ihre
1970 2084 3050 2143 werden, die sich aber trotzdem als haltbar erweisen.
2072 2126 3319 2209 Auf den ersten Blick scheinen also diese drei kleinen seiner
1943 2158 3319 2261 Theaterstücke ein wenig dünn im Stoff. Frauen, die ihre betro
1973 2233 3321 2296 Männer, Männer, die ihre Frauen betrügen . .. das ist die Natu
1970 2283 3318 2354 Alltäglichkeit. Mindestens ist es die Alltäglichkeit auf dem hat
1974 2320 3302 2401 Theater, auf dem es ja fast gar keine glücklichen Ehen gibt, der
1960 2378 3322 2438 auf dem wir jedoch die problematischen und die schadhaften Hau
1977 2430 3323 2499 Ehen in allzu vielen Wiederholungen schon gesehen haben. fast b
2059 2464 3322 2557 Hier aber wird das Gewöhnliche hoch über die Ge=und
1960 2502 2576 2583 wöhnlichkeit emporgehoben.
3189 2531 3322 2594 Schat
2067 2549 3307 2634 Ein Mann weiß, daß seine Frau ihm untreu ist. Einesles sic
1962 2614 3322 2695 Tages erfährt er das. Und schweigt. Er will seine Häus= komm
1958 2660 3320 2723 lichkeit nicht zerstören, denn er hat eine kleine Dochter und Gelie
1957 2720 3322 2782 dieses Kind braucht ein Heim, braucht Vater und Mutter. die ei
1970 2767 3312 2830 Zehn Jahre lang schweigt er. Bis die Tochter herange=hat,
1961 2807 3321 2866 wachsen ist, bis sie heiratet und das Elternhaus verläßt. verfül
1964 2850 2770 2915 Dann spricht er und macht ein Ende.
3185 2864 3320 2934 ihrem
2065 2910 3328 2983 Eine Abstufung: dieser Mann hält einen andern für anhön
1966 2945 3307 3019 den Geliebten seiner Frau. Er hat Recht und Unrecht. Der setzt,
1960 3002 3327 3066 andere, der eine Art Götterliebling, ein Erfolgsmensch davon
1961 3046 3332 3101 war, ist dem Mann überall im Weg gewesen, hat ihm überall maski
1970 3096 3324 3179 den Rung abgelaufen. Dieser andere ist von der Frau denn seine
1955 3155 3200 3209 ouch geliebt worden, aber er hat es nie erfahren, hört es
1970 3183 3318 3254 erst in der Stunde, da er Abschied nimmt, um in die Ferne zu dagen
1967 3243 3324 3333 ziehen, Hingegeben hat sich dio Frau einem Menschen, auf den f##
