3344 4320
156 182 1950 260 26.1. Konbedie der Norte zyklus
601 949 1426 1052 Wiener Morgenzeitung
1581 1036 1774 1111 „Indigo
1504 1082 1775 1143 gelangt als V
1502 1128 1780 1189 Musik und da
395 1113 1466 1185 Kunst, Buhne, Buch.
1497 1171 1748 1220 die Opereite
1511 1207 1755 1259 Neubearbeitun
618 1192 1202 1289 „Komödie der Worte.
1498 1242 1753 1302 Orchester: di
702 1270 1137 1353 Deutsches Volkstheater.
1509 1286 1766 1340 Akademie,
1499 1325 1767 1381 kalische Leitun
445 1330 1480 1416 In Arnold Korffs Koffer für Gastspielreisen fehlen nie¬
1488 1364 1763 1433 Dr. Heinz Se
370 1399 1488 1448 mals die Rollenhefte dieser drei vortrefflichen, scharf gemünzten
1577 1412 1765 1481 Das K¬
360 1448 1478 1511 Einakter Scknitzlers. Da man ihn in diesen Stücken wiedersieht,
1496 1440 1742 1521 überreiches P
1491 1501 1733 1554 rungen. D##
366 1489 1481 1557 läßt sich erkennen, daß dieser Künstler nicht stehen bleibt. Sein
1502 1542 1742 1594 welche von #
358 1546 1491 1613 Arzt im ersten Stück ist bitterer, sein männlicher Star im zweiten
1499 1581 1741 1630 dem bravour
364 1599 1488 1669 überlegener, sein Schriftsteller im dritten weiser geworden. Erika
1488 1620 1755 1675 wurde, ist ihr
368 1640 1490 1696 Wagner ist ihm eine vollwertige Partnerin; Cäcilia Lvovsky
1499 1660 1747 1714 ehrlichen, we
1497 1700 1746 1752 wie in der k#
366 1695 1477 1745 durfte als Gattin des berühmten Mimen in einer Frauengestalt
1501 1738 1736 1791 Bronia Ba##
357 1735 1477 1800 Anmut mit Würde vereinen und war außerordentlich (an solchen
1508 1774 1750 1834 kennen, derei
363 1797 1487 1841 Abenden erkennt man, wie häufig sie zum Schaden ihrer Kunst für
1506 1820 1728 1866 strebt. Mit
371 1845 1491 1896 weit abliegende Fächer mißbraucht wird); Annemarie Steinsieck
1507 1841 1746 1907 meraniec,
1506 1893 1739 1951 gleitung auf
366 1899 1489 1961 war sehr schön, aber der Humor der Schnitzlerschen Figur erschloß
1499 1934 1671 1999 Beifall.
369 1936 1493 2001 sich ihr nicht. Ausgezeichnet in kleineren Rollen Frl. Wessely
1572 1984 1743 2043 Tanzab
368 1995 1486 2041 und Herr Sima und sehr fein Herr Homma in der an Strind¬
1501 2026 1732 2082 Susi Mirj
359 2034 1475 2111 berg erinnernden „Stunde des Erkennens“. Herr Seiffert als
1511 2069 1733 2122 im Zeremor
370 2079 1492 2163 Bahnhofportier rief nicht nur die Züge aus, sondern leuchteie tief
1499 2104 1739 2166 1. Bez., Kru¬
366 2142 1397 2196 in die österreichische Gemütlichkeit und Wurschtigkeit hinein.
1586 2149 1744 2220 Alexan
1291 2189 1443 2264 O. A.
1498 2190 1733 2264 beging am
1502 2230 1737 2296 vielseitig. T
459 2259 1388 2362 „ „ Xv. „nlorhen
1464 2284 1750 2361 J einer der 5#
1043 2327 1354 2372 —   Wir Cr
478 2332 1390 2414 schien mit einem blaßlila Crepe Georgette=Stil¬
490 2400 1388 2445 kleid, reich mit Silberspitze garniert. Sämtliche
480 2436 1398 2498 Toiletten aus dem Modenpalais Julius Krupnik.
486 2484 1402 2553 HZYHEEHEZANENRE
377 2488 488 2553 tiert
358 2535 490 2600 zasse
508 2534 1394 2678 Bühne und Kunst
487 2684 1387 2790 Deutsches Volkstheater: „Komödie
375 2703 485 2797 In
754 2750 1073 2821 der Worte.
513 2802 1389 2883 * Im Deutschen Volkstheater spielt
445 2853 1390 2920 man nun Schnitzlers „Komödie der
372 2906 1386 2972 stel= Worte“. Reizende Gegeneinanderverstrickung
482 2953 1382 3022 problematischer Naturen, denen verliehen ist, die
384 2971 475 3016 den
386 3005 476 3056 er
486 3007 1371 3061 geistvollste Konversation darüber zu machen
385 3040 1389 3117 irg= woran sie leiden: an der Liebe. Korffs virtnose
382 3085 489 3134 der
377 3101 1382 3167 sel= Leistung in den drei Einaktern ist vom Vorjahr
481 3147 1393 3211 her (Modernes Theater) bekannt. Im großen
382 3164 468 3212 hre
381 3204 468 3262 rag
487 3197 1378 3261 Haus wirkt seine Kunst noch menschlicher, die
378 3237 463 3289 us¬
480 3246 1385 3300 Theatralik verschwimmt im Raum. Erika Wag¬
371 3279 468 3331 eser
482 3292 1378 3354 ner, Cäcilie Lvovsky in herber An= und
384 3320 463 3366 ver¬
384 3357 470 3406 der
481 3393 1381 3452 vortrefflichste Gegenspielerinnen. Herr Sima
379 3393 470 3454 us¬
466 3432 1376 3503 gab einer sonst bläßlichen Figur charmanten,
464 3498 1386 3558 österreichischen, komischen Umriß. Fräulein Paula
471 3534 1374 3588 Wessely holte sich mit der überchargierten
1412 3554 1545 3637 —1
478 3583 1381 3648 Episode einer theatersüchtigen Göre auf offener
481 3631 1374 3685 Szene Applaus. Es war ein Abend der Remi¬
471 3675 1347 3736 niszenzen an das beste Volkstheater. Erge.
377 3712 473 3773 des
388 3764 474 3823 oß
510 3771 1379 3833 K Komödie der Worte. Die vielbewunberten
469 3819 1379 3856 Toiletten der Damen Steinsieck, Erika Wagner,
474 3852 1377 3897 Lvovsky und Wessely sind Original=Entwürfe des
376 3877 479 3940 ts¬
469 3893 1380 3961 Ateliers Ida Reich & Bruder, Wien, VI., Maria¬
388 3925 476 3973 der
475 3930 764 3995 hilferstraße 39.
390 3967 470 4015 tur
491 4012 1326 4094 Die Vorstellungen he¬ C#anten
1952 170 2465 268 box 32/6
2190 1224 2869 1317 Komödie der Worte %%
1912 1228 2199 1314 M. k-k.
1918 1289 3067 1344 Artur Schnitzlers Spätwerk, der im Oktober 1915
1887 1339 3051 1407 mit Walden im Burgtheater zur erfolgreichen Uraufführung ge¬
1887 1383 3056 1454 langte Einakterzyklus „Komödie der Worte“, gehört
1882 1429 3044 1485 zu einem Dutzend von Tbeaterstücken, die Arnold Korif aus
1875 1478 3059 1529 seine Gast pielreisen stets im Koffer mitnimmt, weil er mit
1881 1511 3055 1580 ihren Helden bis zu jener Vollkommenheit verwachsen ist, bei
1886 1559 3050 1636 der Spiel und Wirklichkeit fast nicht mehr zu scheiden sind. Halb
1881 1607 3050 1652 anglisiert und so zum nettesten „Freund Teddy“ und typi¬
1879 1647 3050 1696 schesten Lord Wildes, wie auch geeignetsten Bearbeiter und
1869 1687 3047 1748 besten Schau pieler amerikanischer Sen ationen („Weißer
1875 1740 3050 1793 Fracht“, „Zeichen an der Tür“) geworden, ist Korff zur anderen
1881 1779 3051 1836 Hälfte Wiener geblieben und deshalb ist er auch der ideale Dar¬
1872 1828 3049 1880 steller des wienerisch gedachten Hofreiters im „Weiten Land“ oder
1878 1861 3049 1929 der im Besitz ihrer Gattinnen unsicher gewordenen drei Ein¬
1889 1907 3044 1975 akter=Ehemänner aus Schnitzlers Wiener Lieblingsmilieu,
1885 1942 3049 2004 des Arztes Eckold, des Hofschauspielers Herbot und des
1880 1989 3051 2062 Dichters Staufner. „Große Szene“ heißt der mittlere
1891 2035 3057 2096 Einakter; doch könnten alle drei so benannt sein, weil in
1882 2077 3044 2128 jedem von ihnen der Gatte das große Wort führt, die
1882 2120 3040 2176 scène à faire, die „Komödie der Worte“ brav abhaspelt und
1881 2153 3048 2226 mit seinen langen, schönen Reden das problematisch ge¬
1879 2211 3037 2269 wordene Eheverhältnis klar= und glattgestellt zu haben wähnt
1875 2246 3041 2300 In Wirklichkeit entscheiden aber die schweigsamen Frauen
1886 2290 3053 2365 in allen drei Fällen und sie sind auch die Trägerinnen
1882 2339 3051 2406 des einzigen neuen Motivs in diesen sonst nur alte Schnitz¬
1878 2382 3049 2445 lersche Themen verarbeitenden Variationen. Drum schickte
1881 2413 3048 2482 auch das Deutsche Volkstheater die hervorragendsten
1873 2462 3037 2526 Künstlerinnen seines Ensembles ins Treffen: die vornehm¬
1877 2504 3046 2574 gelassene Erika Wagner gibt die Gattin Eckholds in der
1884 2564 3041 2611 „Stunde des Erkennens“, die sanft=liebliche Cäcilie
1879 2595 3048 2653 Lvopsky die duldsame und gütige Frau des großen Kindes
1873 2635 3037 2697 und Komödianten in der „Großen Szene“ und die kluge
1882 2675 3044 2755 und zarte Annemarie Steinsieck die Gattin des Dichters
1873 2727 2259 2787 im „Bacchusfest“.
1914 2767 3043 2824 Und das ist das Neue, das der Dichter des süßen Mädels
1868 2803 3041 2867 und flüchtigen Liebesglückes, des Scheinens und Seins, der
1877 2855 3048 2907 Kompliziertheit, Skepsis und Resignation, der Verzweiflung
1870 2901 3056 2976 sogar am „Worte“ in den drei Einaktern, die in Handlungen,
1866 2935 3026 2991 wie Charakteren manche Ueberkompliziertheiten und Un¬
1868 2986 3033 3051 wahrscheinlichkeiten enthalten, sich selbst und denen, die seinen
1878 3029 3034 3084 Spuren nachgehen, zögernd einbekennt: Höher als Gott
1871 3071 3042 3141 Eros steht Göttin Psyche, es gibt zwischen Mann und Frau
1878 3111 3038 3173 geistig=seelische Bindungen, die tiefer gehen, fester halten
1881 3153 3045 3215 und länger dauern als stürmischester Liebe Lust und Leid!
1872 3198 3032 3255 Solch erlauchte Gemeinsamkeiten sind durch Worte, die
1873 3233 3029 3310 mmehr verhüllen als klarlegen, nicht, sondern nur durch
1872 3277 3031 3344 hin mystisches Erleben und Schweigen zu Zweit zu erringen.
2817 3330 3005 3399 W. W.
