3392 4352
2178 169 2619 289 box 32/1
315 175 2027 297 26.1. Konoedie der Morte—Zyklus
768 1491 3404 1594 und um den Erfolg verbitterten Arzt Eckhold und! Er glaubt = sie meint — es scheint. Weiter ver= Lüge? Treue und Untreu#
779 1548 3387 1650 Klara schon in scheinbar ruhigem, durch weit zurück= mögen wir nicht in den Sinn der Vorgänge zu lassen wir uns von Sch
776 1604 3393 1692 liegende Schwankungen eher gefördertem als getrübtem dringen, die die Grundlage des Stückes bilden, und erzwungene Symbolik wir
777 1658 1832 1726 Glück. Nun ist die Tochter als junge Frau aus dem
1825 1665 2881 1745 wir grübeln vergebens über die unzähligen Andeutungen
2860 1681 3391 1749 hergeholt, bei dem die L#
766 1697 1838 1797 Hause gegangen, und ein Freund, Professor Ormin,
1824 1722 2872 1800 der inneren Schicksale dieser Figuren, die nirgends
2859 1728 3393 1798 nacht ungehemmt begange
769 1759 1824 1835 zieht ins Feld, vielleicht um nie wiederzukehren,
1825 1768 2867 1829 Fleisch und Blut gewinnen. Wir dürfen uns nicht ein¬
2872 1787 3374 1843 freiwilligen Wiederholung
775 1806 1833 1887 wo ihm, wie Schnitzlers Herrn von Sala, ein
1826 1825 2872 1902 bilden, meint Ormin, „einen Menschen zu kennen, solange
2860 1835 3378 1900 nach sich zog, dunkle Ansp
777 1866 1829 1927 Herzleiden kein langes Leben verheißt. Der Ab¬
1822 1874 2874 1949 seine Züge hinter dem Nebeldunst der sogenannten
2864 1886 3378 1954 irrung des Gatten, die er ###
778 1910 1824 1990 schied von Klara, lockt Geständnisse hervor,
1832 1929 2871 2005 Erlebnisse verschwimmen" und Klara wiederholt:
2869 1931 3368 2003 zuschulden kommen ließ,
776 1956 1821 2034 die sonst noch weiter in beiden geschlummert hätten.
1829 1953 2861 2036 „Hinter den Wolken der Erlebnisse verschwimmt Ihnen
2861 1985 3379 2051 ein: „Ich hasse dich“ sein
781 2007 1830 2071 Er ruft sein einstiges Werben herauf, sie erwidert
1823 2026 2865 2090 das Bild meiner Seele". Auch dem Zuschauer ver¬
2855 2030 3377 2109 ich dich noch tausendmal
768 2064 1830 2129 ihm, er hätte nie die Aussicht gehabt, erhört zu
1829 2073 2868 2145 schwimmt es hinter den dichten Nebeln der Reden,
2860 2081 3358 2148 der Geschlechter orakeln,
767 2098 1832 2185 werden, denn — sie habe ihn geliebt, er wäre ihr
1830 2120 2862 2208 und die Komödie der Worte wird zum Rätselspiel,
2850 2124 3391 2200 nicht einmal aus weitester
773 2161 1821 2237 Schicksal geworden. Aber einen Anderen hat sie glück¬
1826 2173 2800 2233 das man nicht einmal Lust verspürt, aufzulösen.
2852 2183 3344 2244 ich bei Schnitzler zu se
776 2205 1825 2275 lich gemacht, einen, der nicht mehr forderte, als sic gab.
1868 2216 3369 2311 Auf festeren Boden führt das dritte Stück, der Führung des Dialogs
769 2246 1824 2332 Und damit entläßt sie ihn — ein Drama, das des Lieb¬
1831 2254 2863 2336 „Das Bacchusfest“, schon durch seine humoristischen
2863 2291 3375 2350 geistvollen Worte herausz
770 2315 1818 2379 habers, ist zu Ende. Und nun setzt, eigentlich ein neues,
1815 2328 2863 2384 Einzelheiten, mag er zuweilen auch wohl bedenklich
2852 2330 3361 2396 Aber die Probleme an
772 2357 1821 2432 das des Gatten ein. Wenn er ihr vorschlägt, zu ihrer
1829 2370 2868 2443 schwanken. In ganz meisterhafter szenischer Führung
2851 2376 3373 2450 erklügelt und verklügelt. I
777 2410 1816 2485 Tochter zu ziehen und die Häuslichkeit völlig preis¬
1816 2427 3376 2500 trifft hier Frau Agnes, die sich während der kurzen tritt uns neben dem star
772 2460 1769 2532 zugeber, verübt er einen späten Akt der Rache -
1817 2469 3376 2547 Abwesenheit ihres Eheherrn in einen jungen Sports=! Lehren, dem sich wohl kei
770 2512 1825 2584 ein Lieblingsmotiv der Schnitzlerschen Dichtung —
1814 2524 3371 2600 man verliebt hat und mit ihm durchzugehen be= zu entziehen vermag, al
775 2555 1827 2636 für den Ehebruch, den sie zehn Jahre vorher begangen,
1817 2576 3387 2649 absichtigt, geleitet von dem nun Erwählten, auf Einwirkung Wassermanns
765 2613 1817 2668 und ihr darauf erfolgtes neues Zusammenleben wird
1825 2623 3384 2700 dem Bahnhofe mit dem rückkehrenden Gatten Felix Erfindung und Darstellung
774 2663 1820 2721 ihr, die darin verstehende Verzeihung erblickt, als
1818 2671 3375 2746 Staufner zusammen, um ihn über ihren unumstöß= vielleicht fesselt, auf der
772 2710 1811 2789 schimpfliche Demütigung von Seite des Mannes klar,
1811 2719 3377 2801 lichen Entschluß sofortiger Trennung aufzuklären. Er muß, wie sich ja jüngsthin
777 2765 1822 2833 der sie auch da nicht mehr geliebt zu haben erklärt.
1821 2778 2857 2843 aber, der bei ihrem Anblick die Situation gleich
2860 2789 3382 2856 wird diesen zwei Stücken
775 2815 1824 2884 Lüge war dies Dasein, Lüge ist aber auch das Wissen
1817 2819 2852 2893 durchschaut, wird Herr über den verdutzten Jungen
2852 2828 3383 2893 sein Felix Staufner au
769 2852 1818 2924 des Gatten um den Ehebruch, den er mit Ormin be¬
1821 2876 3377 2942 und das beschämte Weib, indem er sie gar nicht zu „Statt das Natürliche nat
771 2906 1823 2986 gangen glaubt. Und sie bestärkt ihn in dieser Meinung,
1824 2912 3373 2990 Worte kommen läßt, ihn fortexpediert und sie es durch ihre gottverdumm
761 2958 2858 3055 sie willigt in die Trennung, die, wie es den Anschein wieder zu dem verlassenen Landsitz zurückgeleitet. Das
2841 2984 3372 3048 Zwischen diesen beiden so
772 3014 1641 3081 hat, für sie den Weg in den Tod bedeutet.
1773 3023 3381 3108 wäre eine recht simple Sache, jedoch „Wahrheit und] Werken steht aber „Groß
