3344 4256
559 76 1411 176 Theater und Kunft.“
624 166 1219 258 „Komödie der Worte“.
431 233 1429 320 Zur heutigen Erstaufführung von Schnitzlers¬
433 280 1418 368 „Komödie der Worte“ im Nellen Deutschen
823 336 1006 400 Theater.
541 388 1400 456 Es kommt auf die Dosis der Skepsis an, was
430 441 1417 481 Worte bedeuten können. Dem einen sind sie nur
433 488 1403 547 Lügen, um die eigenen Gedanken verbergen zu
438 527 1414 583 können, dem andern Mißverständnis, einem drit¬
418 545 1401 619 ten Uoberzeugung, die sich selbst betrügt, einem
417 607 1407 660 vierten Notbehelf. Für alle aber sind Worte eine
424 630 1407 714 Umgangsmünze, die den unbeständigsten Kurs hat.
439 691 1402 740 Man empfängt Gold und hält über Nacht Kohle
428 741 1414 794 in der Hand. Zuweilen, das ist der Fall des Dich¬
428 786 1406 827 ters, werden Worte, die vertrocknetes Laub schie¬
437 825 1405 876 nen, seltsam lebendig und wach, werden Blüten im
429 866 1394 916 Mai ... Es gab einmal einen Dichter Schnitzler,
427 909 1403 953 der diese Macht über die Worte hatte. Das Ge¬
416 943 1398 1011 heimnis seiner Kraft schien so einfach wie unlös¬
430 997 1423 1059 bar. Er fädelte die toten Begriffe auf eine Schnur,
430 1040 1414 1099 nebeneinander, da wurden sie auf einmal zu einer
428 1081 1405 1143 Perlenkette. Aus der Addition wurde eine kom¬
428 1122 1413 1188 plizierte Rechnund. Das war die melancholische
415 1169 1406 1228 Welt Schnitzlers, bei aller Sparsamkeit an Hori¬
419 1214 1392 1266 zont und Perspektive reich und tief, eine Episode
408 1252 1389 1300 konnte einen Schacht von Heimlichkeiten, ein Vor¬
428 1293 1398 1338 fall eine Tragädie enthüllen. Er war ein hypno¬
421 1329 1398 1402 tischer Magier, dem man ohne Sträuben folgte.
417 1381 1390 1454 Denn er besaß den Schlüssel zu dem Märchenwald,
425 1423 1116 1474 in dem alle Dichter spazieren gehen.
504 1467 1404 1539 Nun ist wieder eine Einladung ergangen. Aber,
424 1509 1391 1573 mir scheint es ist nicht ganz mehr der alte Mär¬
403 1538 1395 1605 chenwald. Der Frühling ist verflogen, die Linden¬
401 1604 1391 1666 blüte duftet nicht mehr, das Flüstern in den Zwei¬
424 1647 1389 1697 gen ist erstorben, die Vögel sitzen stumm, wie aus¬
432 1687 1398 1727 gestopft und die Blätter sind gläsern. Es blühen
424 1720 1389 1765 wohl schöne Blumen, vielleicht seltsamere als frü¬
419 1767 1387 1824 her, aber es scheint, als wären sie bloß nachgemacht.
421 1808 1388 1865 Auch die Sonne ist kalt und grell, als hätte sie ein
416 1844 1396 1924 Künstler am Firmament aufgeklebt. — Schnitzler
399 1889 1158 1959 ist immer kühler und kühler geworden.
498 1926 1391 1998 In der „Komödie der Worte“ ist seine Hand
411 1980 1384 2043 ganz eisig kalt. Diese drei Stücke sind durchsichtig
410 2028 1391 2079 wie Glas und kühl wie Septemberwind. Sie sind
398 2060 1392 2130 die Kompositionen eines feinen Mechanikers, der
394 2113 1384 2162 eine virtuose, leichte Hand und ein klares Auge hat.
404 2136 1386 2214 Das, was sie bringen, ist eine „tranche de vie,
393 2187 1383 2258 eine Sektion ohne Herz und Skrupel, die keine ver¬
396 2226 1383 2302 wegenen Aufschlüsse geben will. Ihre Ergebnisse
395 2283 1386 2335 werden mit gedämpfter Ixonie, die beinahe Gleich¬
397 2309 1385 2389 gültigkeit ist, vorgetragen. Die Worte fallen so
420 2362 1393 2430 leicht, als trüge sie ein Wind und zerflattern ein
410 2411 1377 2470 wenig monoton; die Probleme sind gerade nur an¬
410 2455 1380 2499 geschitten, als sollten sie rasch wieder liegen ge¬
403 2487 1375 2554 lassen werden. „Komödie der Worte“ wird zwei¬
394 2530 1390 2607 m algespielt. Einmal vom Dichter selbst und dann
415 2574 785 2633 erst vom Theater.
499 2603 1383 2683 „Stunde des Erkennens“ ist die Ge¬
400 2645 1379 2725 schichte eines Geheimnisses. Eine Diskussion um
407 2714 1367 2756 einen Chebruch, die um zehn Jahre zu spät kommt.
409 2753 1379 2797 Der betrogene Gatte öffnet nach so langer Zeit
399 2784 1374 2838 den Mund, um zu verraten, daß das vor ihm ge¬
406 2843 1369 2894 hütete Geheimnis nie eines war. Dieser Einakter
410 2868 1381 2935 ist also eigentlich eine Komödie des Schweigens, das
405 2926 1370 2985 eine Ehe wohltätig zusammenhielt. — „Die
395 2968 1380 3028 sgroße Szene“ ist die Lüge eines Komödianten,
387 2999 1374 3069 die von Wahrheit nicht mehr zu unterscheiden ist.
408 3047 1371 3112 Er lügt so verwegen, daß selbst seiner Frau un¬
389 3101 1368 3140 heimlich wird. Ein Theaterdirektor leimt den
390 3134 1377 3194 Bruch zusammen; wie unappetitlich müßte einer
406 3174 1370 3241 lügen, damit diese Che geschieden würde?! — Der
1198 3227 1229 3247 6111
404 3215 1376 3292 dritte Einakter: „Das Bacchusfest“, ist die
401 3254 1364 3327 Laune einer Frau in die Form einer Debatte ge¬
398 3299 1358 3357 bracht, an der sich drei beteiligen: die Frau, der
404 3345 1366 3411 Dichter, den sie nach fünfJahren Ehe verläßt und
399 3394 1368 3453 der Dritte. Dieser Dritte ist ein häßlicher Blöd¬
402 3428 1360 3502 sinn und vielleicht nur darum ein Ehevergister
401 3468 853 3532 von beschränkter Frist.
481 3519 1368 3577 Die ersten beiden Stücke haben ihre Wirksam¬
377 3562 1365 3624 keit bewiesen, die Plauderei „Das Bacchusfest“ ist
385 3608 1363 3645 wohl mehr Literatur als Theaterstück. Allen drei
396 3651 1380 3700 Akten aber täte ein wenig Wärme wohl. Vielleicht
393 3681 1371 3752 gelingt es der Darstellung, die Temperatur zu
388 3739 1359 3788 korrigieren. Es war eines von Schnitzlers Rätseln,
385 3769 1367 3838 daß den Schauspielern eine Art Anteil am Werk
386 3809 1364 3872 gebührte. Es galt einen Rest auszufüllen, der dem
394 3861 1368 3923 Inhalt die Vollendung gab. Das war freilich der
391 3907 1358 3963 wärmere Schnitzler. Ob hier die Schauspieler so¬
402 3944 1382 4030 viel Glut aufbringen, bleibt eine Frage bis zum¬
395 3980 554 4045 Abend.
1450 68 1624 117 —.—
1906 752 2287 834 Ausschnitt aus:
2321 739 2958 865 Flager Iogblatt, Prag
1894 863 2056 926 vom:
2257 866 2554 951 Z7OE21915
2051 998 2814 1099 Theater undheunss.
2139 1088 2694 1178 Komöbie der Worte.
2018 1160 2884 1240 Drei Einakter von Au
2090 1226 2742 1294 Am Samstag im Neuen Theater.
2017 1280 2898 1339 Die drei neuen Einakter Artur Schnitzlers
1938 1319 2916 1387 haben das Publikum amüsiert. Das letzte Wort
1938 1387 2907 1434 klingt in seiner Umgebung wohl etwas fremd, aber
1944 1419 2902 1478 nicht böse. Ein sanftes Geständnis ist fast gewichts¬
1942 1466 2910 1532 los gegen den Dichternimbus und die bessere von
1943 1516 2897 1572 zwei Möglichkeiten. Die andere heißt Verschweigen
1937 1554 2903 1610 und Schnitzler ungerecht werden. Die Darstellung
1946 1608 2893 1648 tat ihre volle Schuldigkeit und machte die Stücke
1941 1637 2899 1696 lebendig. Aber seltsam, je mehr das geschieht, desto
1941 1691 2906 1738 mehr büßen diese ein. Als Lektüre hat das Un¬
1944 1734 2909 1786 wahrscheinliche ihrer Motive immerhin etwas Pro¬
1945 1771 2901 1828 blematisches, scheint eine diskutable Welt, die uns
1938 1824 2897 1873 undeutlich, wie durch einen Schleier sichtbar wird.
1945 1863 2895 1922 Wird die Oplik schärfer, dann wird indessen das
1944 1899 2900 1955 Mißtrauen, das man der Distanz zuschob, zur Ent¬
1943 1949 2902 2005 täuschung. Was sphinxhaft schien, wird konstruierte
1942 1994 2903 2053 Fragenstellung, was rätselhaft über den Vorgängen
1944 2044 2889 2093 lag, bescheidet sich zu dürren Zweifeln. Was irgend¬
1948 2081 2891 2137 wie im ganzen poctisch behaucht schien, zerfällt in
1936 2129 2895 2176 kühle Auftritte und Abgänge: Disjecta membra
1946 2167 2901 2231 poctae. Es bleibt soviel, daß sich das Publikum
1945 2214 2133 2278 amüsiert.
2021 2248 2898 2319 Noch eiwas: Im Zuschauerraum wurde mehr
1942 2309 2890 2361 gehustet, als auf der Bühne gesprochen wurde. Eine
1952 2350 2895 2404 kleine, sich lohnende Dissertation über den Theater¬
1947 2392 2896 2457 husten könnte erweisen, daß es außer Kamillentee
1944 2434 2626 2507 noch ein Mittel gegen ihn gibt...
2020 2488 2896 2559 Die „Große Szene“ ist das Beste von den drei
1930 2530 2890 2602 Stücken. Den Talma in neuer Auflage (auch
1947 2591 2898 2640 Delobelle Ekdal, Kean u. s. f.) spielte Herr Paul
1947 2632 2900 2682 Becker, der sich übrigens in alle drei Rollen aus¬
1939 2674 2905 2741 gezeichnet hineinfand, mit Bravour, triesendem
1951 2716 2898 2766 Pathos, Schmieren=Gigantomachie und dem an¬
1949 2766 2902 2827 deren, üblen Beiwerk, ohne in Unappetitlichkeit
1946 2802 2904 2858 auszurutschen. Seine Frau, die gerade auch nicht
1943 2844 2957 2923 untheatralisch ist, Frl. Medelsk# Dey ab¬ #
2116 2891 2336 2974 A
2527 2895 2711 2970 1
1960 2959 2906 3016 gehärteten Theaterdirektor gab Herr Bogyan¬
1966 3010 2912 3067 sky. In einer kleinen Episodenrolle fiel Fräulein
1959 3066 2913 3111 Newes angenehm auf. — „Stunde des Erken¬
1955 3102 2910 3160 nens“: Frl. Hübner suchte mit viel Glück die
1966 3145 2910 3191 Komponenten zusammen, aus denen Frau Klara
1967 3191 2916 3232 besteht: Empfindlichkeitsadel und Gemütsplump¬
1953 3235 2900 3278 heit. Der literarische Nachtisch „Das Bacchusfest“
1956 3279 2912 3317 wurde angenehm serviert: Frl. Helene Ries,
1953 3320 2918 3385 Herr Becker und Herr Hening besorgten die
1963 3366 2919 3419 ein wenig disreputierliche Plauderei, indessen ein
1965 3405 2921 3466 freundlicher Bahnhofsportier (Herr Hofer) die
1956 3455 2904 3506 Stationen, Strecke Wien—Salzburg, ausrief. Der
1953 3495 2913 3545 cholerische Schlußanfall des Schriftstellers fiel gleich
1952 3532 2912 3582 gleich einer Bombe in die Beschaulichkeit der Szene.
1952 3577 2921 3641 Doch war es keine Eisbombe, wie es sich für ein
1952 3627 2911 3686 Dessert gebührte. Die Regie (Fritz Bondy) ver¬
1960 3669 2927 3725 riet eine zärtliche Hand; der Abend hatte viel
1950 3702 2118 3774 Beifall.
2729 3718 2892 3770 w. t. „
2584 3742 2688 3811 1190 K.
