3344 4256
211 200 495 286 26. 1
2086 178 2537 275 box 32/1
496 189 1930 299 Komoedie der WorteZyklus
1513 428 1900 502 Kenstag
1011 437 1539 545 —
1906 444 2227 552 —
1020 539 2238 613 redsamkeit geht von seinem Komödianten aus, eine starke,
1014 610 2234 681 betäubende Macht der Worte, eine lächelnde, liebenswürdige
1022 666 2235 728 Kunst der Lüge und der Überredung. Man denkt an das
1019 714 2230 760 groß gewordene Kind, wenn er sich so mit verschmitztem Ge¬
1022 764 2224 823 sicht aus allen Schlingen herauszulügen weiß, mit einer
1020 796 2226 870 fast treuherzigen Verlogenheit, die gleichsam sich selbst ab¬
1016 858 2236 933 bittet. Fräulein Wolff fand den richtigen Ton für ihre
1015 903 2225 988 Sophie, die im Grunde nur ganz milde Resignation und
1018 960 2225 1024 gütiges Verzeihen ist; ohne Tränenseligkeit und Pathos,
1017 1011 2221 1069 auch in ihrer Einpörung immer zum Einlenken bereit.
1010 1059 2226 1129 Auch Herrn Tellers Theaterdirektor gewann sich gute,
1009 1107 2221 1158 heiter überredende Töne; nicht weniger gut und überzeu¬
1011 1156 2235 1231 gend Herr Böh'm als Rechenschaft fordernder Bräutigam
1080 1204 2226 1282 leise, halb schüchtern bei aller scheinbaren Energie.
1012 1258 2216 1323 Schließlich Fräulein Han als kecker Schnabel von Bühnen¬
1012 1299 2224 1365 elevin. — leichtes, geschlossenes Zusammenspiel, eine im
1020 1357 2226 1429 ganzen gerundete Aufführung: Weniger prunkend die dritte
1012 1402 2230 1470 große. Szene, „Das Bacchusfest“ Kein Komödiant,
1015 1437 2226 1523 sondern einer, der Komödien schreibt, führt hier das große
1031 1504 2226 1553 Wort — der Schriftsteller Felix Staufner, der den Ge¬
1026 1553 2226 1624 danken seines „Bacchusfestes“ in die Wirklichkeit versetzt.
1029 1597 2224 1680 Seiné Gattin Agnes ist vom Miazi Schlager-Typus, wenig
1022 1642 2220 1723 tief und wenig beständig, ganz dem Augenblick gehörig,
1020 1708 2235 1775 ganz dem stärkeren Willen unterliegend. Felix Staufner
1010 1747 2223 1826 hat diesen Willen und die Kraft des Wortes, um diese Ehe
1020 1795 2231 1878 immer selbst wieder einzurenken. Auch er hängt an seinem
1017 1850 2222 1902 Verhältnis, wie nur ein angegrauter Fünfziger daran hän¬
1010 1906 2226 1973 gen kann. Und die Melancholie des Verzeihens ist um ihn,
1008 1944 2219 2023 wie die heitere Melodie verführerischer Liebesworte. Der
1016 2008 2225 2070 alt gewordene Anatol. — immer wieder schließt sich der
1020 2056 2224 2113 Kreis-der=Figüren. Wie ganz anders weiß hier Walden
1016 2093 2220 2173 Wort und Phrase zu modulieren, wie unvergleichlich ernster
1022 2143 2224 2209 zeigt sich sein lächelnder Literat dem gesprächigen Schau¬
1018 2197 2230 2259 spieler der „großen Szene“ gegenüber, wie großartig
1010 2224 2220 2315 wieder in dieser feinen, geistvoll überlegenen Art. Köstlich
1019 2290 2232 2366 geriet Herrn Mahr der täppisch verlegene Entführer,
1012 2350 2225 2406 Herrn Giblhauser der gemächliche Bahnhofportier;
1011 2376 2231 2450 Fräulein Sineks Agnes hatte sich vielleicht zu wenig vom
1017 2442 2229 2521 süßen Mädel bewahrt. Um die wenig' dankbaren Rollen in
1014 2503 2231 2565 „Stunde des Erkennens“ mühtey“ sich Frau Kreith¬
1018 2549 2227 2617 Lanius und Herr v. Pidoll. Die Regie des Herrn
1016 2582 2210 2662 Teller schuf einen freundlichen Rahmen zu dieser Ein¬
1015 2635 2223 2703 akter=Serie, deren Erfolg zuyörderst dem stürmisch gefeier¬
1014 2690 1535 2771 ten Gaste zu danken war
1097 2726 2226 2819 Konzert Backhaus. Mlhelm Backhaus spielte Samstag
1003 2804 2226 2849 abend im großen Festsaale des Deutschen Hauses zugunsten
1008 2850 2214 2922 des Österreichischen Flottenvereines. Weder der ausgezeich¬
1012 2888 2216 2968 nete Ruf, der dem sächsischen Pianisten voranging, noch der
998 2960 2225 3019 patriotische Zweck, dem der Abend gewidmet war, vermoch¬
1009 2996 2221 3057 ien den Saal zu füllen und „man sah viele, die nicht da
1004 3049 2233 3111 waren“. Der flaue Besuch und ein für europäische Begriffe
1000 3109 2213 3168 etwas mittelmäßiger, nicht einmal rein gestimmter Flügel
1000 3152 2224 3211 brückten wohl auf die Stimmung des Künstlers, so daß
1010 3196 2225 3260 wir eigentlich nur den Techniker Backhaus kennen lernten,
1004 3250 2219 3317 den Künstler in ihm nur ahnten. Vergleiche sind schwer,
1004 3287 2220 3349 sicher ist jedoch, daß Backhaus als Techniker an erster Stelle
1007 3344 2222 3405 zu nennen ist. Finger=, Hand=, Arm= und Schultergelenke
1013 3389 2222 3464 arbeiten mit der verblüffenden Präzision einer Maschine;
1000 3442 2224 3512 kristallklarer, kühler Anschlag, die Neigung zu hellen,
1007 3484 2227 3565 harten Farben vorherrschend, wie denn Buckhaus ein Feind
1008 3535 2214 3593 jeder Sentimentalität ist. Bezeichnend, wie er den Des¬
1011 3599 2220 3667 Dur=Mittelsatz im Chopinschen Trauermarsch spielte, dieses
1007 3651 2220 3709 allzu populäre Stück. Backhaus spielte hier nicht mehr Kla¬
1001 3689 2223 3759 vier, er fing an zu instrumentieren: Solotrompete, als
1006 3736 2233 3798 Begleitinstrumente Celli, Bässe und Holzbläser. Gewiß ein
1011 3792 2221 3860 mannhaftes Unternehmen, für das ihm Dank gebührt,
993 3828 2212 3912 führte es doch zu einer Umdeutung der sonst schwer erträg¬
1008 3890 2219 3936 lichen Sentimentalität dieser Kantilene ins Heroische. Diese
1010 3934 2216 3998 kühle und vornehm wirkende Distanz, die Backhaus der
999 3982 2224 4050 B=Moll=Sonate gegenüber bewahrte — der erste Satz geriel
1000 4041 2216 4103 ganz prächtig — führte indessen bei der Mondscheinsonate
1000 4089 2213 4151 zu einer leichten Verkühlung der Sitmmung. Man braucht
1004 4140 2199 4185 nicht gerade an die schwer grübelnde Art Lammonds nicht
