3344 4320
2165 182 2632 282 box 32/6
283 190 2011 282 26. 1. Kongedie der Norte—Zyklus
539 1038 1761 1129 dich. Du brauchst es nicht, und niemand erwartet es von dir.
1754 1055 2970 1153 Menschen gedacht, die einander und sich selbst betrügen. Aber für
544 1094 1757 1166 Auf jeden Fall wird dich die Erfahrung lehren, daß du es besser
1767 1114 2968 1193 Bassermann ist der Schauspieler, der im Leben Theater spielen muß,
550 1133 1760 1189 nicht benutzt. Wenn du es aber doch versuchst, wird dir folgendes
1756 1159 2962 1223 um sich aus der Klemme des ertappten Don Juans herauszuschwin¬
541 1189 1745 1254 passieren: Du winkst dir einen Kellner heran und sagst zu ihm
1753 1203 2974 1275 deln, nichts als der große verwöhnte Junge. Sein Komödiant ist
549 1230 1744 1295 langsam und jede Silbe betonend, damit er es auch, falls er kein
1754 1241 2964 1322 unwiderstehlich, weil er sich seiner unverfälschten Natur hingibt, und
545 1275 1755 1337 seingebildele Mensch ist, versteht: „Bringez moi de la soupe, do
1756 1287 2972 1367 er reißt hin, weil diese Natur sich als reine Liebenswürdigkeit de¬
553 1321 1751 1399 la fish, des oeufs avec de jambon, roast beef et de la fromage
1765 1334 2969 1408 maskiert. Wer sich vom Zauber einer lachenden Stunde erfrischen
544 1343 744 1427 gratéo.“
1764 1376 2964 1451 lassen will, der mag zusehen, wie Bassermann seinem Nebenbuhler
570 1391 1741 1470 Und er antwortet dir: „Yes, Sir, soup, fish, ham and eggs,
1767 1419 2967 1489 die große Szene vorspielt, und wie er, jauchzend über die eigene
547 1433 1756 1522 ronst beof and welsh rare bits.“ Der Kellner ist in Illinois
1763 1462 2968 1537 Lebenskraft, den Groll seiner Frau entwaffnet. Man sollte mit
543 1491 839 1546 aufgewachsen.
1761 1504 2974 1588 diesem Einakter den Abend ausklingen lassen. Vor allem aber sollte
574 1530 1742 1603 Oder du fragst einen auf der Straße: „Musshoo, s’il vous plait,
1760 1545 2972 1619 man nicht subalterne Hilfskräfte, etwa in der unverkennbaren
548 1584 1752 1640 which is la direction pour aller à le Palais Royal?“ Und er
1763 1589 2970 1674 Brahm=Rolle des Theaterdirektors, zum Partner des Gastes Albert
538 1617 1733 1692 erwidert darauf: „Well, I tell you, I am something of a stran¬
1768 1633 2973 1709 Bassermann bestellen, bessen unermüdete Elastizität ein Natur¬
544 1665 1748 1733 ger here myself.“ Man braucht sich dann nicht zu überlegen, ob
1765 1678 2975 1762 wunder, dessen unverdorbene Kunst einen Triumph der Selbstzucht
545 1706 1752 1768 der Mann aus der Dordogne Inférieure oder aus Auvergne sur
1763 1707 1951 1785 bedeutet.
2766 1742 2942 1811 M. J.
538 1744 1754 1817 les Puits ist, da er es doch nicht ist. Hinwiederum kann man auch
546 1795 1756 1862 an einen richtigen Franzosen — denn solche gibt es sogar auch in Paris!
1796 1775 2967 1846 Bronnens „Anarchie“ im Renaissance=Theater. Die
1768 1808 2969 1913 „Junge Bühne“ hat kürzlich in einer Sonntagvormittagsvor¬
563 1845 1752 1910 — geraten. Als ich mich einmal nicht zurecht finden konnte, fragte
537 1876 1753 1949 ich einen: „Musshoo, s’il vous plait, which is la direction pour
1761 1850 2962 1932 stellung Arnolt Bronnens Schauspiel „Anarchie in Sil¬
541 1927 1750 1982 aller à Thomas Cook and Son?“ „B'n m’su lvla'n fssé n'esé
1758 1912 2974 1994 lian“ zuerst den Berlinern zu Gesicht gebracht. Sie hat sich da¬
544 1972 1745 2036 pas.“ Ich sagte darauf: „Herzlichen Dank, das habe ich mir schon
1757 1957 2979 2036 mit das Verdienst einer Aufführung erworben, auf die der Dichter
1758 2005 2981 2088 des „Vatermords“ Anspruch hatte. Sie hat ihm die Ermutigung
541 2017 1748 2094 fast selbst gedacht.“ Aber eigentlich hatte ich nicht ganz verstanden,
546 2053 933 2114 was er gesagt hatte.
1760 2054 2976 2118 zu neuem Schaffen und die Möglichkeit der Selbstkritik gegeben.
1768 2097 2972 2148 Wie man auch über das Werk selbst denken mag, als Zeugnis einer
563 2083 1743 2168 Seitdem habe ich es mir zur Regel gemacht, nur noch in
546 2138 1171 2203 Amerika Französisch zu sprechen.
1763 2136 2973 2205 neuen dramatischen Ausdrucksform hat es immerhin Bedeutung
628 2170 1723 2265 (Berechtigte Uebertragung von E. L. Schiffer=Williams.)
1761 2183 2974 2248 genug, um das Interesse größerer Kreise zu erregen. Damit ist
1762 2220 2966 2299 die Uebernahme in den Spielplan des Renaissance=Thea¬
569 2253 1746 2323 Bassermann in der „Komödie der Worte“. Dem Gast
1756 2262 2967 2345 ters gerechtfertigt. Außer Twardowski, der die doppelt
534 2309 1735 2379 Albert Bassermann zu Ehren sind in den Kammerspielen
1753 2303 2963 2386 schwere Aufgabe hat, mit der zentralen Figur des Dramas sich
1748 2352 2967 2425 auseinanderzusetzen — doppelt schwer, weil sie seine jungen Kräfte
540 2350 1750 2403 Arthur Schnitzlers Einakter „Komödie der Worte“ neu
1755 2394 2968 2467 überstiege, auch wenn sie klaren, eindeutigen, überzeugenden Um¬
535 2399 1742 2464 einstudiert worden, die Berlin im Kriege kennen gelernt hat.
1756 2435 2969 2510 riß aus der dramatischen Bewegung gewönne —, hat Walter
533 2441 1743 2512 Diesen Abend läßt Bassermann köstlich werden, in heftiger Gegen¬
1759 2480 2975 2559 Franck die von ihm gespielte Rolle behalten und ist jetzt freilich
524 2486 1743 2555 wehr gegen seinen Dichter. Denn die n beiden Dramen des
1761 2523 2969 2604 der einzige, der der Aufführung Kraft, Gliederung, Farbe gibt.
533 2521 1743 2585 Zyklus sind nur noch schwer zu ertragen. Nicht weil Schnitzlers
1760 2568 2961 2639 Sonja Bogs, die an die Stelle von Maria Eis getreten ist,
532 2582 1736 2640 Schwermut allmählich bitter geworden ist, sondern weil seine Bitter¬
1757 2608 2977 2695 fesselt, solange sie auf den Spuren ihrer Vorgängerin wandelt.
520 2619 1741 2685 keit spielerisch geblieben ist. Drei Ehemänner spelt Bassermann. In
1763 2658 2970 2729 Später, besonders wenn sie aus der Skala der passiven Töne zu
530 2658 1743 2729 der „Stunde des Erkennens“ unterliegt der Gatte, der
1750 2695 2972 2778 aktiver Aktion vordringen muß (in den Liebesszenen), hat sie wenig
521 2697 1743 2754 zehn Jahre zu spät Abrechnung mit seiner Ungetreuen hält, gerade
1757 2738 2970 2816 anderes als Theatergesten und Theaterschreie zur Verfügung.
541 2747 1738 2793 während er als Triumphator seine Rache genießt, im „Bacchus¬
1748 2793 2968 2859 Liane Mehnert, als die Stenotypistin, setzt diskrete, wenn
541 2784 1730 2856 fest“ siegt der Ehemann durch sein bloßes Erscheinen über den
1757 2828 2965 2912 schon etwas farblose Routine ein, ohne der Aufführung zu nützen
528 2831 1747 2901 Laffen, mit dem seine Frau durchbrennen will. Beide Male aber
1754 2869 2104 2937 oder zu schaden.
534 2867 1741 2943 sind die Menschen weder durch Liebe noch durch Ehe miteinander
2746 2889 2928 2965 A. M.
534 2916 1741 2974 verbunden, sondern in Wahrheit nur durch Worte, durch ein Spiel
1780 2925 2960 3013 Eine Huldigung für Richard Strauß. Aus Wien drahtet
524 2953 1743 3033 des Geistes, der sich in Probleme des Herzens eindrängt. Denn
1747 2976 2951 3051 unser Redaktionsbüro: Die Feier des sechzigsten Geburts¬
536 3006 1743 3078 den Autor treibt sichtlich nicht Liebe zu seinen Menschen, die im
1748 3016 2955 3095 tages von Richard Strauß wurde gestern abend durch einen
544 3047 1742 3132 Grunde alle gleichmäßig seine Ironie reizen, sondern nur Liebelei.
1754 3060 2964 3132 geheimnisvoll vorbereiteten Fackelzug des Schubert¬
566 3091 1733 3152 In de rKomödie der „Großen Szene“ aber lösen sich Bitter¬
1750 3091 2954 3142 bundes eingeleitet, der den Komponisten in seiner in der
536 3135 1733 3198 keit und Spielerei, Liebe und Liebelei in Humor auf, wenn Albert
1747 3133 2952 3207 Mozartgasse gelegenen Wohnung überraschte. Es sammelte sich
1747 3174 2961 3243 schnell eine große Menschenmenge an, als das Hornquartett des
533 3169 1749 3240 Bassermann den dritten Ehemann, den berühmten Theaterhelden,
1752 3210 2963 3281 Wiener Sinsonieorchesters. von Chormeister Keldorser mit
526 3222 2970 3339 darstellt. Seine Komödie der Worte ist als eine Tragikomödie der I einem elektrisch leuchtenden Taktstock dirigiert, ein Präludium
568 3288 2013 3483 Murul Ac#as 2.#. 2#.
