3436 4320
2120 172 2579 265 box 32/2
780 197 876 255 8 C
262 190 2045 293 26.1. Kon Wie der Worte zyklus
1905 1247 3137 1309 anderen die Schuld sucht und sieht. So wird geradezu
1896 1289 3133 1339 Eckolds Frau die Schuldige an ihrem Gatten, weil sie ihre
1902 1332 3123 1387 Liebesbestimmung einem anderen gegenüber erdrosseln mußte.
1909 1369 3137 1426 So lebt sie die „zehn Jahre“ unbewußt treu neben dem
1899 1414 3134 1475 argwohnzerquälten Herz des Gatten her, der nun explosiv in
1892 1455 3129 1519 einer „Stunde des Erkennens“ verurteilt — ob mit oder
1899 1486 3131 1549 ohne Grund, ist völlig gleichgültig. „Zehn Jahre“ früher
1903 1529 3120 1588 war da nur ein einfaches, reinliches Rechenexempel zu lösen. ..
1891 1587 3119 1634 Die überraschende Wendung nach dunklerer (wie gesagt Strind¬
245 1517 1304 1654 amea echen
1892 1613 3124 1662 bergscher) Tönung des konventionellen Problems hin nahm
1893 1644 3130 1709 das Publikum, trotz aufopfernder Mühewaltung von Regie
1895 1693 3134 1748 und Darstellung, nur mit bedingtem Entgegenkommen auf,
1888 1738 3134 1786 sicherlich aber auch deshalb, weil es physisch nicht imstande ge¬
1898 1771 3126 1828 wesen sein mochte, das Geringste des — doch wichtigen Schnitz¬
454 1782 1326 1865 Sroßherzogliches Softheater
1889 1816 3136 1861 lerschen Dialogs zu verstehen. Ich selbst, der ich das Buch schon
1885 1865 3130 1906 kannte, hatte die größte Mühe, der verbalen Darbietung zu
720 1857 1044 1931 Uraufführung:
1890 1905 3138 1950 folgen. Da ist eine gründliche Retouche zum Besten des Autors
1896 1932 3137 1983 vonnöten. Manches mag auch auf Rechnung einer stimmlichen
460 1908 1303 2010 Schnitzlers „Komödie der Worte“
1891 1976 3121 2021 Indisposition des Hauptdarstellers zu setzen sein: Bruno
345 1985 1493 2051 Von den Uraufführungen, die in dieser Spielzeit am Hof¬
1892 2015 3131 2052 Harprecht nahm sich im übrigen mit viel Geschick und
264 2030 1456 2079 theater dichter fallen werden als im ersten Kriegswinter —
1885 2057 3128 2107 Wandlungsfähigkeit zunächst des „Dr. Eckold“ an, der beson¬
267 2084 1508 2126 Weingartner bringt seine „Dame Kobold“ Otto Neitzel aus
1893 2101 3118 2149 ders durch die Gelassenheit und Müdigkeit der Bewegungen
265 2119 1502 2167 Köln seinen „Richter von Kaschau“ hier heraus, vergangenen
1884 2134 3120 2181 und des Tonfalls angenehm auffiel. Er spielte ferner den be¬
265 2151 1499 2211 Winter gabs gar nichts, sieht man von ein paar Musikwerken
1887 2176 3135 2223 langlosen (sentimentalen) „Schriftsteller“ im Bacchusfest, aber
269 2197 1501 2236 ab: Großherzog Ernst Ludwigs „Stimmungen“ für Klavier
1900 2217 3125 2266 erst in der „großen Szene“ des genialen Hofschauspielers Her¬
261 2232 1506 2295 und Weingartners „Ouverture aus ernster Zeit“ bleibenden
1887 2251 3112 2298 bot war er ganz in seinem Element: chevaleresk oder gemüt¬
267 2278 1507 2327 Angedenkens! — von den Uraufführungen hatte die der drei
1895 2298 3125 2350 lich, ausgelassen oder versonnen, schlagfertig oder verschmitzt —
265 2309 1497 2368 Schnitzlerschen Einakter heute das erste Wort, die
1886 2331 3116 2386 ganz immer, wie's die Rolle heischt. In den sonst mehr epi¬
274 2350 1513 2407 „Stunde des Erkennens“ „Das Bacchusfest“ und
1895 2366 3116 2427 sodischen Rollen gaben Johannes Heinz viel schöne Emp¬
266 2397 1496 2453 die „Große Szene“, die gleichzeitig noch in Wien und in
1889 2418 3112 2465 findungswärme (als Gegenspieler „Ormin“ im ersten Stück);
268 2430 1511 2484 Frankfurt heute das Rampenlicht erblicken sollen. Es ist wohl
1900 2456 3115 2507 Charlotte Pils als „Klara Eckold“ fesselte in den leidenschaft¬
263 2480 1504 2531 ein „literarisches Ereignis“ — aber leider nur ein literart¬
1892 2495 3126 2533 lichen Steigerungen besonders; da verfügt sie stets über eine
265 2506 1504 2558 sches. Betrachtet man dies Dreigestirn selbst wohlwollend, so
1894 2529 3120 2579 Stimme, in der man das Herzklopfen bis zum Hals spürt; in
269 2556 1501 2605 braucht man Schnitzlers Bild, wenn man es kennt, durchaus
1887 2575 3124 2641 solchen Momenten ist Pils bedeutend. Im „Bacchusfest“ war
259 2583 1500 2630 nicht neue Züge zuzufügen. Insofern ist das Ergebnis dieser
1883 2607 3126 2663 das angehende, schon recht für seine Zwecke: sich gegenseitig zu
258 2644 1499 2688 Tat des Darmstädter Hoftheaters etwas schmächtig. Selbst wenn
1885 2651 3119 2699 quälen vorbereitete „Ehepaar“ Schneider =Gothe unver¬
258 2670 1493 2718 man dieses Dichters Weise kennt bis in die subtilsten techni¬
1884 2685 3100 2745 wüstlich; schade, daß aus ihm nichts wurde: der „Schwank“
267 2713 1503 2776 schen Einzelheiten hinein: Es ist ganz der konziliante, jede
1894 2734 3122 2776 schwenkt, wie die Heldin, zur „Literatur“ besser zur Rührselig¬
272 2751 1489 2797 Schärfe vermeidende Plauderton (etwa der „Anatoliaden“)
1882 2766 3127 2837 keit, zurück. Rud. Weisker ist ein so feiner Techniker, daß
265 2793 1499 2840 einerseits gewahrt, andererseits sein privilegiertes Liebäugeln
1887 2814 3121 2868 er seinen Mangel an Gemüt, das die Rolle des „Theaterdirek¬
256 2832 1493 2888 mit „Tiefe“ (etwa des „Weiten Landes“ oder des „Bernhardi“),
1885 2854 3121 2909 tors“ (ganz im bewährten Muster der „Mar“=Rollen des
269 2854 1508 2920 aber natürlich hier wieder im dramaturgischen Extrakt von
1880 2896 3127 2945 „Anatol=Zyklus) in der Großen Szene“ unbedingt trägt, in
257 2910 1498 2966 drei bis vier handelnden Seelen. Das übliche Problem
1891 2930 3114 2984 kluger Zurückhaltung verbarg, die ihm alle Sympathien ein¬
257 2956 1511 3008 solcher Personenanzahl ist nicht schwer zu erraten. Doch fragt
1888 2967 3118 3018 brachte, obwohl ihm zur Entfaltung drastischerer Komik so
269 2994 1501 3045 man sich: was sollen die (im Grunde simplen) Herzensirrun¬
1878 3006 3117 3050 wenig Gelegenheit geboten war. Käthe Meißner als Künst¬
258 3030 1497 3103 gen — so tüftelnd fein und routiniert sie aufgesetzt sein mögen
1879 3054 3113 3104 lergattin, die doch eine Ethik der Entsagung positivst durch¬
317 3069 1498 3122 gegenwärtig? Doch man soll einfach den guten alten
1890 3095 3120 3141 setzt, war vielleicht etwas zu jugendlich=schmachtend;
269 3104 1499 3160 Schnitzler „erleben“; mehr verlangt der Dichter selbst ge¬
1883 3131 3122 3193 ich stelle mir darin mehr Fraulichkeit vor. Doch ist dies Auf¬
256 3146 1495 3205 wiß nicht. Man merkts zu deutlich; drum soll ihm das Wort
1881 3169 3119 3226 fassungssache. Kurt Ehrle ergänzte episodisch geschickt, un¬
270 3194 1484 3238 unbenommen sein. Denn es ist ja immerhin (man kennts ja!)
1881 3211 3120 3271 aufdringlich, wie seine Rolle aufgefaßt sein muß, mit dem
268 3227 1493 3290 die Gebärde der Kurzweiligkeit in seinem Dialog, und jene
1888 3263 3122 3307 überwundenen männlichen Rächer seiner Ehre die Reihe der
263 3269 1484 3321 Pfychologie, die einen Abend lang „unterhält“. „Komödie“
1901 3302 3117 3347 Hauptspieler, die in der gutgegliederten Regie Hans Bau¬
262 3310 1503 3364 der Worte ist der schlagfertige Titel für diese wieder echt Schnitz¬
1895 3347 3129 3396 meisters alle an ihrem Platze waren; höchstens der Eckold
266 3344 1505 3394 lersche Art. Dabei ist — was beinahe verwirrt — im ersten
1895 3376 3131 3438 könnte auch, entgegen dem Wunsche des Autors: einer ein¬
262 3393 1496 3440 Stück ein fast an Strindberg gemahnendes tragisches Problem
1893 3436 3125 3472 heitlichen Besetzung der drei männlichen Hauptfiguren,
266 3430 1496 3474 aufgerollt, das eigentlich psychologisch ganz in die Nähe der
1903 3465 3122 3512 Westermann oder gar Ehrle liegen. Die Szenenbilder, nicht ab¬
265 3468 1501 3523 „Gefährtin“ rückt, darin Schnitzler vieraktig seinerzeit ausein¬
1898 3506 3132 3561 sichtsvoll, fanden im dritten Bild erst ganz ihre Bestimnung.
256 3508 1499 3561 andersetzte, was diese neue einaktige „Komödie“ der Worte
256 3544 1503 3597 technisch mit dem bekannten klugen Blick für „Bühne“ getroffen
2921 3539 3101 3613 C. I.
1959 3551 2466 3609 Darmstadt, 12. Oktober
259 3583 1511 3647 hat: das Mißverstehen des eigenen Herzens, das immer im
