3392 4352
1189 146 2037 180 Osterreichische Casino A. G.
1169 189 2030 232 Wien III, Schwarzenbergplatz 5a
1162 299 1670 372 „OBSERVER“
1436 360 2037 412 österr. behördlich konzessioniertes
1412 403 2040 456 Unternehmen für Zeitungs-Ausschnitte
1412 448 2032 488 Wien I, Wollzeile 11, Telephon R-23-0-43
1156 610 1532 675 Ausschnitt aus:
1513 613 1915 708 Kleine VolKszeiltarg
1548 742 1901 851 0KT. 005
1157 898 2056 1002 Jheater und Aunst
1200 1008 1974 1100 „Komödie der Worte.
1440 1095 1790 1158 Akademietheater.
1200 1146 2055 1197 Man kann heute den Dichter Artur
1153 1187 2067 1267 Schnitzler mit größerer Objektivität
1159 1238 2061 1294 würdigen, als dies vor Jahren der Fall war.
1159 1284 2053 1332 In der Vorkriegszeit der Modernsten einer,
1159 1326 2046 1369 und darum heiß umstritten, heute ein ab¬
1158 1373 2068 1429 geschiedener Geist, und doch mehr als dies,
1157 1418 2058 1477 da seine Stimme noch immer laut genug in“
1166 1453 2057 1515 unsre Gegenwart dringt. Diese Fulle der
1157 1485 2070 1555 Figuren, die Freude am Glitzern des Wortes,
1172 1559 2074 1599 an psychologischer Vertiefung, und nicht
1156 1623 2062 1675 zuletzt die theatralischen Einfälle, immer neu
1150 1682 2059 1738 und immer amüsant — wer kann das heute
1155 1721 2061 1767 noch in gleicher Weise der Bühne schenken?
1204 1755 2073 1798 Jedenfalls vermag auch heute noch die
1151 1800 2055 1858 Schnitzlersche „Komödie der Worte“ mehr als
1146 1849 2055 1894 bloße Worte zu geben. Vor allem der Ein¬
1159 1887 2056 1950 akter „Die große Szene“ buntestes
1162 1931 2059 1980 Theater, ewiges Theater. Der Komödiant,
1160 1979 2063 2025 Herr der Bühne und der Frauen, von seiner
1154 2020 2062 2068 eigenen Leistung so berauscht, daß er Schein
1156 2065 2062 2123 und Wirklichkeit miteinander vermengt und
1161 2101 2063 2160 das Wahre nicht vom Falschen zu unter¬
1156 2147 2058 2202 scheiden vermag. Und neben ihm die stille
1161 2195 2057 2238 kluge Gattin, die ihn durchschaut und doch
1157 2240 2064 2296 nicht loskommen kann und will, weil sie ihm
1165 2283 2064 2326 als Ergänzung seines Wesens nötig ist. Und
1161 2324 2065 2386 dann die tiefe „Stunde des Er¬
1445 2362 2062 2426 Ein wenig von Ibsenschem
1160 2369 1421 2417 kennens“
1164 2396 2053 2465 Geist berührt, da sich eine zehn Jahre alte
1155 2448 2058 2510 Lebenslüge mit einem Male offenbart und
1158 2497 2060 2553 nach endgültiger Lösung verlangt. Etwas zu
1152 2529 2056 2609 problematisch für unsern heutigen Geschmack,
1154 2583 2048 2645 wohl auch zu redselig, und anderseits nicht
1155 2630 2045 2679 schwerwiegend genug, um in ihrer ganzen
1157 2676 2043 2719 Tragik empfunden zu werden. Die brausende
1165 2718 2044 2760 Gegenwart hat andre Sorgen als die Analyse
1150 2761 2042 2813 der Vergangenheit; und doch bleibt die kleine
1151 2808 2058 2856 Komödie irgendwie seelisch interessant, mit
1159 2839 2054 2916 einem Blick auf die weite Landschaft des
1162 2889 1366 2946 Gefühles.
1197 2918 2050 2996 Sehr flott und noch immer lebendiges
1155 2977 2043 3021 Theater das „Bacchusfest“ jene drollige
1166 3021 2047 3073 Szene in einem Eisenbahnrestaurant, wo
1160 3069 2055 3119 zwischen kommenden und abfahrenden Zügen
1154 3104 2039 3167 die Entscheidung über ein Frauenschicksal
1167 3153 2049 3206 fällt. Von solch ingrimmigen Blitzlichtern der
1163 3203 2055 3254 Satire erhellt, daß der dunkle Hintergrund
1159 3237 1696 3293 kaum mehr sichtbar wird.
1201 3276 2052 3343 Die Schauspieler bejahten jedenfalls das
1154 3327 2041 3378 Werk Artur Schnitzlers. Vor allem Balser,
1159 3376 2050 3431 dessen Palette ungemein vielfarbig ist. In der
1155 3419 2054 3475 „Stunde des Erkennens“ der kleine miß¬
1155 3462 2049 3513 günstige Nörgler, in der „Großen Szene“ der
1808 3485 2057 3559 schillernden
1164 3507 1801 3563 Komödiant in seiner ganzen
1153 3546 2041 3607 Dialektik und im „Bacchusfest“ der kluge,
1154 3590 2053 3657 zielbewußte Mensch. Jede Rolle in ihrer Art
1160 3633 2058 3694 eine Meisterleistung. Prachtvoll auch Auguste,
1164 3680 2038 3726 Pünkösdy in ihrer eindringlichen und
1153 3714 2055 3769 einfachen Linienführung. Markant Franz
1164 3770 2042 3816 Höbling als Professor Ornim, von vor¬
1160 3802 2045 3851 nehmster weiblicher Anmut und Ueberlegen¬
1159 3848 2046 3899 heit Maria Mayen (Sophie), ganz aus¬
1161 3887 2055 3947 gezeichnet Wilhelm Schmidt (Theater¬
1159 3932 2045 3980 direktor Falk), köstlich Edeltraut Arnoscht
1158 3974 2055 4022 als theaterbesessenes Vorkriegsmädel. Von
1162 4020 2051 4070 entzückender Anmut Hilde Wagener, sehr
1159 4064 2053 4124 lustig pointiert Ullrich Bettac in der Rolle
1155 4104 1492 4176 des Dr. Wernig.
2187 160 2230 202 —
