3392 4320
374 151 1060 255 Schnißlers neuer
635 245 1278 370 Einakter-Zyklus.
590 368 1070 450 Eigene Drahtung.
836 435 1247 514 Wien, 11. Oktober.
437 496 1275 576 Im Burgtheater gelangte heute abend
374 543 1290 626 Artur Schnitzlers neues Werk, der Einakter¬
370 586 1278 666 Zyklus „Komödie der Worte“, zur Erst¬
381 646 1296 709 saufführung. Es ist ein echter Schnitzler voll
383 693 1312 767 messerscharfer Seelenanalyse, gemildert durch die
389 733 1295 797 heitere Grazie des Verstehers aller Menschlichkeiten.
385 787 1276 844 In allen drei Stücken geschieht eigentlich sehr
385 826 1279 890 wenig. In der „Komödie der Worte“ steigen nur
377 871 1284 925 Vergangenheiten auf und formen sich in schönen
383 911 1286 977 oder häßlichen Worten zu letzten Aussprachen, zu
385 959 1293 1037 tragischen oder heiteren Erledigungen des Schicksals
385 1000 729 1057 zweier Menschen.
437 1035 1290 1119 Das erste Stück nennt sich „Stunde des
375 1080 1285 1150 Erkennens“. Es ist die Stunde, da der be¬
383 1127 1291 1202 rühmte Professor „Dr. Rudolf Ormin Abschied
381 1177 1282 1248 nimmt von seinen Freunden, dem Arzt Dr. Eckol
376 1227 1279 1286 und seiner Frau Klara. Diese haben tags vorher
381 1265 1284 1340 ihre Tochter verheiratet. Heute verabschiedet sich
375 1306 1280 1378 der Freund, um nach Japan zu gehen und viel¬
383 1359 1276 1407 leicht nicht mehr zurückzukommen. Er hat immer
385 1402 1284 1460 Frau Klara geliebt, und heute sagt sie ihm, warum
388 1445 1279 1496 sein Werben vergeblich war. Er wäre ihr Schick¬
385 1486 1279 1564 sal geworden, und sie durfte ihren Mann nicht
379 1531 1287 1596 verlassen, weil er sie nötig hatte. Sie war darum
393 1573 1283 1644 keine Heilige, sie gab sich einem anderen, der nicht
383 1623 1286 1687 ihr Schicksal werden konnte, und dem sie das einzige
393 1664 1280 1730 Glück des Lebens war. Dr. Eckol aber, ihr Mann,
390 1704 1280 1774 hält nun auch die Stunde des Erkennens für ge¬
387 1753 1276 1808 kommen. Seit zehn Jahren ist er der Ueber¬
386 1792 1287 1850 zeugung, daß seine Frau Ormins Geliebte war,
387 1842 1278 1910 und jetzt schreitet er zur grausamen Demütigung
380 1893 1276 1941 der Frau, von der er, ohne daß sie es ahnte, seit
382 1931 1276 2001 Jahren in innerster Seele getrennt war. Viel¬
378 1973 1279 2039 leicht hätte er ihr verziehen, wenn es ein anderer
390 2025 1270 2083 als dieser immer von ihm beneidete Götterjüngling
389 2061 1283 2127 gewesen wäre. Da gesteht Frau Klara, und schreit
379 2102 1282 2175 ihm ins Gesicht, daß sie Ormins Geliebte war, wie¬
377 2140 1283 2213 wohl es nicht wahr ist, und geht aus dem Hause.
436 2197 1288 2262 Im zweiten, viel kräftigeren Stück, betitelt
379 2237 1282 2309 „Große Szene“, ist es der Konflikt zwischen
372 2280 1284 2337 Frau Sophie Herbot und ihrem berühmten
369 2325 1282 2405 Gatten Konrad Herbot, der zur Komödie der
377 2368 1276 2433 Worte führt und skeptisch befriedigend gelöst
375 2403 1288 2474 wird. Sophie kehrt zu ihrem Mann zurück, den
380 2456 1276 2524 sie verließ, da er sie mit einem jungen Mädchen,
382 2488 1281 2561 das dazu noch Braut war, betrog. Er braucht
377 2537 1276 2605 sie, und da ist sie gekommen. Es kam aber auch
378 2586 1276 2652 der Bräutigam des verführten jungen Mädchens,
382 2628 1283 2686 der nichts als die Wahrheit wissen will. In der
370 2669 1280 2729 „großen Szene“ beschwindelt Herbot den jungen
374 2713 1277 2775 Mann auf geniale Weise, so daß dieser von der
378 2751 1277 2808 Unschuld seiner Braut überzeugt von dannen
374 2796 1280 2854 geht. Frau Sophie, von so viel=Lüge angewiderr,
372 2841 1275 2899 bleibt gleichwohl bei ihm. Er kann ohne sie nicht
365 2883 1273 2956 spielen, und in zehn Minuten soll er als Hamlet
379 2921 692 2987 auf die Bühne.
426 2951 1276 3032 Das dritte Stück endlich, das „Bacchus¬
365 3004 1271 3079 fest“, spielt auf dem Bahnsteig in Salzburg.
366 3033 1274 3119 Dort erwarten Agnes Staufner und ihr Ge¬
363 3084 1285 3169 liebter Guido Wernig den heimkehrenden Gatten
371 3137 1265 3204 der Frau Agnes, die nicht mehr mit ihrem
364 3185 1272 3246 Gatten nach Hause fahren, sondern fortan mit
367 3222 1270 3287 Wernig leben will. Aber Staufner macht diesen
364 3265 1277 3329 Plan zunichte. Sie sagen ihm nichts, sondern
366 3300 1279 3372 sagen einander höflich Ade, nachdem ihnen der
362 3352 1279 3430 Dichter die Idee seines Stückes „Das Bacchus¬
374 3396 1270 3460 fest“ dargelegt hatte. Dieses mythologische Fest
370 3440 1272 3501 war bei irgendeiner verschollenen Nation ein reli¬
365 3476 1276 3557 giöser Brauch. Männer, Frauen und Mädchen
371 3511 1271 3573 verließen bei Sonnenuntergang das Haus und
368 3568 1273 3636 begaben sich in den Hain, um dort unter den
363 3611 1271 3662 schützenden Schleiern der Nacht das göttliche Fest
363 3660 1280 3702 zu feiern. Für die Erlebnisse dieser Nacht gab
371 3702 1270 3756 es keine Verantwortung, aber bei Sonnen¬
355 3740 1265 3796 aufgang mußte man voneinander scheiden. Dies
362 3780 1260 3828 alles ist natürlich symbolisch gemeint, aber da
367 3825 1272 3866 sowohl Mann wie Frau so gehandelt haben, daß
364 3865 1270 3917 sie diese Symbolik nötig haben, um sich zu ver¬
367 3907 1263 3969 söhnen, so tun sie das. Dieses Stück ist sehr
362 3947 1267 4018 lustig und von einem blitzenden Dialog getragen.
426 3990 1268 4044 Alle drei Stücke, besonders aber die beiden
369 4029 1274 4115 letzten, erregten bei der Generalprobe viel Ge¬
359 4077 525 4140 fallen.
2655 1333 3343 1400 Kollegen der beiden, einem Stiefkind
2649 1380 3352 1440 eine Augenblick ihrer Gnade Sonnens##
2659 1430 3348 1483 menden Lebenslauf sein soll. So gla
1481 1376 2586 1500 Schnitzlers „Komödie der Worte“.
2665 1472 3349 1519 spitzte Selbstverteidigung der Dame be
1971 1500 2098 1568 Von
2658 1517 3347 1576 deuten nicht mißverstehe) in der Unt
2665 1558 3337 1620 im übrigen durch ihre sonstige unt
1507 1533 1752 1648 Aewund
1752 1508 2538 1652 Dr. Anton Bettelheim.
2657 1595 3347 1666 jährune ansprechen zu können. Unheil
2655 1640 3353 1703 späte, unerwartete Rache des Gatten
2190 1642 2613 1733 Wien, 12. Oktober.
2663 1683 3339 1737 Nebenbuhler gar nicht nennt —, ihr
2657 1721 3341 1779 nug, der fälschlich als Ehebrecher ver
1482 1707 2632 1775 Nicht leicht läßt sich in dieser Zeit der Taten ein gefährlicherer
1439 1773 2631 1831 Titel für eine Schauspiel=Reihe ausdenken als der Sammelname,
2658 1766 3339 1831 freiwillig aus dieser Welt. Für die
2657 1807 3345 1873 täten dieser Frauenseele, die sich für sc
1452 1819 2642 1871 den Schnitzler für seine zur Uraufführung im Burgtheater
2656 1861 3333 1913 ten sich, selbst wenn sie so überlegen
1450 1848 2644 1912 bestimmten drei neuen Einakter gewählt hat: „Komödie der
2654 1900 3340 1971 Frau Bleibtreu wenig Gläubig
1456 1888 2648 1960 Worte“. Der Dichter faßte den General=Nenner seiner jüngsten
2691 1931 3339 2009 Tröstlich, nicht bloß als Gegenstück
1448 1949 2652 1991 Geschichten (der tragisch ausgedehnten „Stunde des Erken¬
2659 1986 3331 2050 die „große Szene“: ihr Held ist,
1450 1984 2649 2034 neus“, der parodistischen „Großen Szene“ und des tragi¬
2661 2028 3349 2091 Otto Brahms zu wiederholen, ein „Cäst
1447 2027 2650 2087 komischen „Bacchusfestes“) augenscheinlich ironisch: allemal geht
2670 2080 3340 2127 Einer der Virtuosen, die halb Kind, ha
1434 2080 2645 2132 es auf die Halbwahrheit hinaus, wie viel Heuchelei, bestenfalls wie
2668 2123 3340 2176 toren durch die Lande ziehen, die kom
1449 2111 2641 2177 starke Selbsttäuschung hinter den großen Worten von Liebe und
1445 2165 2645 2211 Hausfrieden stecke. Kranke Chen zeigt uns der Dramatiker in jedem
2656 2162 3340 2218 widerstandslos zu ihren Füßen sehen.
1453 2211 2643 2274 seiner Spiele, Dialektik der Untreue entwickeln seine Wortführer,
2659 2210 3340 2270 Mustergattin naturnotwendig betrüg
2670 2254 3339 2304 angefangen beim eigenen Ich, Komö
1448 2243 2651 2306 zu Anfang schwermütig; in der „Großen Szene“, dem weitaus
1454 2293 2653 2352 wirksamsten Mittelstück, grotesk ausgelassen; zuletzt in wilden Hohn
2655 2298 3334 2349 Augenblicken bewußt und unbewußt
1457 2334 2651 2397 ausbrechend. Jedes Blatt, das Schnitzler in seinem Ehezucht= oder
2668 2338 3329 2393 famie sich verstehen. Konrad Herbott
2660 2377 3348 2435 Streiche — er verführte die blutjunge
1451 2383 2647 2441 vielmehr Eheunzucht=Büchlein aufschlägt, führt uns in einen an¬
1445 2421 2647 2468 deren, dem Sittenmaler aus jahrzehntelangen Erfahrungen gleich
2662 2416 3350 2479 sohnes — seiner unübertrefflichen Fra
1447 2464 2649 2525 vertrauten Kreis: „Die Stunde des Erkennens“ zu Aerzten; „Große
2661 2473 3338 2522 nie mehr zu belügen. Im nächsten
1450 2513 2653 2559 Szene“ in die Bühnenwelt; „Das Bacchusfest“ zu Literatur=Zigeunern.
2666 2503 3347 2569 trogene Bräutigam und fragt unter
1452 2557 2654 2606 Am traurigsten geht es menschlich und, wie ich besorge, auch künst¬
2669 2566 3348 2612 Ehr und Gewissen, ob er der Geliebt
1453 2601 2657 2652 lerisch am fragwürdigsten unter den Medizinern, ziemlich unsicher
2660 2606 3343 2655 Die „große Szene“, die Herbott sein
1452 2641 2647 2702 unter den Leuten der Feder, am ergötzlichsten, mindestens für den Zu¬
2670 2650 3349 2711 Frechheit, mit der er ihm einen für
1460 2690 2094 2755 schauer, in der Schauspielerei zu.
2661 2695 3349 2748 dem Luderchen von Braut vorher abg
2661 2734 3347 2804 in allen Spielarten und Tönen seiner
1480 2717 2646 2795 Beginnen wir mit der „Stunde des Erkennens“. Doktor
2663 2783 3340 2839 widerspruchsvoll das klingt — zum
1450 2772 2642 2833 Eckhold hat nach achtzehnjähriger Ehe seine Tochter ausgeheiratet.
2664 2822 3336 2873 lebenswahr Gemutendsten, was man
1457 2824 2651 2880 Am Tag, nachdem sie die Hochzeitsreise angetreten, sagt er seiner
2664 2862 3345 2920 kann. Die Gattin, eine reine Natu
1461 2878 2648 2925 Frau, sie könne, ja, sie solle sein Haus verlassen. Zehn Jahre lang
2669 2908 3331 2960 Niedertracht geworden, will für imm
1456 2915 2639 2964 hat er es, des Kindes halber, schweigend getragen, daß sie ihm
2659 2949 3340 3014 dratlumpen sich trennen. Der Unb
1453 2964 2654 3016 einmal — er glaubt, mit einem seines Erachtens vom Geschick mit
2671 2996 3343 3059 Widerstand. Als er seine Frau, der
1454 3003 2648 3049 Unrecht verhätschelten Streber, dem Professor Ormin —, untreu
2666 3037 3348 3096 nungsszene gesagt, er wolle heute abe
1447 3045 2653 3104 geworden. In Wirklichkeit trifft auf Frau Clara das Wort des
2665 3084 3347 3138 spiesen, nicht in der Loge sieht, läßt er
1443 3095 2640 3147 zum Hängen verurteilten Raubmörders zu, der nach Auerbachs
2671 3131 3340 3187 das ganze Publikum mit dem Erzherz
1458 3138 2652 3189 mundmäßig berichtetem Schlußworte sagte: „Than han i's, aber
2661 3174 3338 3230 und ruht nicht, bis die Widerspenst
1457 3177 2656 3241 nöt so, wie der Herr Staatsanwalt g'moant hat“. Sie war in
2667 3212 3325 3274 Schon einmal, im „Freiwild“ hat
1455 3217 2652 3273 einer Ehestandskrise dem Gatten ein einziges Mal untreu. Doch
2664 3253 3336 3319 überlegener Laune vor Augen gestel
1453 3258 2645 3326 nicht mit dem Mann ihres Herzens, Ormin. Aus Angst, dieses
2675 3308 3330 3352 Konrad Herbott und seinen Leuten
1460 3309 2647 3361 Damengünstlings, ihres wahrhaft Geliebten halber, ihren Gatten,
1448 3345 3337 3425 den sie hochhält, zu hintergehen, gab sie sich einem unscheinbaren ! Virtuosenstück, dem glücklichste Beol
