3344 4352
266 222 527 286 WTEN, I.,
248 273 1046 348 Wollzeile 11 4 Telephon R 23-0-43
853 379 912 437 V
943 380 1061 455 9
240 387 862 492 Ausschnitt aus  Fahe
249 570 392 618 vom
266 650 1027 740 m Akodemitlt4. (K l. 1335
270 736 1079 821 „Komödie der Worte“
329 828 1102 883 Es war nicht nur ein Abend der Würde für
271 886 1105 951 das Akademietheater. Artur Schnitzler, in
275 936 1115 990 den letzten Jahren leider immer mehr und
281 996 1113 1043 mehr Erinnerung geworden, war wieder da
269 1037 1102 1100 als Gegenwartserlehnis. Keines der großen
272 1090 1104 1135 und in die großen Probleme von Tod, Leben
269 1143 1101 1183 und Liebe eingreifenden Werke Schnitzlers,
272 1179 1109 1230 aber ein nicht minder tiefes, ein gleichsam
275 1233 1118 1284 mokant=tiefes, die Tiefe der Beiläufigkeiten
266 1274 1110 1339 enthüllendes, die Seele hinter den Alltags¬
281 1317 1135 1390 formen suchendes, ein skeptisch=weises. Kurz;
273 1384 1116 1435 eines, das in grazilen kleinen Szenen den
283 1424 764 1492 ganzen Schnitzler enthält.
342 1477 1117 1534 Gewiß, manche soziale Voraussetzung mag
276 1533 1118 1595 heute nicht mehr stimmen, manche Konven¬
280 1591 1109 1633 tion, die demaskiert wird, nicht mehr im Kurs
279 1627 1122 1692 sein. Trotzdem: was an seelisch, gefühlshaft,
270 1676 1113 1732 erotisch Problematischem zutage tritt, ist
268 1733 1121 1787 heute im letzten Grunde so wahr wie da¬
284 1779 1119 1834 mals, und wenn es eine neue Generation
280 1824 1080 1878 vielleicht heute nicht wahrhaben will —
269 1870 1117 1926 spätestens übermorgen wird sie darauf¬
271 1925 1120 1990 kommen. Sie gilt noch heute, die Komödie
285 1970 1112 2027 der Worte, die einen Umsturz im Seelen¬
286 2025 1116 2075 erlebnis bewirken — sie gilt auch, wenn sich
277 2069 1120 2124 ringsum, im größeren Raum, die Tragödie
279 2125 1125 2185 der Schlagworte vollzieht, die den blutigen
283 2169 997 2236 Umsturz im Völkererlebnis bewirken.
334 2222 1127 2294 Abgesehen davon: wie wunderbar sind
290 2279 1109 2327 diese drei Einakter gebaut, wie technisch ge¬
288 2327 1116 2378 konnt, wie fein und fesselnd im Dialogischen.
291 2383 1116 2430 Man erkennt es beschämt, neuzeitlichen Lust¬
291 2422 1021 2485 spielklamank noch frisch in Erinnerung.
339 2475 1116 2533 Ewald Balser überrascht jeweils als Arzt,
288 2526 1131 2581 Schauspieler und Schriftsteller. Wer hätte
285 2584 1118 2634 diesem Darsteller von Charakteren, die in
287 2623 1128 2678 ihrer Geradheit groß sind, eine so restlose
293 2674 1120 2722 und packende Verkörperung der Gestalt jenes
289 2724 1137 2781 Arztes zugemutet, der zehn Jahre lang Haß
286 2771 1122 2825 und vermeintliche feelische Erniedrigung in
289 2819 1132 2874 sich vereisen läßt. Wie ist da seelenverkrüp¬
299 2873 1121 2934 pelnde Lüge, Rankkkne in metaphysischem
284 2913 1130 2982 Sinn, herzenversteinernde Anmaßung zu
441 2972 1064 3025 sichtbaren Erlebnis geworden!
294 2969 431 3024 einem
289 3022 1124 3069 Welche Wandlung dann als Komödiant,
288 3054 1127 3114 blitzend von selbstparodistischen Lichtern, voll
295 3110 1133 3171 Pathos der Ironie, voll Schwung, Tempo
300 3157 1130 3213 und Humor der Dialektik. — Und schließlich
300 3209 1128 3260 als Schriftsteller voll stillster Verinnerlichung,
289 3253 1141 3324 namentlich im letzten, stummen Augenblick,
295 3309 1137 3357 ganz knapp eine Tragödie ahnen lassend. Er
299 3323 1146 3423 zog neue Seiten auf gestern abend und sie
291 3404 805 3468 zählen zu seinen schönsten.
361 3467 1133 3515 Die Frauen des Abends: Hilde Wagener
300 3514 1134 3564 voller Zwischentöne, eine Frauenseele bis
304 3554 1124 3610 ins Letzte charmant durchformend; Auguste
305 3611 1130 3658 Pünkösdy schlug interessante tragische Töne
297 3655 1137 3715 an; Maria Mayen hatte fesselnd=elegante
301 3708 1131 3755 Wirkungen. In den übrigen Männerrollen
299 3754 1141 3808 brachten Ullrich Bettac, Wilhelm Schmidt
304 3807 1144 3853 und Franz Höbling eindrucksvolle Leistungen;
305 3849 1142 3899 in knappen Auftritten ergötzte Richard
298 3904 1137 3954 Eybner und Philipp Zeska zeichnete eine
310 3949 1054 4003 Evilodenfigur mit behutsamem Humor.
360 4003 1144 4051 Die Regie Franz Herterichs brachte zart
316 4045 1145 4086 und klug die vielen feinen Pointen zum
306 4100 1134 4147 Leuchten und Willy Bahner schuf Bühnen¬
312 4148 1130 4184 bilder von schöner österreichischer, vorkriegs¬
317 4198 820 4243 österreichischer Atmosphäre.
768 4245 1094 4291 Piero Rismondo.
1434 344 1977 459 „OBSERVER“
1429 450 2002 519 Erstes österreichisches be¬
1439 508 2012 558 hördlich konzessioniertes
1445 557 1768 613 Unternehmen
1434 601 2016 670 für Zeitungsausschnitte
1216 658 1494 735 WIEN, I.,
1208 714 2021 786 Wollzeile 11 4 Telephon R 23-0-43
1209 865 1580 937 Ausschnift aus
1492 922 1947 1011 Abend, die,
1218 946 1402 1013 OZ.
1221 1018 1365 1078 vom
1550 988 1990 1135 10 0(7. 935
1271 1178 2048 1275 „Komödie der Worte“
1452 1261 2131 1322 Von Artur Schnitzler, Neuein¬
1403 1304 2045 1359 studierung des Akademietheaters.
1296 1355 2130 1409 Ein wunderbar treffender Titel, nicht nur
1232 1395 2126 1449 für diese drei Einakter, sondern auch be¬
1227 1439 2137 1489 zeichnend für die Epoche, aus der sie dem
1235 1481 2131 1524 Dichter erwachsen sind. Es war eine Zeit, in
1238 1521 2133 1565 der das Wort ein bedenkliches Übergewicht
1236 1558 2128 1621 über das Leben und seine Wirklichkeiten be¬
1231 1602 2128 1660 kam, eine Zeit, in der die Irrungen und
1230 1650 2131 1706 Wirrungen des Gefühlslebens in ihrer Be¬
1225 1684 2129 1747 deutung meist überschätzt wurden, zumindest
1241 1736 2120 1783 aber war der Verbrauch an Worten dafür
1236 1784 2118 1834 übertrieben. Seither hat die Menschheit unter
1223 1834 2100 1876 der harten Zuchtrute der Weltereignisse um¬
1243 1869 2118 1913 gelernt und viele im Publikum, denen ein
1233 1896 2126 1965 Stück von Schnitzler dazumal ein erlesener
1237 1984 2132 2067 Genuß war, dürften seine Konflikte und
1251 2044 2124 2102 seinen Dialog einigermaßen befremdlich emp¬
1248 2089 2126 2147 funden haben. Das verringert aber nicht den
1251 2136 2117 2199 Wert der Werke Schnitzlers als getreues
1250 2169 1725 2236 Spiegelbild seiner Zeit.
1299 2224 2136 2278 Vollends zufrieden ist man, daß die drei
1227 2258 2119 2310 Einakter Gelegenheit geben, Ewald Balser
1244 2300 2132 2365 nacheinander in drei so verschiedenen Ge¬
1238 2341 2020 2406 stalten bewundern zu können. In
2032 2344 2133 2400 der
1240 2379 2133 2453 „Stunde des Erkennens“ ist er als Arzt ein
1226 2430 2126 2486 peinlich verschobener Charakter mit einem
1239 2471 2111 2532 argen Komplex verschlanenen Ehrgeizes und
1228 2512 2123 2577 Neides. Körperhaltung, Spiel der Hände und
1233 2554 2116 2619 Brüchigkeit der Rede machen die scheußliche
1230 2594 2124 2676 Kompliziertheit dieses Menschen glaubhaft.
1240 2635 2115 2698 In „Große Szene“ spielt Balser den Komö¬
1240 2678 2123 2765 dianten, dem sich Leben und Schein, Wahr¬
1233 2718 2110 2785 heit und Lüge durcheinandermischen, und er
1240 2763 2115 2823 spielt diesen Besessenen seines Berufes als
1234 2810 2112 2870 eine erschütternde Karikatur. Im „Bacchus¬
1236 2834 2118 2916 fest“ schließlich gestaltet er den Dichter, also
1218 2900 2119 2956 einen Künstler des Wortes, gerade dadurch
1223 2927 2119 3009 am wirksamsten, daß er ihn als einfachen,
1225 2970 2112 3038 klugen Mann spielt, der schamhaft jedem
1212 3024 2111 3077 großen Wort ausweicht, jeden Ausdruck alles
1225 3053 2127 3122 Prahlerischen entkleidet. Im ersten Stück gibt
1206 3110 2115 3151 Auguste Pünkösdy der erschreckenden Aus¬
1212 3154 2109 3208 gehöhltheit des Arztes durch ihr ergreifendes
1221 3195 2106 3249 Spiel einer Frau, die unter der Entdeckung
1206 3237 2118 3293 jahrelanger Lüge nicht auch zum Lügen, aber
1206 3276 2113 3338 zum Verschleiern der Wahrheit gebracht
1215 3317 2115 3377 wird, ein wirksames Gegenbild. Franz Höb¬
1218 3354 2110 3418 ling war der Freund, der durch Jahre
1209 3404 2109 3456 ahnungslos an einer großen Liebe und an
1224 3447 2105 3500 einem großen Haß vorüberlebt, und brachte
1216 3483 2111 3540 diese Ahnungslosigkeit entsprechend. Im
1220 3529 2114 3586 zweiten Stück hätte man Maria Mayen
1224 3567 2111 3626 für die zurüggekehrte betrogene Gattin des
1210 3615 2110 3672 Komödianten mehr frauliche Überlegenheit
1212 3655 2107 3716 gewünscht, denn ihr eher weinerliches An¬
1207 3692 2096 3753 kämpfen gegen das Schicksal griff nicht ans
1208 3742 2099 3799 Herz. Wirksamer war Wilhelm Schmidts
1208 3770 2097 3840 drastischer Theaterdirektor als ergötzliches
1211 3818 2103 3868 Pendant zum Komödianten Balsers. Im
1211 3861 2091 3921 dritten Einakter waren Hilde Wagener
1215 3908 2088 3957 und Ulrich Bettac die Träger des Wort¬
1212 3951 2108 4008 gespieles und erlebten vor der Wortkargheit
1209 3996 2095 4068 des Schriftstellers Staufer mit Grazie die
1211 4027 2085 4087 Unzulänglichkeit alles Wortemachens. Die
1208 4068 2102 4126 Regie Franz Herterichs arbeitete geschickt
1229 4114 2023 4160 die Atmosphäre der Vorkriegszeit heraus.
1730 4159 2052 4224 Robert Michel.
2219 1545 3091 1659 CASINOS IN ÖSTERREICH
2328 1622 3004 1699 BadenSalzburg Semmering
2232 1668 3092 1746 Roulette — Baccara — Chemin de fer
2229 1727 3093 1811 Österreichische Casino A. G.
2233 1773 3101 1858 Wien III, Schwarzenbergplatz 5a
2254 1905 2735 1998 „ORSERVER“
2478 1955 3105 2026 I. österr. behördlich konzessioniertes
2479 1998 3101 2064 Unternehmen für Zeitungs-Ausschnitte
2484 2032 3099 2106 Wien I, Wollzeile 11, Telephon R-23-0-43
2648 2110 3061 2216 Teikersituns. Wist
2240 2235 2612 2307 Ausschnitt ars:
2606 2336 2893 2441 12 0K1.
2276 2457 2413 2518 vom:
2300 2564 3163 2629 Akademietheater. Unter lebhafter Anteil¬
2261 2626 3166 2674 nahme des Publikums ging gestern Artur
2277 2658 3171 2702 Schnitzlers „Komödie der Worte“, neu¬
2272 2700 3170 2755 einstüdiert, in Szene. Der glänzende Dialog
2260 2739 3162 2809 ließ manche antiquierte Stellen, die sich da
2266 2792 3165 2856 und dort doch fühlbar machten, völlig ver¬
2270 2830 3166 2882 gessen. In den Hauptrollen boten Ewald
2264 2884 3155 2928 Balser, Auguste Pünkösdy, Maria
2262 2919 3160 2987 Mayen, Hilde Wagener und Ulrich
2267 2967 3168 3026 Bettac hervorragende Leistungen. Franz
2263 3009 3161 3070 Herterichs Regie zauberte, unterstützt von
2267 3053 3158 3097 Willy Bahner, eine Reihe interessanter
2270 3099 3150 3151 Bilder auf die Szene. Wir besprechen Stück
2272 3141 2913 3199 und Aufführung noch eingehend.
2983 3143 3121 3195 I. r.
