3344 4384
1218 257 1322 333 0
247 263 2570 364 26.1. Konoedie der Irte Zuklus box 32/5
2504 855 2825 971 11.406 1917
2215 952 2872 1078 Egerer Zeitung
2005 1082 2998 1164 Stadttheater. „Komödie der Worte“ von
1910 1128 2045 1203 Thur
2096 1137 2993 1218 Schnitzler hat uns das
1942 1202 3001 1251 yyer Gesellschaftsstück geschenkt. Daß Sittenrein¬
1935 1243 3006 1315 Feheliche Treue, Aufopferung und wie alle diese
1851 1292 2993 1374 schönen Tugenden heißen in ihm keinen Platz haben,
1858 1345 3000 1405 ist nicht Schnitzlers Schuld. So ist eben einmal
1842 1390 2998 1458 die Wiener Gesellschoft. Der Ehebruch ist dort eben¬
1844 1442 2989 1521 so zuhause, wie im Westen Berlins oder in Paris.
1277 1442 1584 1553 TEURT 1917
1836 1497 2995 1555 Dennoch vermeidet Schnitzler jede Laszivität. Mit
667 1489 1321 1597 drazer Tagblatt #147
1842 1541 2998 1588 zesem fittlichen Einst nähert er sich den psychologi¬
1839 1580 2995 1655 schen Problemen, die jede Ehe in ihrem Schoße ge¬
832 1568 1188 1671 Abendblatt.
1839 1631 2997 1715 biert, weil diese Institution im Interesse des Staates,
488 1662 916 1744 en schlte er rich
1836 1689 2978 1754 der Familie und vielleicht nicht zuletzt der Bequem¬
457 1707 1438 1788 Schauspielhaus.) Die zweite Probe, die R.
1842 1718 2995 1793 lichkeit sich gegen die menschliche Natur versündigt.
400 1745 1484 1845 Grädnitzer gestern in den drei unter dem Titel
1834 1783 2993 1849 In des „Stunde des Erkennens“ schildert uns
389 1807 1470 1875 [[Komödie der Worte“ vereinigten Schnitz¬
1836 1831 2990 1904 Schnitzlei eine wurmstichige Ehe, die längst reif
402 1874 1486 1943 erschen Ein###begte, ist im allgemeinennh
1844 1871 2986 1944 war, zu zerfallen, die aber des Kindes halber 10
397 1917 1479 1989 fungünstig ausgefallen. Der echte, elegante, lebens- b
1840 1930 2987 1985 Jahre voll innerlicher Verlogenheit fortgefrettet
413 1963 1492 2033 sprühende, die Bühne mit dem Augenblick seines 2#
1839 1976 2983 2034 wurde, damit schließlich der Mann den Triumph
383 2022 1490 2082 Auftretens beherrschende Bonvivant vom Schlage e.
1842 2032 3001 2092 habe, seiner ehebrecherischen Gattin die Schmach an¬
391 2078 1487 2138 Harry Waldens und auch unseres unvergessenen F
1834 2082 2973 2144 zutun und ihr zuzurufen, daß sie 10 Jahre hin¬
394 2118 1484 2186 Viktor Lauter ist er nicht, und wenn man ihn für d
1834 2118 2996 2176 durch, nur seine Dirne gewesen ist. Dieser Mann
404 2178 1493 2235 dieses Fach in Frage ziehen wollte, müßte man X
1840 2166 2982 2237 ist ein psychologisches Meisterstück Schnitzlers und
398 2219 1470 2294 vor allem auch noch Aufklärung darüber erhalten, si
1839 2209 2990 2283 Hany Walden vom Buigtheater konnte hier sein!
1832 2269 2993 2345 Bestes zeigen. Wir alle find Charakteren wie dem
401 2271 1480 2340 wie er sich in von Humor getragenen Rollen be¬ Ii
1836 2318 2984 2385 des verbitterten Dr. Eckold schon begegnet. Daß
401 2318 1485 2383 währt; fast will es scheinen, als ob seine von einigen C
1833 2366 2998 2432 wir diese Empfindung hatten, war das Verdienst
400 2354 1438 2436 noch anhaftenden Schlacken leicht zu reinigende,
1834 2418 2984 2472 des Gastes. Ei##eicher ist die Rolle des Schau¬
406 2417 1439 2483 entschieden nicht unbedeutende Begabung ihrer
1837 2458 2982 2534 spielers Herbot, eines Menschen, der trotz all seiner
395 2471 1434 2536 ganzen Wesenheit nach mohr auf Aufgaben schwere¬
1834 2513 2984 2584 Erfolge nicht nur auf der Bühne, sondern auch bei den
388 2504 1438 2584 ren Stils hinweisen würde. Eines steht jedenfalls
1835 2571 2985 2643 Frauen ein großes Kind geblieben ist, des sich an seiner
395 2555 1445 2643 fest: ein vollgiltiger Ersatz für Max Brückner
1839 2615 2983 2686 eigenen Fähigkeit, geschickt zu lügen, berauscht, damit
394 2611 1432 2681 könnte er uns als Schauspieler nicht sein und als
1826 2662 2982 2736 prahlt und gar nicht bemerkt, daß ihn darob sein
404 2667 1440 2741 Spielleiter käme er bei seiner Jugend wohl über¬
1834 2703 2987 2779 Weib achtet der seine Frau liebt, sie dabei ruhig
394 2712 1447 2793 haupt nicht in Betracht. Es wäre deshalb unbe¬
1837 2755 2996 2841 betrügt, ohne sich seiner Tat auch nur recht bewußt
395 2768 1437 2835 dingt im Interesse unserer Bühne gelegen, mit
1830 2807 2991 2894 zu werden. In dieser Rolle entfesselte Heu Walden
398 2816 1437 2889 Brückner ein neues Abkommen zu treffen, dessen
1818 2849 2977 2934 nicht endenwollende Beifallsstürme. Versöhnend
400 2864 1441 2928 Abschluß ja gewiß auf keine unüberbrückbaren
1825 2912 2986 2962 endet das „Bachusfest“. Auch hier drohte eine Ehe
404 2915 1439 2977 Schwierigkeiten stoßen wird, und den Gast mit dem
1819 2942 2983 3029 bereits zu kentein, aber in der tiefen Frömmigkeit
406 2960 1445 3035 Bewußtsein ziehen zu lassen, daß er hier einen
1823 3003 2862 3075 des Verzeihens und Verstehens finden sich
405 3009 1432 3086 keineswegs ungünstigen Eindruck hervorgerufen
1828 3052 2992 3141 Gatten wieder. Schnitzler hatte es gewagt, drei
393 3084 1426 3128 hat und daß es vorwiegend nur an der gegenwärti¬
1830 3095 2975 3172 Einakter ohne jede Handlung auf die Bühne zu
400 3118 1432 3181 gen Zusammensetzung unserer Schauspielkräfte
1829 3147 2974 3215 stellen. Dasür hat jedes Wort Gewicht. Das
400 3162 1442 3229 liegt, wenn man ihn nicht gut für einen anderen
1818 3193 2977 3269 Wagnis ist ihm gelungen und daß der Dichter auch
404 3227 1431 3280 Platz in Vorschlag bringen kann. Die übrige Auf¬
1827 3250 2972 3307 gestern in Franzenzensbad mit seinen drei Ein¬
408 3263 1438 3337 führung verlief unter Julius Grevenbergs.
1819 3279 2981 3365 aktern einen durchschlagenden Erfolg erzielte, ist vor
399 3306 1434 3376 Spielleitung tadellos, einschließlich der Bravour¬
1819 3338 2969 3404 allem dem Gafte, aber in zweiter Linie seiner Haupt¬
404 3345 1448 3429 leistung Lori Lauter=Weisers, die am Tage
1820 3395 2976 3469 partnerin Frl. Deeren zu danken. Diese Künstlerin,
399 3410 1437 3477 der Aufführung um 11 Uhr vormittags die ihr
1815 3445 2971 3518 die wir trotz aller Kritik bewundern und schätzen,
410 3444 1440 3525 gänzlich fremde Rolle der Frau Agnes Staufner
1825 3495 2970 3556 ist wie geschaffen für das feine Konversations= und
407 3513 1439 3581 an Stelle der plötzlich erkrankten Frau Imle über¬
1823 3544 2973 3612 Salonftöck. Die scharfe Damaszenerklinge des Wortes
798 3564 1406 3634 E. R. v. Dombrowski.
398 3565 737 3633 nommen hatte.
2866 3588 2956 3626 44
1807 3568 2874 3672 verfieht sie geistvoll zu handhaben. W##
1806 3654 2974 3711 weniges um Leidenschaft und mehr um Psychologie
658 3652 1193 3748 Ribalang II
1813 3705 2969 3760 handelt, da ist sie am Platze. Von den übrigen
1814 3754 2981 3831 Darstellern seien die Herre: Raul, Rolden,
1818 3810 2821 3884 Hübner und Frl. Arendt lobend erwähnt.
2757 3814 2912 3934 412
