3344 4320
975 247 1231 313 —
1434 239 1570 321 —
1970 269 2144 325 —
641 302 3017 373 uns scheinbar heute so fei liegenden neuplatonischen Entrüstung nicht recht glauben. Tiedtke als Theater¬
654 349 1836 423 Spekulationen über die Kraft und das Wesen des Logos,
1834 366 3025 445 direktor wurde seiner liebenswürdigen Rolle vollauf
647 368 1831 468 dessen schönster Niederschlag für uns in den Anfangs¬
1840 414 3027 500 gerecht, während der Gley des Herrn Gerasch, gewiß
654 439 1832 509 worten des Evangeliums Johannis und in Goethes
1833 466 2951 536 vom Dichter ungewollt, bis zur Simplizität herabsank.
672 493 1831 565 „Faust“ sich widerspiegelt. Am schärfsten und origi¬
1931 506 3022 567 Und nun das „Bacchusfest". Felix Staufner, der
662 541 1831 609 nellsten dokumentiert sich diese Rolle des Wortes in der
1834 554 3019 632 berühmte Schriftsteller, ist zur Vollendung einiger an¬
667 594 1825 663 „Stunde des Erkennens". Dr. Eckold und Klara, seine
1838 605 3019 674 gefangener Arbeiten ins Stubaital gefahren, läßt seine
653 628 1834 700 Frau, sind zum ersten Male seit der Hochzeit ihrer Toch¬
1829 651 3017 727 Frau in der Villa am See zurück. Während der sechs
650 673 1823 753 ter Bettine beim Mittagstisch allein beisammen. Ein
1834 700 3025 781 Wochen seiner Abwesenheit glaubt Frau Agnes sich in den
660 725 1829 802 neuer Lebensabschnitt setzt ein. Das Gefühl dieser Zu¬
1838 749 3026 822 jungen Doktor Guido Wernig verliebt zu haben. Beide
649 770 1839 847 kunft schwebt von Anfang an über der Szene. „Wie wird
1830 801 3014 871 erwarten Staufner am Salzburger Bahnhof, um ihm das
659 820 1829 903 die Zukunft werden?“ Eckolds Studiengenosse erscheint,
1833 845 3023 915 Gestandnis ihrer Liebe vorzulegen, ihn zu bitten, Frau
667 868 1831 952 Professor Ormin, um Abschied zu nehmen, da er am
1837 888 3024 955 Agnes freizugeben. Felir kommt, übersieht die Situation
656 913 1826 998 Abend desselben Tages sich mit einer Roten=Kreuz=Expedi¬
1832 945 3023 1024 mit raschem Blick, und mit der Sicherheit der überlegenen
645 975 1830 1044 tion nach Ostasien einfchifft. In der nun folgenden
1840 989 3009 1046 Persönlichkeit zwingt er sofort Frau Agnes wieder in
646 1020 1830 1079 Szene zwischen Frau Klara und Ormin — Eckold hat in¬
1839 1033 3012 1110 seinen Bann. Das unschuldige Abenteuer, dessen Er¬
643 1052 1830 1135 zwischen seine Ordination ausgenommen — wird die
1826 1092 3007 1144 kennen als solches für Agnes ganz köstlich andeutend dar¬
643 1121 1831 1177 ganze äußerlich ereignislose und innerlich ereignisreiche
1829 1137 3011 1211 gestellt wird, versinkt, und der arme hilflose Dr. Wernig,
646 1157 1827 1219 Vergangenheit beider klar, Ormins Liebe, sein vergeb¬
1824 1188 3020 1264 der Sohn seines reichen Papas und „Zweiter in der
647 1203 1834 1275 liches Werben, das Frau Klara trotz der innerlichen Ent¬
1820 1233 3008 1306 Segelregatta“, wird für den Schluß seiner Ferien nach
648 1262 1826 1325 fremdung, die zwischen ihr und ihrem Gatten vor zehn
1832 1275 3007 1337 Paris geschickt. Hier ebenso wie in der „Stunde des Er¬
645 1308 1828 1373 Jahren eingetreten, zurückwies, weil, wie sie sagt, sie
1826 1324 3013 1391 kennens“, ist mir Artur Schnitzler, der große Schilderer
655 1349 1831 1423 fürchtete, er würde ihr Schicksal werden. Darum konnte
1825 1372 3003 1428 der Frauenseele, vor allem der Meister im Erfassen und
654 1403 1824 1482 sie Ormin nicht gewähren, was sie jenem andern gab, dem
1824 1415 3012 1492 Darstellen der männlichen Psyche. Wenn der Stoff ein¬
658 1454 1831 1530 gemeinsamen Freunde der beiden Männer, Flöding, der als
1822 1477 3006 1543 mal gegeben ist, lag die Gefahr nur allzu nahe, aus
650 1488 1822 1581 Einsamer in ihr sein erstes und einziges Lebensglück ge¬
1831 1521 3018 1587 Felix Staufner eine Art Uebermenschen zu machen, den
653 1538 1831 1630 sehen hat. „Ich wußte, er wird nicht mein Schicksal.“ Die
1819 1567 3015 1641 souveränen Menschenkenner und Seelenbezwinger, der,
639 1605 1833 1677 Ordination ist beendet, Eckold erscheint noch zurecht, um
1814 1616 3016 1685 wie das Schicksal, unberührt von den Dingen um ihn
638 1633 1823 1721 (von Ormin Abschied zu nehmen, und da die Eheleute nun
1828 1663 3013 1731 herum arbeitet. Das aber ist Felix Staufner nicht. Er ge¬
640 1684 1816 1775 allein sind, die Einsamkeit auf beiden lastet, schlägt
1817 1709 3015 1753 winnt sich seine Frau Agnes nicht so sehr im Kampfe
646 1737 1816 1823 Eckold seiner Frau — die Uebersiedlung nach Berlin zur
1816 1762 3015 1830 gegen Guidd Wernig oder die kaum sich sträubende Agnes
648 1785 1821 1869 Tochter vor. In gleich kunst= wie machtvoller Weise und
1820 1808 3016 1883 selbst, sondern im Kampfe mit dem eigenen Ich. Was er
652 1832 1816 1914 Steigerung zeigt die Szene die Hinrichtung einer Frauen¬
1810 1855 3006 1902 bringt und tut, ist sich selbst abgerungen. Und dieser Ten¬
644 1877 1806 1962 seele. Eckold, der seit zehn Jahren von der Schuld seiner
1817 1896 3007 1968 denz wurde Harry Walden vollkommen gerecht. Gerade
649 1929 1813 2006 Frau gewußt, der den Moment abgewartet, da die Toch¬
1814 1951 3007 2008 das innere Widerspiel der Gefühle kam köstlich zum Aus¬
649 1976 1812 2061 ter verheiratet ist, und der nun das aufgehäufte Rache¬
1821 2001 3005 2066 druck, wenn man vielleicht auch gerade in dieser Gestalt
648 2026 1818 2107 gelüst eines Dezenniums entlädt. Es ist das kaltvernich¬
1807 2040 3012 2093 ein bißchen mehr Betonung des Zuges ins Große ge¬
637 2069 1803 2155 tende Werk des Hoffnungslosen, dessen Lebensträume
1824 2089 3012 2162 wünscht hätte, schon um Frau Agnes willen, die dadurch
636 2119 1816 2208 zerflattert sind, das da vollführt wird. Jenen Trost vom
1812 2144 3000 2208 in ihrem Wechsel und Wandel faßbarer geworden wäre.
640 2173 1807 2250 Sichwiederfinden nach der großen Entfremdung von vor
1819 2192 3006 2269 Fräulein Wohlgemuth bringt für das Doppelwesen
641 2217 1812 2304 zehn Jahren, an den die Frau die ganze Zeit als Stab
1816 2238 3006 2305 des verzogenen, unverständigen Kindes, das sie Guido
640 2265 1825 2350 und Stütze der Aufrichtung sich geklammert, zerbricht er
1806 2281 3002 2345 Wernig gegenüber ist, und der verständnisvollen Genossin
647 2315 3000 2396 mit höhnischem Lachen. Hat ihm nicht jener Glückspilz mit des großen Künstlers, jals Frau Staufners, alle Quali:
641 2362 2997 2455 der wohleingerichteten Seele der ihn in allem überflügelt, täten mit. Der zweite Teil, der im wesentlichen stumm
630 2408 2999 2498 hat ihm nicht Ormin auch die Frau genommen? Ja andeutend geführt ist, war insbesondere von packender
634 2464 2987 2548 wenn es ein anderer gewesen, dann hatte er vielleicht ver¬ Lebendigkeit. Herr Romberg wußte die Gestalt Wer¬
645 2508 1809 2592 zeihen können! Und da dies Geständnis ihm entschlüpft,
1800 2520 3002 2614 nigs sehr fein von der gefährlichen Klippe der Karikatur
646 2555 1801 2640 ist der Mund der Frau für die Wahrheit versiegelt. Ja;
1805 2577 2890 2644 fernzuhalten und zeichnete eine lebensvolle Gestalt.
640 2603 1819 2667 sie war glücklich, unendlich glücklich mit jenem in der
1896 2619 3001 2699 Ich sagte früher, Schnitzlers Stücke seien ein Ausflug
633 2650 1805 2725 kurzen Zeit des Rausches, auch von ihren Augen fallen
1814 2669 2995 2725 in die Zeit, doch wage ich nicht zu entscheiden ob bloß in
624 2701 1805 2772 die Schleier. Es schwindet jene Selbsttäuschung, die bei
1806 2721 2996 2791 die Vergangenhit oder auch in die Zukunft. Gestalten wie
622 2754 1815 2833 ihr ein Kompromiß innerer Seelenkämpfe gewesen —
1814 2767 2995 2842 Dr. Eckold und Felix Staufner scheinen mir in ihrem
622 2809 1807 2870 und zum ersten Male leuchtet ganz leise in Eckolds ein¬
1811 2809 2998 2893 starken, kraftvollen Ichbewußtsein eher für das letztere zu
623 2851 1802 2934 heitlich gefügter Gestalt etwas wie eine Zukunftsmöglich¬
1800 2869 2990 2943 sprechen. Vielleicht Wegweiser für die Zukunft! Sei dem
623 2886 1802 2980 keit auf. Nur zögernd spricht er seinen Abschiedsgruß.
1796 2922 2989 2990 wie immer, Artur Schnitzler hat mit seiner „Komödie
630 2940 1800 3019 Doch für Frau Klara, für die vielleicht jetzt erst die tote
1799 2957 2994 3016 der Worte“ gezeigt, daß man selbst im dröhnenden Welten¬
129 2981 304 3067 apest
615 2999 1791 3076 Vergangenheit zur lebendigen Gegenwart geworden, gibt
1805 3012 2995 3086 geschehen, mitten in der Ueberfülle des gegenwärtigen
626 3029 1790 3140 des keine Zukunft mehr. „Es soll mit dem Abendessen nicht
1803 3063 2995 3129 Werdens es wagen kann, Kunst, die nicht direkt mit dem
635 3087 1033 3158 gewartet werden.“
1804 3114 2979 3179 Kriege zusammenhängt, zu bringen, daß ihre Stimme
1807 3154 2991 3243 gehört wird, wenn sie eben, wie es bei Schnitzler der Fall,
716 3136 1801 3233 Es ist das Drama zweier Menschen, das Schnitzler
1801 3206 2178 3275 wahre Kunst ist.
621 3196 1799 3286 vor ###s hinstellt. Zwei Kreise, die sich schneiden und
121 3192 598 3314 Fte, sonnige Lage, besonders.
1890 3228 2975 3321 Die heutige Premiere der „Komödie der Worte“
133 3264 551 3321 ftige. Arzt im Hause.
613 3249 1798 3340 beide selbständige Gebilde sind. Wer da will, möge dar¬
1793 3297 2982 3379 war ein voller Erfolg für den Autor wie für die Dar¬
627 3300 1798 3386 aus einen Vorwurf schmieden, daß Klara und Eckold in
1807 3346 2980 3418 steller. Die wuchtende Schwere der „Stunde des Er¬
622 3352 1792 3435 der Handlung voll gleichberechtigt nebeneinander stehen.
123 3360 587 3470 5 Literatur.
1793 3391 2977 3451 kennens“ hielt von der ersten Minute an das Publikum
622 3399 1792 3481 Im Leben ist es eben wirklich so, und ich würde kaum zu
1799 3445 2986 3522 im Banne, während die logische Konsequenz und dabei die
622 3451 1797 3526 entscheiden wagen, ob nicht die Gestalt des praktischen
118 3469 348 3566 Worte.
1794 3488 2978 3543 souveräne Führung des „Bacchusfestes“ volles und war¬
627 3496 1797 3582 Arztes, Ordination von 3—4, auf gar manchen der
1791 3539 2987 3597 mes Verständnis fand. Demgegenüber wirkte die köstliche
128 3541 420 3605 Schnitzler. —
615 3536 1797 3617 Leser und Hörer eine noch mächtigere Wirkung ausübt,
1786 3585 2964 3654 Frische und feine Pointierung der „Großen Szene“
123 3579 634 3680 regehreee
608 3585 2985 3716 als die der Frau mit der suchenden, irrenden und erst doppelt intensin und reiche Beifallsstürme riefen Artur
186 3648 587 3718 Wien, 12. Oktober.
614 3635 2979 3738 zum Schlusse sich findenden Seele. In der Darstellung Schnitzler nach Schluß ungezählte Male vor den Vor¬
114 3690 605 3775 de zogen am Himmels¬
605 3694 1798 3759 wurde Harry Walden der schweren Aufgabe,
615 3740 1954 3812 Dr. Eckold menschlich begreiflich und nicht unsympathisch Ang.
125 3740 611 3816 he die Menschheit ahnte,
2458 3777 2960 3871 Dr. Artur Mahler.
621 3790 1806 3871 zu gestalten, mit hohem Können gerecht. Was er zur?
131 3802 601 3867 großen Gesetzen ihres
618 3836 1793 3910 Darstellung bringt, ist die äußere Ruhe, erworben durch
129 3843 612 3916 Ind wie lange glaubte
2198 3774 2630 3954 u ane
614 3875 1790 3966 einen schweren Lebenskampf. Die Gestalt ist eiy¬
124 3896 598 3956 im Tale Askaron fest¬
606 3929 800 4003 heitlich,
125 3940 611 4009 hnen mußten verfließen,
822 3934 1804 4019 festgefügt; und die feine Nuance yes
617 3974 832 4045 Dichters,
125 3986 605 4056 ierte, daß gleichwie im
838 3990 1803 4059 den früheren Menschen leise, förmlich
613 4022 830 4093 von fern,
128 4035 605 4107 leinwelt des Menschen
836 4037 1794 4110 anzudeuten, wußte Walden ebenso diskret
126 4081 206 4138 n
190 4087 603 4149 eigenen, zwar ge¬
608 4072 1797 4174 wie klar herauszuarbeiten. Frau Bleibtreusals
127 4125 1698 4211 hten und pur gechuten Narn entwislelte ##ne Fulle pshcherogischer Kunsz,
