3344 4384
2089 170 2545 279 box 32/1
210 177 1944 298 26.1. Kongedie der Worte— Zyklus
604 1476 3030 1611 Tüftelei über die anrüchige Moral des Milieus, in dem Treffen geführt. Wie sollte man da nicht klatschen und
115 1503 600 1610 Worte. #4
598 1541 1813 1617 der Dichter seit Beginn seines Lebens lebt. Die gewisse
1797 1557 2296 1643 den Dichter rufen ...
609 1590 1824 1682 Korona, die schon den Vater verehrte, die Begeisterung
1899 1616 3024 1688 Dann kommt das Schrecklichste: „Das Bacchus¬
89 1455 591 1685 B=h
617 1639 1803 1723 auf den Sohn übertrug und weiterpflegte. Diese Moral
1804 1648 3016 1736 fest.“ Da verließen die alten, nein, die jungen Leute
95 1667 1801 1762 me genschrift grün= hat viel Unheil angestiftet, unsere Mädchen frühreif
1796 1708 3021 1793 vormals die Häuser und lebten eine Nacht miteinander.
103 1742 1805 1831 ade daß es nicht dazu und mondain gemacht und die Moral zur lächerlichen
1794 1764 3009 1838 Und dann konnten sie wieder unbehelligt heimkehren,
97 1780 871 1864 enden Art hätte Bahr Untugend.
1783 1791 3012 1870 wenn sie aber ein zweitesmal beisammen blieben,
100 1826 635 1904 er Kritik gegeben. Wie
721 1819 3007 1928 Auch in den neuesten Stücken Schnitzlers ist wieder konnten sie nicht mehr heimkehren. Ein Schriftsteller
108 1886 3010 1966 kd die Fremdlinge ein= diese Moral da. In der „Stunde des Erkennens“ steckt schreilt das Stuck, und währenddem verläßt seine junge
110 1928 613 2002 sam das Lob für jene
617 1932 3017 2028 sie in der Frau, welcher der Mann in der Stunde des! Frau mit einem Anbeter das Haus. Er stellt sie auf dem
101 1987 614 2067 n kritisch justifizieren.
602 1982 3006 2086 Abschiedes ihres vermeintlichen Liebhabers den Laufpaß Bahnhof. Der junge Seladon zieht den Kürzeren, die
117 2050 2535 2100 diesmal in sichtlicher gibt und die fortgeht, weil sie eigentlich mit einem ganzl Frau kehrt in das Heim zurück
2617 2064 3015 2133 Also wieder die
606 2086 2996 2175 andern sich vergangen hat. Die Motive ihres Handelns schlüpfrige Moral des „Wiener besseren Bürgerstandes“,
107 2092 616 2174 ja diesem Liebling der
592 2117 2656 2225 bleiben ebenso unklar, wie das Ziel ihres Gehens, die dessen Maler Schnitzler=Anatol ist
2634 2164 3010 2233 Eigentlich aber
108 2147 1804 2261 hdererseits ist es schwer, Moral des Mannes, der jetzt die Strafe verhängt, nach¬
109 2201 614 2267 u schwärmen. Es ist
1796 2189 3004 2283 ist es nur die Moral seines Anhanges, und der gehört
593 2240 2997 2325 dem er zehn Jahre lang geschwiegen und weiterge—liebt, eigentlich nicht zu den „Wiener besseren Ständen ..“
106 2249 3000 2362 an sich zu einem Stück bleibt ebenso unklar wie ihr Gehen. Worte sollen die Auch das ist alles nur Dialog, weder sind Motive ge¬
134 2300 3010 2408 Man hört's förmlich gramatische Handlung ersetzen. Das liegt alles lang geben, noch Konflikte gezeichnet. Es ist die Salon¬
116 2338 618 2414 est man's, daß sie ihm
595 2381 2931 2469 hinter den auftretenden Personen und sie erzählen sich's plauderei eines vom Leben verwöhnten Künstlers —
103 2392 616 2472 n. Aber der Salon und
599 2422 1499 2498 nur ... Das heißt, sich's leicht machen.
111 2440 563 2517 samen Bekannten ..
1790 2448 2901 2526 Pariser B#evard=Moral, nach Wien verpflanzt.
713 2481 3007 2577 In der „Großen Szene“ arbeitet Schnitzler mit Den wirk ichen Wienern — freilich, wo sind die heute
112 2503 1803 2588 se Komödie der Worte dem ältesten Theaterrequisit. Ein Künstler, den sein Ich
1794 2549 2998 2603 — ist diese Moral fremd, die gewisse Wiener Dichter
128 2564 2998 2675 Weder ein dichterischer berauscht, verführt die Braut seines Freundes und spielt schule, die mit Bahr anfing, hat sie verwienert, indem
129 2604 1799 2707 Handlung. Als hätte diesem die große Szene vor, welche die Lüge als Wahr¬
1797 2645 3004 2725 sie die Mundart annahm ... Und wenn die Wiener
100 2657 2992 2783 eis erbringe wollen, heit aufstellt. Seine Frau hört zu und wendet sich ##e sich nun dagegen auflehnen, daß man sie also schildert
110 2711 2812 2819 tschreiht Dialoge, glatt= geekelt von dem Lügner. Sie geht aber mit ihm, da er dann heißt's: das sind nur die Antisemiten
111 2747 1710 2857 hhe. Seine besten waren ihr als Hamlet kommt und auch sie wieder anlügt.
1898 2779 2998 2880 Einen Augenblick dachte ich, der blutige Krieg habe
100 2807 2996 2923 Ben Mädel und seinen Eine Direkiorenfigur, halb Laube, halb Striese, ein diese Miasmen verweht. Wer aber das volle Burg
117 2861 2988 2965 r „berühmt“ trug eine Backfischlein als verderbte Kunstbegeisterte Witze über theater sah, wie es seinen Dichter herausrief und ven
105 2908 1807 2990 hig. Seither haben wir Burgtheater, Dichter, Kritik . .. Wo haben wir das
1784 2940 3003 3009 zückt anklatschte, wer die Kritiken las, von der füßsauren
110 2954 2990 3050 rlebt. Hat man die alles nur schon gesehen und gehört . . .? Freilich, Wal- des alten Hugo Wittmann, bis zur schmalzig=verzückter
119 3012 2999 3098 Anatol=Gesmäche amsden spielt das bravourös, mit fortreißendem Schwung, der Frau Hofrat Zuckerkandl, der mußte sich verzweifel
102 3047 3001 3115 er nur tiegrübelnde die Medelsky, Geralch und Tiedke werden insl sagen, daß hierin der Krieg nichts verändert hat. Heut
