3344 4384
264 285 2084 382 26.1. Konoedie der Norte zyklus
1104 903 1482 997 sschnitt aus:
1407 935 2178 1032 neus Züricher Zeitung
1117 1029 1216 1084 n:
1354 1028 1631 1097 180H7.1375
1233 1111 2200 1197 Artlhur Sciles
1172 1146 2148 1227 Frankfurt a. M. wird uns geschrieben: u. Am
1185 1192 2159 1267 gleichen Abend, 12. Okt., wie in Wien und Darmstadt
1185 1249 2153 1319 brachte das Frankfurter Neue Theater Arthur
1184 1296 2147 1356 Schnitzlers Einakterfolge „Komödie der Worte“
1184 1346 2145 1405 beraus. In jedem der drei Stücke erörtert der öster¬
1180 1379 2151 1444 reichische Dichter jene Fragen, die er schon mehr als
1184 1426 2156 1485 einmal aufgegriffen, mit denen er sich schon so oft
1184 1467 2158 1528 und ausgiebig auseinandergesetzt hat: die Bedeutung
1182 1524 2152 1575 der Frau in der Ehe, Wert und Sinn, Klippen und
1179 1551 2149 1621 Abenteuer des Zusammenlebens — des wirklichen
1174 1601 2144 1667 und des scheinbaren, vermeintlichen — von Mann
1190 1641 2156 1698 und Frau. Neues bringt Schnitzler zu seinen Lieb¬
1181 1688 2151 1742 lingsthemen diesmal kaum. Er begnügt sich damit,
1182 1734 2149 1785 bereits Gesagtes ein wenig zu ergänzen, mit andern
1177 1785 2152 1829 Worten zu wiederholen. Der Dialog scheint indessen
1193 1819 2152 1876 stellenweise matter, professoraler als in früheren Ar¬
1190 1857 2155 1926 beiten. Der erste Einakter „Stunden des Er¬
1187 1906 2148 1959 kennens“ erinnert inhaltlich und in der Linien¬
1197 1948 2147 2003 führung leicht an die „Gefährtin". Doch reicht er an
1183 1991 2155 2050 diese Dichtung nicht heran. Das zweite Stück gibt
1196 2043 2162 2091 eine „Große Szene“ aus einer Schauspielerehe.
1196 2074 2145 2136 Einzelne Auftritte sind in ihm treffsicher, das Ende
1189 2119 2160 2188 aber nicht ganz frei von schwankhaften Zügen. „Das
1558 2167 2157 2224 der dritte Einakter — ist am
1193 2172 1565 2224 Bacchusfest“ —
1196 2206 2157 2266 schwächsten geraten. Eine an sich brauchbare Komö¬
1193 2237 2159 2326 dienidee ist nicht recht zur Entwicklung gebracht. Die
1174 2374 2153 2453 Aufführung der drei Stücke unter Direktor Hellmers
1179 2433 1737 2497 Regie verdiente Anerkennung.
1428 2822 1964 2887 (Quellenangabe ohne Gewähr.)
1144 2839 2286 2991 lusschnitt ausmenen ##ess Augüieit, Wien
1362 2983 1671 3074 200K7. 1975
1161 3036 1325 3092 vom:
1185 3067 1826 3172 Wenen enen enlen
1304 3137 2260 3227 ## Artur Schnitzlers-Einalterfolge „Komödie
1221 3191 2254 3271 dey Worte“ wurde am 12, d. auch im Neuen
1212 3234 2263 3316 Theater in Frankfurt am Main aufgeführt.
1225 3302 2285 3361 Difektor Hellmer, der die Stücke inszeniert hatte,
1224 3322 2275 3407 ersthien nach dem zweiten Akt, um für den Beifall zu
1215 3377 2282 3460 danken und anzetndlgen, daß er den Dichter tehe¬
1235 3422 2107 3516 gtaphisch zum Erfolg beglückwünschen werde.
2118 275 2588 369 box 32/2
