3392 4352
1208 280 1293 350 N
244 283 2072 371 26.1. Konoedie der orte Zyklus
489 1023 1406 1159 LAiINOs IN OSTERREIeH
1045 1130 1327 1218 Sammering
536 1110 1046 1212 „OBSERVER“
779 1205 1421 1258 I. österr. behördlich konzessioniertes
783 1245 1423 1312 Unternehmen für Zeitungs-Ausschnitte
781 1287 1430 1342 Wien I, Wollzeile 11, Telephon R-23-0-43
531 1413 926 1515 Ausschnitt aus:
647 1509 1366 1627 Deterr. Abendat- Wien
524 1646 673 1727 vom:
781 1620 1300 1738 12 0T. 1605
382 1917 2054 2005 Ronst Aiso Mosi
487 2118 1941 2242 Schnitzler-Abend im Akademietheater
510 2234 2083 2319 Neueinstudierung von Arthur Schnitz=lger leidenschaftlichem Temperament zu erfül¬
469 2293 2079 2368 lers „Komödie der Worte“ Regie Franzlen wußte. Ewald Balser greift mit feste¬
486 2311 1216 2404 Herterich, Bühnenbilder Willi Bahner.
1212 2357 2081 2417 ren Händen zu. Kaum nennbare Schwingun¬
375 2370 1203 2444 Man hat Schnitzlers „Komödie der Worte“
1210 2394 2076 2451 gen der Seele setzt er in Worte, in Gesten,
328 2417 1211 2483 in früheren Jahren anders gespielt, anders
1218 2427 2079 2498 in virtuoses Schauspielertum um. Ob er uns
319 2458 2082 2544 aufgefaßt, als man es am gestrigen Abend dadurch die drei grandios gezeichneten Män¬
322 2513 1209 2574 vom Burgtheaterensemble erleben konnte.
1209 2526 2084 2586 nergestalten — den mißgünstigen Arzt in der
326 2552 1204 2619 Einstmals waren diese drei Einakter beherrscht
1211 2561 2089 2629 „Stunde des Erkennens“, den deklamierenden
328 2600 1207 2649 von der Tragik lastender Ehekonflikte, über¬
1210 2606 2105 2673 und an seiner eigenen Sprache sich berauschen¬
320 2635 1204 2701 schattet von lebenerfüllenden Problemen. See¬
1209 2647 2086 2714 den Schauspieler in „Große Szene“ und den
322 2687 1205 2744 lische Erschütterungen waren in ein Mäntel¬
1218 2689 2082 2758 überlegenen, Herzen durchschauenden Schrift¬
321 2723 1194 2785 chen zarter Ironie gekleidet, ungeweinte Trä¬
1204 2733 1746 2797 steller im „Bacchusfest“ —
1736 2731 2092 2807 menschlich näher
321 2779 1203 2831 nen hinter lächelnder Großsprecherei verbor¬
1214 2774 2082 2836 bringt, ist reine Gefühlssache. Menschen, die
321 2812 2083 2897 gen. Bei der gestrigen Aufführung wurde all dem Tempo und der Gefühlsaufgeschlossenheit
317 2857 1198 2914 das in plastischer Realistik herausgearbeitet,
1213 2862 2097 2950 der Gegenwart huldigen, werden von Bal¬
311 2890 1195 2962 unterstrichen und laut betont, so laut, daß
1207 2904 2093 2978 sers hinreißendem Können zweifellos begei¬
316 2942 1204 2992 die aus dem Herzen kommenden Töne, seeli¬
1202 2949 2093 3006 stert sein. Menschen aber, deren Innenleben
319 2979 1206 3046 sche Qual, innere Zerrissenheit, Leidenschaft
1202 3004 2091 3058 in scheuer Keuschheit allzu grelles Licht mei¬
312 3007 1201 3078 und Liebe fast erstickt wurden von der Über¬
1201 3027 2090 3112 det, fühlten sich gestern wohl eiwas rauh an¬
313 3060 1195 3129 fülle der Worte, die Arthur Schnitzler seinen
1197 3078 1360 3150 gepackt.
314 3107 1205 3172 Gestalten zu zarterem Gebrauch zur Verfügung
1236 3109 2086 3197 Die drei Partnerinnen Balsers sind
308 3153 1198 3217 gestellt hat. Man mußte sich erst langsam um¬
1193 3160 2086 3228 Auguste Pünkösdy, Maria Mayen
315 3193 1188 3254 stellen auf diese Art der Auffassung, die den
1202 3211 2088 3281 und Hilde Wagener, die jede auf ihre
305 3219 1196 3298 Psychologen Schnitzler in den Hintergrund
1197 3257 2088 3323 Art die schnitzlerschen Frauengestalten mit
313 3267 1190 3354 stellte, um dem gewiegten Wortemacher Schnitz¬
1204 3296 2081 3371 feinstem Empfinden und ergreifender
310 3317 736 3375 ler Raum zu geben.
1188 3330 2088 3412 Wahrheit zu gestalten vermochten. In
342 3360 1194 3424 Vor zwei Jahrzehnten war es der sensible,
1190 3383 2092 3452 kurzer Szene auffallend durch originelle
375 3415 1191 3467 unendlich feinnervige Künstler Harry
1197 3429 2076 3506 Darstellung und fvische, unverbrauchte Le¬
303 3438 2068 3546 [Walden, der die Hauptrolle der drei Ein= bendigkeit Edeltraut Arnoscht als nied¬
303 3489 2085 3582 akter mit zartestem, aber deshalb nicht weni=liches Mädelchen, das sich zur Schauspielerin
2078 273 2556 367 box 32/8
2082 1769 2988 1862 berufen fühlt — und es auch wirklich ist.
2088 1835 2987 1895 Franz Höbling wirkt als Professor sym¬
2083 1889 2981 1943 pathisch und vornehm, Philipp Zeska als
2084 1938 2984 1986 ein von Eifersucht geplagter Bräntigam
2072 1963 2992 2035 diskret komisch, Ulrich Bettac sehr lustig
2083 2011 2985 2084 als Anbeter der schönen Schriftstellers¬
2078 2053 2987 2123 gattin, die ihm aber im letzten Augenblick
2078 2105 2987 2164 entschlüpft und ihn mit enttäuschtem Gesicht
2083 2147 2987 2198 abziehen läßt, Wilhelm Schmidt ganz
2085 2194 2992 2251 ausgezeichnet und fein nuanciert als Thea¬
2079 2235 2977 2298 terdirektor und Richard Eybner wie
2093 2271 2981 2338 immer recht köstlich als gemütlicher Bahn¬
2095 2317 2356 2374 hofsportier.
2122 2345 2984 2426 Schnitzlers drei Einakter haben dem Pu¬
2085 2399 2981 2478 blikum auch diesmal viel Freude und inter¬
2082 2449 2627 2514 essiertes Mitgehen bereitet.
2506 2490 2941 2562 Elfriede Lumerding.
