3344 4352
195 198 445 307 26. 1
2020 187 2505 303 box 32/1
435 192 2044 326 Kongedie der NorteZykins
1485 1602 3315 1707 in kenmen, Maden ian, dber eist drei schre hiter. Der anse 3t, denum Sin
472 1662 3310 1738 Das Galtspiel Harry Walden. hatte ihn der Franzensring. Vorerst hatte der Künstler spielt in Wien, in der Wohnung
1470 1722 3278 1807 einen Schritt getan, der begreiflicherweise von vielen den das Schicksal durch seine g
438 1741 1429 1792 („Komödie der Worte“, drei Akte von Shchuinler
500 1771 3317 1844 Harry Walden ist Berliner, gehörl äbek heilter mßbittigt wurde, er war zum Variete übergetreten. einem verbitterten Menschen gestem
416 1823 3315 1906 ganz und gar seinen Wienern. Sie lieben und ver= Mit dem Sketch „Sein Herzensjunge“ zog er Ostern auch den vor der Ehe begangene
409 1888 3320 1942 ehren ihren Walden und er hat Wien und seines1911 auch in Wien ein, fand beim Wiener Publikum Frau, hat aber das Geheimnis mit
408 1930 3286 1986 Wiener gein Er selbst hat einmal unter „Meine Ein= eine derartig enthusiastische Aufnahme, daß er nach langen Jahre der Ehe hindurch.
418 1961 3314 2048 drücke von Wien“ erzählt, wie er Wien kennen und kurzem der vielgenannte gefeierte Liebling der Wiener Kind sich in der Ferne ein eigene
413 2041 3313 2099 wie er es lieben lernte. Unter der Direktion Paul war. Immer lauter wurde der Ruf der Presse, Walden ein guter Freund des Hauses, Pre
406 2099 3306 2157 Lindau war er als hoffnungsvoller jugendlicher Held für das Burgtheater zu gewinnen und so erfolgte dem Abgange auf den Kriegssch
409 2126 3308 2192 und Liebhaber am Berliner Theater zu Berlin tätig denn auch 1913 nach einer Turnee und einem Gast= schiedet, bekommen wir einen Einb
410 2175 3299 2235 gewesen, als Lindau, einer Einladung des Budapester spiele im Berliner Theater durch Thimig die Berufung leben dieser drei Menschen. Klara
409 2213 3312 2294 Viesinhas folgend, mit dem ganzen Ensemble nach in die Burg. Heute gilt er dort als einer der vor= geliebt, doch seine Werbung nicht e
418 2278 3303 2337 Budapest fuhr. An einem wunderschönen Maienabend züglichsten Sprecher und ist der Liebling der Wiener zu sehr geliebt, sich aber einem a
2566 2314 3286 2396 der nur einen flüchtigen Genuß
397 2328 2498 2416 kam er in Wien an und lernte „Bei der Nacht“ das geblieben, welche in Verehrung an ihm hängen.
1585 2367 3324 2433 Montag hatten wir das Glück, den gefeierten haßt diesen Ormin, den berühmten
411 2365 1510 2451 gemütlich fidele Wien anscheinend recht gründlich ken¬
401 2417 3315 2485 nen und wie er selbst sagt, hat er bei der Nacht so Künstler auf unseren Brettern zu sehen. Arthur weit überflügelt und in den er den
409 2471 3316 2529 manches erlebt, an das er später gerne zurückdachte. Schnitzlers drei Einakter „Komödie der Worte“ fanden aus tiefster Seele. Kaum hat die
408 2529 3314 2594 Auf der Rückreise von Budapest nach Berlin passierte dadurch eine hervorragend glänzende Aufführung. lassen, gibt Eckhold seiner Frau zu
398 2563 3316 2641 er wieder Wien und die Kaiserstadt präsentierte sich Wir freuten uns, das neue Werk des Wiener Dichters Geheimnis seit Jahren kenne un
401 2633 3315 2687 an dem klaren Frühlingstag in seiner ganzen wunder= mit solcher Besetzung kennen zu lernen, dieses Dichters, das tiefste, da er zu erkennen gibt,
404 2647 3315 2727 reichen Schönheit. Mit seinem Kollegen Siebert machte der seine Werke in seiner Eigenart schafft. Seele und Zusammenleben von diesem Mon
406 2701 3324 2778 er die erste Praterfahrt, die er als wundervoll schil= Liebe, Menschen voll unerfüllter Sehnsucht, voll Kon= niedriger Geschlechtsverkehr war. A
406 2778 3302 2836 dert, ebenso seine Fahrt nach Schönbrunn, sein Gang flikten gehören zum Hauptinwentar Schnitzlers Schaffen. rächt sich, sie läßt ihren Mann
413 2805 3313 2886 nach dem Tivoli, die reizenden Mäderln, die er trifft, Auch in der Kom die der Worte spielt die Liebe oder daß der von ihm gehaßte Ormin d
2669 2861 3309 2918 Der zweite Teil, der weitaus
414 2867 2619 2936 kurzum, er hatte Wien in sein Herz geschlossen. Aberl eigentlich das Liebesleben die Hauptrolle, die Aus¬
401 2890 3326 2977 erst zehn Jahre später kam er wieder, bald nach dem sprache der Ehegatten über die Verirrung in und vor Szene“, ist ein Meisterstückchen Schn
403 2953 3328 3043 Tode des Kainz. Baron Berger suchte nach einem der Ehe, einmal ist es der Mann, zweimal die Frau. aerecht geformtes Bild, erheiternder
2593 2992 3332 3104 Wirkung. Sophie, die Gattin ein
413 3023 2318 3096 Ersatz für Kainz und hatte Walden ersucht, nach Wien Der Inhalt des Stückes ist folgender:
