3392 4320
906 852 1028 907 mein
914 899 1026 947 n in
906 938 1022 987 iserer
917 975 1031 1025 und
917 1006 1042 1072 einen
920 1050 1030 1095 nigs¬
910 1082 1037 1144 eicht,
935 1126 1025 1170 die
916 1160 1020 1209 dlich
923 1193 1018 1248 und
930 1237 1024 1286 den
920 1279 1023 1327 und
925 1314 1024 1370 atte.
938 1356 1029 1406 die
1010 173 2242 254 zu sichern. So sind sie grsonnen, die täglichte Asi
1012 226 2255 310 Tantiemen zu verlangen, um falls dies nicht eingehalten wird,
1016 278 2257 332 mit der Beschlagnahme der täglichen Kasseneingänge vorzugehen,
1010 322 2274 397 eventuell auch Sicherstellungen aus den Privatgütern der Direktoren
1009 379 1309 448 zu verlangen.
1120 436 2258 494 Man sieht, wie weit es mit dem Wiener Theater zu kommen
1014 484 2266 553 droht: Das Publikum ist nicht zahlungskräftig, die Direktoren
1025 538 2269 595 haben alle Mühe, die Gagen zu bezahlen und bringen durch
1013 587 2274 651 ihre zum großen Teil unverschuldete Saumseligkeit das Verlags¬
1024 639 1496 709 wesen in ernste Gefahr.
1115 677 2264 758 Die Lustbarkeitsabgabe aber muß bezahlt werden, un¬
1010 749 2272 828 bekümmert darum, ob das Wiener Theaterwesen darüber zugrunde
1033 802 1348 875 geht oder nicht.
1060 891 2229 965 Gastspiel Commendatore Galeffis an der
1534 956 1748 1028 Oper.
1287 1013 1984 1084 Originalbericht des „Neuen Wiener Journals“.
1129 1055 2267 1135 Commendatore Galeffi, seit drei Jahren der erste
1037 1130 2262 1184 Bariton der Mailänder Scala, wurde für ein mehrabendliches
1031 1182 2275 1228 Gastspiel an die Wiener Oper gewonnen. Direktor Schalk hat den
1031 1220 2276 1284 im Ausland bereits berühmten Sänger anläßlich seines Gastspieles
1031 1276 2280 1335 in Südamerika zum erstenmal gehört und nun die erste Gelegenheit
1037 1330 2281 1385 wahrgenommen, um ihn nach Wien zu bringen. Galeffi geht der
1026 1372 1864 1427 Ruf eines Meisters des bel canto voraus.
1247 1476 2050 1567 Lili Marberg schreibt uns:
1142 1551 2272 1622 „Ich lese in der Zeitung erstaunliche Neuigkeiten über mich,
1017 1588 2263 1682 die mich tief betrüben. Um einen Ausflug aus der Salondamen¬
1027 1669 2279 1719 welt zu machen, hatte ich einen köstlichen Spaß vor — (köstlich
1037 1717 2272 1767 für mich, ob für das Publikum, weiß ich nicht.) Ich wollte in
1042 1755 2282 1814 Paul Wertheimers Komödie „Die Frau Rat“ die alte
1035 1807 2265 1866 Frau Rothschild spielen. Das kann ich nun leider nicht mehr tun,
1031 1856 2261 1912 denn man scheint diesen Spaß nicht verstanden zu haben und
1027 1893 2267 1969 kündigt meine Absicht an: Ich wolle in ein „schmerzliches“
1036 1947 1511 2020 Charakterfach übergehen!
1142 2009 2265 2064 In zehn Jahren werde ich mit viel Vergnügen diese Brücke
1016 2053 2277 2138 betreten, aber heute wären wohl weder das Wiener Publikum
1037 2102 2267 2160 noch ich damit einverstanden. Wie schade — meine liebe
1039 2147 1397 2228 Frau Rothschild!!“
1146 2263 2280 2316 (Raimund=Theater.) Der Gedanke Direktor Beers,
1018 2312 2272 2387 einen Zyklus klassischer Schwänke zu veranstalten, hat sich gleich
1027 2384 2268 2428 an dem ersten Abend als ungemein glücklich erwiesen. Man spielte
954 2400 2264 2465 ser Alexander Bissons „Schlafwagenkontrollor",
1032 2453 2276 2522 und das Stück selbst, wie auch die ausgezeichnete Darstellung ver¬
1027 2507 2271 2561 mochten mühelos einen starken Erfolg auf sich zu laden. Es
1036 2560 2276 2618 wurde in einem echt lustspielmäßigen Tempo gespielt, mit viel
1032 2606 2277 2653 Präzision im Dialog und wieder mit einer Mühelosigkeit, die erst
971 2653 1008 2694 n
1032 2653 2281 2705 den rechten Tonfall heiterer Dialogkunst ausmacht. Brillant Herr
958 2690 1014 2737 In
1037 2705 2270 2755 Lackner in der Rolle des amüsanten Abenteurers, reizend
1031 2754 2278 2798 Fräulein Busch und ungemein gewandt Herr Schlakl als
1031 2799 2280 2844 Schlafwagenkontrollor. Aber auch alle anderen — Fräulein
970 2844 1008 2901 I
1029 2844 2274 2898 Kupfer, Frau Schweighofer und Fräulein Weber
1005 2885 2278 2963 und die Herren Dumont, Neugebauer und Elmann
1024 2944 2270 3007 waren eines Geistes in der Wiedergabe des entzückenden Spiels,
1029 2988 1681 3062 das sich als unverwüstlich erwies.
2092 2998 2225 3057 —ron
1142 3076 2284 3135 (Modernes Theater.) Artur Schnitzlers
1033 3103 2266 3172 „Komödie der Worte“, die wie tot war, wurde zu neuem
1025 3165 2273 3211 Theaterieben erweckt. Dieser Einakterzyklus zeigt die dramatischen
1021 3214 2266 3276 Miniaturen, die große Meisterschaft des Dichters; er reiht sich
1022 3259 2267 3333 seinen wundervollen „Lebendigen Stunden“ würdig an. Mit
1030 3312 2265 3360 welcher Anmut gelangen hier Schnitzler seelische Entschleierungen.
1035 3361 2263 3411 Wie kein Zweiter versteht er es, die Komödie der Worte zu
1033 3407 2268 3456 entlarven. Er führt die vornehmen Lügner vor, die mit ihren
1029 3452 2270 3504 Nerven und ihren Seelen lügen. Arnold Korff, der eben aus
1038 3501 2266 3553 Amerika zurückgekehrt ist, spielt in all diesen seinen Stücken die
1030 3553 2264 3599 Hauptrollen. Er beweist, daß er drüben kein Virtuose mit einem
1034 3596 2256 3654 Wanderkoffer voll gangbarer Nuancen geworden ist. Der alte,
1018 3640 2264 3690 ewig junge Darsteller steht wieder da und mit seinem männlichen
1015 3708 2271 3759 Charme breitet er seine Kunst aus. In der „Stunde des
