<?xml version="1.0" encoding="UTF-8" standalone="yes"?>
<PcGts xmlns="http://schema.primaresearch.org/PAGE/gts/pagecontent/2013-07-15" xmlns:xsi="http://www.w3.org/2001/XMLSchema-instance" xsi:schemaLocation="http://schema.primaresearch.org/PAGE/gts/pagecontent/2013-07-15 http://schema.primaresearch.org/PAGE/gts/pagecontent/2013-07-15/pagecontent.xsd">
    <Metadata>
        <Creator>prov=University of Rostock/Institute of Mathematics/CITlab/Gundram Leifert/gundram.leifert@uni-rostock.de:name=ONB_Newseye_GT_M1+(htr_id=10810)::::v=2.4.2
prov=University of Rostock/Institute of Mathematics/CITlab/Tobias Gruening/tobias.gruening@uni-rostock.de:name=de.uros.citlab.module.baseline2polygon.B2PSeamMultiOriented:v=2.4.2
prov=University of Rostock/Institute of Mathematics/CITlab/Tobias Gruening/tobias.gruening@uni-rostock.de:name=/mnt/transkribus/LA/DEA/URO/LA_news_onb_att.pb:de.uros.citlab.segmentation.CITlab_LA_ML:v=2.4.2
Transkribus</Creator>
        <Created>2019-10-07T11:09:02.354+02:00</Created>
        <LastChange>2019-10-07T19:31:44.384+02:00</LastChange>
        <TranskribusMetadata docId="223960" pageId="9493974" pageNr="39" tsid="16424914" status="IN_PROGRESS" userId="40391" imgUrl="https://files.transkribus.eu/Get?id=OXHKQZWCLLKBWKLHIEJNVBKG&amp;fileType=view" xmlUrl="https://files.transkribus.eu/Get?id=SLADHJJLLFFJVAGSKOLQFXZH" imageId="6184201"/>
    </Metadata>
    <Page imageFilename="223960_0039.jpeg" imageWidth="3296" imageHeight="4352">
        <ReadingOrder>
            <OrderedGroup id="ro_1711443073077" caption="Regions reading order">
                <RegionRefIndexed index="0" regionRef="r1"/>
            </OrderedGroup>
        </ReadingOrder>
        <TextRegion orientation="0.0" id="r1" custom="readingOrder {index:0;}">
            <Coords points="200,214 200,4153 3256,4153 3256,214"/>
            <TextLine id="r1l1" custom="readingOrder {index:0;}">
                <Coords points="2041,269 2111,277 2164,253 2212,264 2248,240 2268,258 2397,280 2509,247 2510,173 2384,193 2353,175 2283,188 2245,174 2157,201 2084,179 2042,196"/>
                <Baseline points="2058,239 2083,240 2108,240 2134,241 2159,242 2185,243 2210,244 2235,244 2261,245 2286,245 2312,246 2337,246 2362,246 2388,246 2413,245 2439,244 2464,244 2490,242"/>
                <TextEquiv>
                    <Unicode>box 32/1</Unicode>
                </TextEquiv>
            </TextLine>
            <TextLine id="r1l2" custom="readingOrder {index:1;}">
                <Coords points="182,274 1899,297 1879,185 1449,230 1122,178 183,190"/>
                <Baseline points="200,236 284,242 368,246 452,249 536,252 620,254 704,256 789,257 873,258 957,258 1041,258 1125,258 1209,258 1293,258 1378,258 1462,258 1546,258 1630,258 1714,259 1798,260 1883,261"/>
                <TextEquiv>
                    <Unicode>26.1. Konoedie der Norte zyklus</Unicode>
                </TextEquiv>
            </TextLine>
            <TextLine id="r1l3" custom="readingOrder {index:2;}">
                <Coords points="2763,1353 2913,1370 3046,1348 3116,1368 3133,1354 3255,1353 3255,1315 3199,1322 3132,1288 3035,1320 2923,1293 2864,1311 2832,1297 2763,1322"/>
                <Baseline points="2779,1356 2804,1355 2829,1355 2855,1354 2880,1354 2906,1353 2931,1353 2957,1353 2982,1353 3008,1353 3033,1352 3058,1352 3084,1352 3109,1352 3135,1352 3160,1352 3186,1352 3211,1352 3237,1352"/>
                <TextEquiv>
                    <Unicode>unertdänschte Frende i</Unicode>
                </TextEquiv>
            </TextLine>
            <TextLine id="r1l4" custom="readingOrder {index:3;}">
                <Coords points="1624,1357 1718,1354 1745,1369 1875,1353 2018,1359 2019,1289 1984,1292 1952,1316 1931,1305 1889,1315 1869,1297 1813,1307 1785,1293 1757,1306 1722,1288 1625,1290"/>
                <Baseline points="1640,1352 1665,1352 1691,1352 1716,1352 1742,1353 1768,1353 1793,1354 1819,1355 1845,1355 1870,1356 1896,1356 1922,1356 1947,1356 1973,1356 1999,1355"/>
                <TextEquiv>
                    <Unicode>——</Unicode>
                </TextEquiv>
            </TextLine>
            <TextLine id="r1l5" custom="readingOrder {index:4;}">
                <Coords points="1674,1409 2763,1390 2762,1328 2622,1323 1674,1360"/>
                <Baseline points="1692,1397 1744,1396 1797,1396 1849,1396 1902,1395 1955,1395 2007,1394 2060,1393 2113,1393 2165,1392 2218,1391 2271,1390 2323,1389 2376,1388 2429,1387 2481,1386 2534,1384 2587,1383 2639,1382 2692,1380 2745,1379"/>
                <TextEquiv>
                    <Unicode>Die Minister in Nisch setzen ihre Hoffnungen nicht auf</Unicode>
                </TextEquiv>
            </TextLine>
            <TextLine id="r1l6" custom="readingOrder {index:5;}">
                <Coords points="2761,1420 2999,1397 3131,1412 3156,1395 3225,1403 3226,1368 3170,1353 3065,1367 3031,1349 2912,1369 2762,1353"/>
                <Baseline points="2779,1396 2804,1396 2829,1397 2854,1397 2879,1397 2905,1397 2930,1397 2955,1398 2980,1398 3006,1398 3031,1398 3056,1398 3081,1398 3107,1399 3132,1399 3157,1399 3182,1400 3208,1401"/>
                <TextEquiv>
                    <Unicode>Armee mobilisiert, die,</Unicode>
                </TextEquiv>
            </TextLine>
            <TextLine id="r1l7" custom="readingOrder {index:6;}">
                <Coords points="485,1412 1591,1392 1590,1330 1478,1321 484,1335"/>
                <Baseline points="504,1404 557,1404 611,1404 664,1403 718,1403 771,1403 825,1402 878,1402 932,1401 985,1400 1039,1400 1093,1399 1146,1398 1200,1396 1253,1395 1307,1394 1360,1392 1414,1390 1467,1389 1521,1387 1575,1385"/>
                <TextEquiv>
                    <Unicode>Auf der Westfront von Dünaburg führte unser An¬</Unicode>
                </TextEquiv>
            </TextLine>
            <TextLine id="r1l8" custom="readingOrder {index:7;}">
                <Coords points="1595,1455 2767,1433 2728,1381 1594,1389"/>
                <Baseline points="1614,1445 1670,1445 1727,1445 1784,1445 1840,1445 1897,1444 1954,1443 2010,1442 2067,1441 2124,1440 2181,1438 2237,1437 2294,1435 2351,1434 2407,1433 2464,1431 2521,1430 2577,1429 2634,1428 2691,1427 2748,1426"/>
                <TextEquiv>
                    <Unicode>Petersburg, sondern blicken angstvoll nach dem Süden, nach</Unicode>
                </TextEquiv>
            </TextLine>
            <TextLine id="r1l9" custom="readingOrder {index:8;}">
                <Coords points="2765,1449 2876,1448 2908,1476 2936,1448 3271,1452 3270,1400 2764,1401"/>
                <Baseline points="2783,1447 2809,1446 2835,1445 2861,1445 2887,1445 2913,1445 2940,1444 2966,1444 2992,1444 3018,1444 3044,1444 3070,1444 3097,1444 3123,1444 3149,1444 3175,1443 3201,1442 3227,1442 3254,1440"/>
                <TextEquiv>
                    <Unicode>eines gewaltsamen Einbr</Unicode>
                </TextEquiv>
            </TextLine>
            <TextLine id="r1l10" custom="readingOrder {index:9;}">
                <Coords points="403,1481 1470,1461 1592,1444 1591,1392 401,1411"/>
                <Baseline points="421,1461 478,1459 536,1457 594,1456 652,1454 709,1453 767,1452 825,1450 883,1449 940,1448 998,1447 1056,1445 1114,1444 1171,1443 1229,1442 1287,1440 1345,1439 1402,1438 1460,1437 1518,1435 1576,1434"/>
                <TextEquiv>
                    <Unicode>griff zur Erstürmung der feindlichen Stellungen westlich</Unicode>
                </TextEquiv>
            </TextLine>
            <TextLine id="r1l11" custom="readingOrder {index:10;}">
                <Coords points="1596,1498 2757,1475 2756,1440 2693,1431 1595,1445"/>
                <Baseline points="1614,1492 1670,1492 1726,1492 1782,1492 1838,1492 1895,1491 1951,1491 2007,1490 2063,1489 2119,1488 2176,1487 2232,1486 2288,1485 2344,1484 2400,1482 2457,1480 2513,1478 2569,1477 2625,1475 2681,1473 2738,1470"/>
                <TextEquiv>
                    <Unicode>Saloniki, ob nicht von dort die Erlösung aus den Bedräng¬</Unicode>
                </TextEquiv>
            </TextLine>
            <TextLine id="r1l12" custom="readingOrder {index:11;}">
                <Coords points="2762,1494 2885,1507 2982,1492 3059,1512 3122,1487 3143,1500 3272,1492 3271,1454 3222,1444 3177,1458 3146,1441 3027,1439 2964,1457 2933,1447 2915,1465 2866,1448 2762,1452"/>
                <Baseline points="2779,1493 2804,1492 2829,1491 2854,1490 2879,1490 2904,1490 2929,1490 2954,1490 2979,1490 3004,1490 3029,1490 3054,1490 3079,1489 3104,1489 3129,1489 3154,1488 3179,1488 3204,1487 3229,1486 3254,1484"/>
                <TextEquiv>
                    <Unicode>durch Drohungen in Lo#</Unicode>
                </TextEquiv>
            </TextLine>
            <TextLine id="r1l13" custom="readingOrder {index:12;}">
                <Coords points="402,1517 1592,1498 1591,1446 1420,1435 401,1465"/>
                <Baseline points="421,1501 478,1501 536,1501 594,1501 651,1500 709,1500 767,1499 824,1498 882,1497 940,1495 998,1494 1055,1492 1113,1491 1171,1489 1228,1488 1286,1487 1344,1486 1401,1485 1459,1484 1517,1483 1575,1483"/>
                <TextEquiv>
                    <Unicode>von Illuxt in zweieinhalb Kilometer Frontbreite. Drei</Unicode>
                </TextEquiv>
            </TextLine>
            <TextLine id="r1l14" custom="readingOrder {index:13;}">
                <Coords points="1596,1547 2768,1524 2767,1476 2729,1469 1595,1494"/>
                <Baseline points="1614,1541 1670,1540 1727,1539 1784,1539 1841,1538 1898,1537 1954,1537 2011,1536 2068,1535 2125,1534 2182,1534 2238,1533 2295,1532 2352,1530 2409,1529 2466,1528 2522,1526 2579,1524 2636,1522 2693,1519 2750,1517"/>
                <TextEquiv>
                    <Unicode>nissen sich nähere. Manch einer ist unter ihnen, dessen Brust</Unicode>
                </TextEquiv>
            </TextLine>
            <TextLine id="r1l15" custom="readingOrder {index:14;}">
                <Coords points="2772,1547 3271,1543 3271,1491 3173,1505 3128,1488 2772,1498"/>
                <Baseline points="2790,1539 2815,1538 2841,1538 2867,1538 2892,1537 2918,1537 2944,1537 2970,1537 2995,1537 3021,1537 3047,1537 3072,1537 3098,1536 3124,1536 3150,1536 3175,1536 3201,1535 3227,1534 3253,1533"/>
                <TextEquiv>
                    <Unicode>kann Serbien unter solch</Unicode>
                </TextEquiv>
            </TextLine>
            <TextLine id="r1l16" custom="readingOrder {index:15;}">
                <Coords points="398,1549 1570,1542 1600,1478 397,1507"/>
                <Baseline points="415,1548 473,1547 532,1547 590,1546 649,1546 707,1545 766,1545 824,1544 883,1543 941,1543 1000,1542 1058,1541 1117,1539 1175,1538 1234,1537 1292,1535 1351,1533 1409,1532 1468,1530 1526,1528 1585,1525"/>
                <TextEquiv>
                    <Unicode>Offiziere, 367 Mann sind gefangengenommen. Ein Ma¬</Unicode>
                </TextEquiv>
            </TextLine>
            <TextLine id="r1l17" custom="readingOrder {index:16;}">
                <Coords points="1602,1594 2712,1580 2767,1571 2766,1519 1601,1545"/>
                <Baseline points="1618,1587 1674,1587 1731,1586 1787,1586 1844,1585 1900,1584 1957,1583 2013,1582 2070,1581 2126,1580 2183,1579 2240,1577 2296,1576 2353,1574 2409,1573 2466,1571 2522,1570 2579,1568 2635,1566 2692,1564 2749,1563"/>
                <TextEquiv>
                    <Unicode>vom Zweifel zerwühlt wird und der, getrieben von Angst</Unicode>
                </TextEquiv>
            </TextLine>
            <TextLine id="r1l18" custom="readingOrder {index:17;}">
                <Coords points="2776,1590 2936,1595 2992,1580 3016,1593 3103,1582 3212,1594 3260,1583 3260,1545 2886,1536 2775,1548"/>
                <Baseline points="2793,1585 2818,1584 2843,1583 2868,1583 2893,1583 2918,1582 2943,1582 2968,1582 2993,1581 3018,1581 3043,1581 3068,1581 3093,1580 3118,1580 3143,1580 3168,1579 3193,1578 3218,1578 3243,1577"/>
                <TextEquiv>
                    <Unicode>Der Streit unter den Ver</Unicode>
                </TextEquiv>
            </TextLine>
            <TextLine id="r1l19" custom="readingOrder {index:18;}">
                <Coords points="402,1604 1596,1601 1594,1520 401,1555"/>
                <Baseline points="421,1597 478,1595 536,1594 594,1592 652,1591 710,1590 767,1589 825,1588 883,1587 941,1586 999,1585 1056,1584 1114,1583 1172,1582 1230,1581 1288,1580 1345,1578 1403,1576 1461,1575 1519,1573 1577,1570"/>
                <TextEquiv>
                    <Unicode>schinengewehr ist erbeutet. Russische Gegenangriffe wurden</Unicode>
                </TextEquiv>
            </TextLine>
            <TextLine id="r1l20" custom="readingOrder {index:19;}">
                <Coords points="1606,1640 2778,1635 2777,1565 1605,1588"/>
                <Baseline points="1623,1631 1679,1631 1736,1630 1793,1630 1850,1629 1907,1628 1963,1627 2020,1626 2077,1625 2134,1624 2191,1622 2247,1621 2304,1620 2361,1618 2418,1617 2475,1616 2531,1615 2588,1614 2645,1613 2702,1612 2759,1611"/>
                <TextEquiv>
                    <Unicode>vor der schweren Verantwortung und im Bewußtsein, durch</Unicode>
                </TextEquiv>
            </TextLine>
            <TextLine id="r1l21" custom="readingOrder {index:20;}">
                <Coords points="2776,1635 3028,1631 3056,1648 3115,1630 3143,1647 3171,1633 3258,1652 3257,1579 2776,1590"/>
                <Baseline points="2794,1630 2820,1630 2846,1630 2872,1630 2898,1630 2924,1629 2951,1629 2977,1629 3003,1629 3029,1628 3055,1628 3081,1628 3108,1627 3134,1627 3160,1626 3186,1625 3212,1624 3239,1623"/>
                <TextEquiv>
                    <Unicode>in Saloniki verstärken</Unicode>
                </TextEquiv>
            </TextLine>
            <TextLine id="r1l22" custom="readingOrder {index:21;}">
                <Coords points="418,1646 478,1658 523,1649 537,1659 606,1646 628,1659 645,1648 694,1646 704,1635 728,1641 727,1607 660,1599 605,1608 416,1604"/>
                <Baseline points="435,1645 460,1644 485,1644 510,1643 535,1642 560,1641 585,1640 610,1639 635,1638 660,1637 685,1636 711,1635"/>
                <TextEquiv>
                    <Unicode>abgeschlagen.</Unicode>
                </TextEquiv>
            </TextLine>
            <TextLine id="r1l23" custom="readingOrder {index:22;}">
                <Coords points="1606,1683 2754,1675 2767,1622 1605,1637"/>
                <Baseline points="1622,1678 1678,1677 1734,1677 1791,1676 1847,1675 1904,1674 1960,1674 2016,1673 2073,1672 2129,1671 2186,1670 2242,1669 2298,1668 2355,1667 2411,1665 2468,1664 2524,1662 2580,1661 2637,1660 2693,1657 2750,1656"/>
                <TextEquiv>
                    <Unicode>Volksverführung eine Schuld auf sich geladen zu haben, die</Unicode>
                </TextEquiv>
            </TextLine>
            <TextLine id="r1l24" custom="readingOrder {index:23;}">
                <Coords points="415,1701 1535,1699 1601,1677 1600,1604 414,1649"/>
                <Baseline points="431,1687 488,1686 546,1685 604,1684 661,1683 719,1682 777,1681 834,1679 892,1678 950,1677 1008,1676 1065,1674 1123,1673 1181,1672 1238,1671 1296,1669 1354,1668 1411,1667 1469,1666 1527,1666 1585,1665"/>
                <TextEquiv>
                    <Unicode>Heeresgruppe des Generalfeldmarschalls</Unicode>
                </TextEquiv>
            </TextLine>
            <TextLine id="r1l25" custom="readingOrder {index:24;}">
                <Coords points="2773,1688 2853,1697 2915,1679 2930,1693 2957,1682 3010,1695 3072,1670 3247,1679 3246,1626 3068,1632 3055,1646 3030,1632 2772,1632"/>
                <Baseline points="2789,1679 2814,1678 2840,1677 2866,1676 2892,1676 2918,1675 2944,1675 2970,1675 2996,1675 3021,1675 3047,1675 3073,1675 3099,1675 3125,1674 3151,1674 3177,1673 3203,1672 3229,1671"/>
                <TextEquiv>
                    <Unicode>Mächtegruppe, die den</Unicode>
                </TextEquiv>
            </TextLine>
            <TextLine id="r1l26" custom="readingOrder {index:25;}">
                <Coords points="1602,1730 2635,1721 2767,1707 2766,1658 1601,1684"/>
                <Baseline points="1618,1729 1674,1727 1731,1725 1787,1724 1844,1723 1901,1722 1957,1721 2014,1720 2070,1718 2127,1717 2184,1716 2240,1715 2297,1714 2353,1713 2410,1711 2467,1710 2523,1709 2580,1707 2636,1705 2693,1703 2750,1701"/>
                <TextEquiv>
                    <Unicode>Frage nach dem Auswege prüft, manch einer, der den Ge¬</Unicode>
                </TextEquiv>
            </TextLine>
            <TextLine id="r1l27" custom="readingOrder {index:26;}">
                <Coords points="2771,1736 2893,1734 2931,1715 2945,1729 3004,1718 3040,1734 3231,1734 3259,1727 3258,1668 3220,1686 3157,1673 2770,1687"/>
                <Baseline points="2789,1730 2814,1727 2839,1726 2864,1724 2889,1723 2914,1722 2939,1721 2964,1721 2989,1720 3015,1720 3040,1720 3065,1720 3090,1720 3115,1720 3140,1720 3165,1719 3190,1719 3215,1719 3241,1718"/>
                <TextEquiv>
                    <Unicode>sie auf die Erschöpfung</Unicode>
                </TextEquiv>
            </TextLine>
            <TextLine id="r1l28" custom="readingOrder {index:27;}">
                <Coords points="592,1740 1165,1754 1231,1727 1437,1729 1435,1677 1404,1674 591,1695"/>
                <Baseline points="611,1735 651,1734 691,1733 732,1731 772,1730 813,1729 853,1727 894,1726 934,1725 975,1723 1015,1723 1055,1722 1096,1720 1136,1720 1177,1719 1217,1718 1258,1717 1298,1716 1339,1716 1379,1716 1420,1716"/>
                <TextEquiv>
                    <Unicode>Prinzen Leopold von Bayern.</Unicode>
                </TextEquiv>
            </TextLine>
            <TextLine id="r1l29" custom="readingOrder {index:28;}">
                <Coords points="1604,1778 2532,1785 2772,1755 2771,1699 1603,1733"/>
                <Baseline points="1621,1771 1677,1771 1734,1770 1790,1770 1847,1769 1904,1768 1960,1767 2017,1766 2074,1765 2130,1764 2187,1763 2244,1761 2300,1760 2357,1758 2414,1757 2470,1755 2527,1753 2584,1751 2640,1750 2697,1748 2754,1746"/>
                <TextEquiv>
                    <Unicode>danken erwägt, obner nicht durch einen verwegenen Tell¬</Unicode>
                </TextEquiv>
            </TextLine>
            <TextLine id="r1l30" custom="readingOrder {index:29;}">
                <Coords points="2781,1778 3102,1784 3165,1769 3214,1783 3266,1761 3265,1723 3230,1720 2780,1729"/>
                <Baseline points="2798,1772 2823,1771 2848,1771 2873,1771 2898,1770 2923,1770 2948,1770 2973,1770 2998,1770 3023,1770 3048,1770 3073,1770 3098,1769 3123,1769 3148,1768 3173,1768 3198,1766 3223,1766 3248,1764"/>
                <TextEquiv>
                    <Unicode>ihrer Politik nicht mehr</Unicode>
                </TextEquiv>
            </TextLine>
            <TextLine id="r1l31" custom="readingOrder {index:30;}">
                <Coords points="508,1789 613,1797 641,1786 787,1790 839,1775 839,1750 814,1751 793,1734 762,1745 598,1738 562,1718 535,1740 507,1740"/>
                <Baseline points="525,1779 552,1777 579,1777 606,1776 633,1774 660,1774 687,1773 714,1773 741,1773 768,1772 795,1772 823,1772"/>
                <TextEquiv>
                    <Unicode>Nichts Neues.</Unicode>
                </TextEquiv>
            </TextLine>
            <TextLine id="r1l32" custom="readingOrder {index:31;}">
                <Coords points="1607,1836 2762,1819 2784,1738 1605,1777"/>
                <Baseline points="1625,1822 1682,1820 1739,1819 1796,1817 1853,1815 1910,1814 1967,1812 2024,1811 2081,1810 2138,1808 2196,1807 2253,1806 2310,1805 2367,1803 2424,1802 2481,1801 2538,1800 2595,1798 2652,1797 2709,1795 2767,1794"/>
                <TextEquiv>
                    <Unicode>sprung aus dem Nachen der Verbündeten den Fuß wieder</Unicode>
                </TextEquiv>
            </TextLine>
            <TextLine id="r1l33" custom="readingOrder {index:32;}">
                <Coords points="2774,1816 2886,1834 3043,1813 3266,1833 3265,1763 3220,1782 3143,1762 3039,1786 2773,1777"/>
                <Baseline points="2792,1818 2817,1818 2842,1818 2868,1818 2893,1817 2919,1817 2944,1816 2970,1816 2995,1815 3021,1815 3046,1814 3071,1814 3097,1813 3122,1812 3148,1812 3173,1811 3199,1810 3224,1810 3250,1809"/>
                <TextEquiv>
                    <Unicode>Aufgebot den unentbehrl</Unicode>
                </TextEquiv>
            </TextLine>
            <TextLine id="r1l34" custom="readingOrder {index:33;}">
                <Coords points="448,1847 1487,1828 1574,1809 1573,1757 446,1767"/>
                <Baseline points="465,1827 519,1827 574,1826 628,1825 683,1823 737,1822 792,1821 846,1820 901,1818 955,1817 1010,1815 1065,1814 1119,1813 1174,1811 1228,1810 1283,1809 1337,1809 1392,1808 1446,1808 1501,1807 1556,1807"/>
                <TextEquiv>
                    <Unicode>Heeresgruppe des Generalsv. Linsingen.</Unicode>
                </TextEquiv>
            </TextLine>
            <TextLine id="r1l35" custom="readingOrder {index:34;}">
                <Coords points="1606,1873 2753,1859 2773,1803 1604,1828"/>
                <Baseline points="1624,1868 1680,1867 1737,1866 1793,1865 1850,1864 1907,1863 1963,1861 2020,1860 2076,1858 2133,1856 2190,1855 2246,1853 2303,1851 2359,1850 2416,1848 2473,1847 2529,1846 2586,1845 2642,1845 2699,1844 2756,1844"/>
                <TextEquiv>
                    <Unicode>auf festes Land setzen könne. Aber die Unfreiheit ist zu</Unicode>
                </TextEquiv>
            </TextLine>
            <TextLine id="r1l36" custom="readingOrder {index:35;}">
                <Coords points="520,1885 1410,1883 1493,1853 1553,1880 1594,1869 1593,1806 519,1840"/>
                <Baseline points="536,1871 590,1870 645,1869 700,1868 754,1866 809,1865 864,1864 918,1863 973,1862 1028,1861 1082,1860 1137,1859 1192,1858 1246,1857 1301,1856 1356,1855 1410,1854 1465,1854 1520,1853 1575,1852"/>
                <TextEquiv>
                    <Unicode>Die feindliche Kavallerie bei Jeziersy räumte das</Unicode>
                </TextEquiv>
            </TextLine>
            <TextLine id="r1l37" custom="readingOrder {index:36;}">
                <Coords points="2781,1868 2984,1861 3082,1877 3266,1857 3265,1815 2781,1823"/>
                <Baseline points="2800,1868 2826,1866 2852,1864 2879,1863 2905,1862 2931,1862 2958,1862 2984,1862 3010,1862 3037,1862 3063,1862 3089,1862 3116,1861 3142,1861 3168,1860 3195,1859 3221,1857 3248,1854"/>
                <TextEquiv>
                    <Unicode>male der Schwäche, der</Unicode>
                </TextEquiv>
            </TextLine>
            <TextLine id="r1l38" custom="readingOrder {index:37;}">
                <Coords points="1599,1916 2740,1906 2770,1856 1598,1891"/>
                <Baseline points="1617,1919 1673,1917 1730,1914 1787,1912 1844,1910 1901,1909 1957,1907 2014,1906 2071,1905 2128,1903 2185,1902 2241,1901 2298,1900 2355,1899 2412,1897 2469,1896 2525,1895 2582,1894 2639,1892 2696,1891 2753,1889"/>
                <TextEquiv>
                    <Unicode>groß. Serbien wird noch immer von den Verschwörern</Unicode>
                </TextEquiv>
            </TextLine>
            <TextLine id="r1l39" custom="readingOrder {index:38;}">
                <Coords points="2781,1927 2924,1921 2941,1906 2958,1920 3021,1905 3102,1921 3147,1903 3266,1922 3264,1856 3188,1861 3170,1843 3128,1862 2780,1871"/>
                <Baseline points="2799,1912 2824,1911 2849,1910 2874,1909 2899,1908 2924,1907 2949,1906 2974,1906 2999,1905 3024,1905 3049,1905 3074,1905 3099,1905 3124,1905 3149,1904 3174,1904 3199,1904 3224,1904 3249,1904"/>
                <TextEquiv>
                    <Unicode>sichtbar und keiner hat I</Unicode>
                </TextEquiv>
            </TextLine>
            <TextLine id="r1l40" custom="readingOrder {index:39;}">
                <Coords points="411,1941 439,1936 461,1949 480,1930 495,1939 508,1931 526,1930 533,1937 568,1931 565,1882 540,1887 494,1866 484,1874 476,1867 439,1884 428,1877 407,1879"/>
                <Baseline points="427,1927 457,1924 488,1921 519,1919 550,1920"/>
                <TextEquiv>
                    <Unicode>Feld.</Unicode>
                </TextEquiv>
            </TextLine>
            <TextLine id="r1l41" custom="readingOrder {index:40;}">
                <Coords points="1601,1959 2773,1948 2772,1892 1600,1917"/>
                <Baseline points="1619,1957 1675,1957 1732,1957 1789,1956 1846,1955 1903,1955 1960,1954 2016,1953 2073,1952 2130,1951 2187,1950 2244,1948 2301,1947 2358,1946 2414,1944 2471,1943 2528,1941 2585,1939 2642,1937 2699,1936 2756,1934"/>
                <TextEquiv>
                    <Unicode>regiert, die den König Alexander und dessen Gemahlin er¬</Unicode>
                </TextEquiv>
            </TextLine>
            <TextLine id="r1l42" custom="readingOrder {index:41;}">
                <Coords points="2783,1964 3034,1954 3083,1967 3107,1946 3129,1963 3205,1961 3264,1938 3263,1886 3180,1913 3148,1899 2782,1919"/>
                <Baseline points="2802,1958 2828,1957 2854,1957 2880,1956 2906,1956 2932,1955 2959,1955 2985,1954 3011,1954 3037,1953 3063,1952 3089,1951 3116,1951 3142,1950 3168,1949 3194,1949 3220,1948 3247,1947"/>
                <TextEquiv>
                    <Unicode>ein verdrossenes Urteil</Unicode>
                </TextEquiv>
            </TextLine>
            <TextLine id="r1l43" custom="readingOrder {index:42;}">
                <Coords points="502,2007 1545,2010 1597,1998 1596,1918 501,1954"/>
                <Baseline points="519,2001 572,2001 625,2000 678,1999 731,1998 784,1997 837,1996 890,1994 943,1993 996,1992 1050,1990 1103,1989 1156,1988 1209,1986 1262,1985 1315,1984 1368,1984 1421,1983 1474,1983 1527,1983 1581,1983"/>
                <TextEquiv>
                    <Unicode>Die Lage bei den deutschen Truppen der Armee des</Unicode>
                </TextEquiv>
            </TextLine>
            <TextLine id="r1l44" custom="readingOrder {index:43;}">
                <Coords points="1609,2009 2708,1998 2774,1993 2773,1948 1607,1963"/>
                <Baseline points="1627,2003 1683,2004 1740,2004 1796,2003 1853,2003 1909,2002 1966,2002 2022,2000 2079,1999 2135,1998 2192,1996 2248,1995 2305,1993 2361,1992 2418,1990 2474,1989 2531,1987 2587,1985 2644,1983 2700,1982 2757,1981"/>
                <TextEquiv>
                    <Unicode>mördet und den König Peter in den von diesem Verbrechen</Unicode>
                </TextEquiv>
            </TextLine>
            <TextLine id="r1l45" custom="readingOrder {index:44;}">
                <Coords points="2778,2003 2865,2016 2910,2005 2928,2019 3015,2003 3155,2009 3175,1991 3252,2008 3259,1941 3165,1960 3109,1946 3063,1965 2777,1958"/>
                <Baseline points="2796,2000 2822,2000 2848,2000 2874,2001 2901,2001 2927,2001 2953,2001 2980,2001 3006,2001 3032,2001 3058,2001 3085,2001 3111,2000 3137,1999 3164,1998 3190,1996 3216,1994 3243,1992"/>
                <TextEquiv>
                    <Unicode>Seelenzustände sind wich</Unicode>
                </TextEquiv>
            </TextLine>
            <TextLine id="r1l46" custom="readingOrder {index:45;}">
                <Coords points="1608,2056 2673,2045 2777,2035 2776,1986 1607,2011"/>
                <Baseline points="1626,2052 1682,2052 1739,2051 1796,2050 1853,2049 1909,2048 1966,2046 2023,2045 2080,2044 2136,2042 2193,2040 2250,2039 2307,2037 2363,2036 2420,2034 2477,2033 2534,2032 2590,2031 2647,2030 2704,2029 2761,2028"/>
                <TextEquiv>
                    <Unicode>besudelten Palast geleitet haben. Von ihnen und von den mit</Unicode>
                </TextEquiv>
            </TextLine>
            <TextLine id="r1l47" custom="readingOrder {index:46;}">
                <Coords points="423,2048 532,2081 1355,2028 1354,1993 1274,1987 527,2008 502,1984 423,2009"/>
                <Baseline points="441,2051 485,2049 530,2047 575,2045 620,2044 664,2043 709,2042 754,2041 799,2041 843,2040 888,2039 933,2039 978,2038 1022,2038 1067,2037 1112,2037 1157,2036 1201,2035 1246,2034 1291,2033 1336,2032"/>
                <TextEquiv>
                    <Unicode>Generals Grafen Bothmer ist unverändert.</Unicode>
                </TextEquiv>
            </TextLine>
            <TextLine id="r1l48" custom="readingOrder {index:47;}">
                <Coords points="2783,2059 3272,2055 3271,1982 2929,2019 2908,2005 2783,2003"/>
                <Baseline points="2800,2046 2825,2045 2850,2045 2875,2045 2900,2045 2925,2045 2951,2045 2976,2046 3001,2046 3026,2046 3051,2045 3076,2045 3102,2045 3127,2043 3152,2043 3177,2041 3202,2040 3227,2038 3253,2036"/>
                <TextEquiv>
                    <Unicode>des Vierverbandes über</Unicode>
                </TextEquiv>
            </TextLine>
            <TextLine id="r1l49" custom="readingOrder {index:48;}">
                <Coords points="1607,2107 2748,2088 2785,2024 1606,2065"/>
                <Baseline points="1624,2100 1681,2099 1738,2098 1795,2097 1852,2096 1909,2094 1966,2093 2024,2092 2081,2090 2138,2088 2195,2087 2252,2085 2309,2084 2366,2083 2424,2081 2481,2080 2538,2079 2595,2078 2652,2078 2709,2078 2767,2077"/>
                <TextEquiv>
                    <Unicode>ihnen zusammenhängenden militärischen Einflüssen, von</Unicode>
                </TextEquiv>
            </TextLine>
            <TextLine id="r1l50" custom="readingOrder {index:49;}">
                <Coords points="693,2112 1415,2091 1414,2049 1365,2033 1348,2051 692,2053"/>
                <Baseline points="709,2099 743,2098 777,2096 812,2095 846,2094 881,2092 915,2091 950,2090 984,2089 1019,2088 1053,2087 1087,2087 1122,2086 1156,2086 1191,2085 1225,2084 1260,2084 1294,2083 1329,2083 1363,2082 1398,2082"/>
                <TextEquiv>
                    <Unicode>Balkankriegsschauplatz.</Unicode>
                </TextEquiv>
            </TextLine>
            <TextLine id="r1l51" custom="readingOrder {index:50;}">
                <Coords points="2782,2110 3253,2097 3252,2045 2781,2058"/>
                <Baseline points="2801,2098 2826,2096 2852,2094 2877,2093 2903,2092 2929,2091 2954,2091 2980,2090 3006,2090 3031,2090 3057,2089 3083,2089 3108,2088 3134,2088 3160,2087 3185,2085 3211,2084 3237,2082"/>
                <TextEquiv>
                    <Unicode>ginnen. Das Vertrauen</Unicode>
                </TextEquiv>
            </TextLine>
            <TextLine id="r1l52" custom="readingOrder {index:51;}">
                <Coords points="1596,2143 2779,2131 2777,2079 2669,2060 2485,2103 1595,2118"/>
                <Baseline points="1615,2142 1672,2142 1729,2142 1787,2141 1844,2141 1901,2140 1959,2139 2016,2137 2073,2136 2131,2134 2188,2133 2245,2132 2303,2130 2360,2128 2417,2127 2475,2125 2532,2124 2589,2123 2647,2122 2704,2122 2762,2122"/>
                <TextEquiv>
                    <Unicode>einer Militärliga wird Serbien beherrscht. Die Minister</Unicode>
                </TextEquiv>
            </TextLine>
            <TextLine id="r1l53" custom="readingOrder {index:52;}">
                <Coords points="517,2151 1595,2144 1594,2071 516,2099"/>
                <Baseline points="534,2148 586,2147 638,2146 690,2145 743,2144 795,2142 847,2141 899,2140 952,2140 1004,2139 1056,2138 1108,2137 1161,2136 1213,2136 1265,2135 1317,2134 1370,2133 1422,2133 1474,2132 1526,2131 1579,2131"/>
                <TextEquiv>
                    <Unicode>Auf der ganzen Front macht unsere Vorwärts¬</Unicode>
                </TextEquiv>
            </TextLine>
            <TextLine id="r1l54" custom="readingOrder {index:53;}">
                <Coords points="2779,2154 2879,2138 2936,2154 3260,2141 3262,2085 2778,2115"/>
                <Baseline points="2796,2144 2821,2142 2846,2141 2871,2141 2896,2140 2921,2139 2946,2139 2971,2139 2996,2139 3021,2139 3046,2138 3071,2138 3096,2138 3121,2137 3146,2137 3171,2135 3196,2135 3221,2133 3247,2130"/>
                <TextEquiv>
                    <Unicode>und die Katastrophe von</Unicode>
                </TextEquiv>
            </TextLine>
            <TextLine id="r1l55" custom="readingOrder {index:54;}">
                <Coords points="1608,2194 2788,2186 2748,2131 1607,2152"/>
                <Baseline points="1625,2190 1682,2190 1739,2189 1796,2189 1853,2188 1911,2187 1968,2186 2025,2184 2082,2183 2139,2182 2197,2180 2254,2179 2311,2177 2368,2176 2425,2174 2483,2173 2540,2172 2597,2171 2654,2169 2711,2168 2769,2168"/>
                <TextEquiv>
                    <Unicode>sind gegen die Ueberhebung und gegen die Selbstvergötterung,</Unicode>
                </TextEquiv>
            </TextLine>
            <TextLine id="r1l56" custom="readingOrder {index:55;}">
                <Coords points="2779,2219 2898,2219 2956,2196 3023,2215 3090,2213 3106,2195 3271,2200 3268,2130 3060,2151 2777,2149"/>
                <Baseline points="2797,2192 2822,2191 2847,2190 2872,2189 2897,2189 2923,2188 2948,2187 2973,2187 2998,2186 3024,2186 3049,2185 3074,2184 3099,2184 3124,2183 3150,2182 3175,2180 3200,2179 3225,2177 3251,2175"/>
                <TextEquiv>
                    <Unicode>schuldigen schwerlich über</Unicode>
                </TextEquiv>
            </TextLine>
            <TextLine id="r1l57" custom="readingOrder {index:56;}">
                <Coords points="408,2202 1546,2210 1605,2195 1604,2125 408,2174"/>
                <Baseline points="427,2197 485,2197 543,2196 601,2195 659,2194 717,2193 775,2191 833,2190 891,2189 949,2188 1008,2187 1066,2185 1124,2184 1182,2184 1240,2183 1298,2182 1356,2181 1414,2180 1472,2180 1530,2179 1589,2179"/>
                <TextEquiv>
                    <Unicode>bewegung gute Fortschritte. Stadt und Feste Semendria</Unicode>
                </TextEquiv>
            </TextLine>
            <TextLine id="r1l58" custom="readingOrder {index:57;}">
                <Coords points="1613,2242 2757,2233 2777,2173 1612,2197"/>
                <Baseline points="1630,2241 1686,2238 1743,2236 1799,2234 1856,2232 1912,2231 1969,2230 2025,2229 2082,2227 2138,2226 2195,2226 2252,2225 2308,2224 2365,2223 2421,2222 2478,2221 2534,2220 2591,2218 2647,2217 2704,2216 2761,2214"/>
                <TextEquiv>
                    <Unicode>die sich von den Verhältnissen keine Rechenschaft geben kann,</Unicode>
                </TextEquiv>
            </TextLine>
            <TextLine id="r1l59" custom="readingOrder {index:58;}">
                <Coords points="414,2273 528,2246 1306,2243 1348,2235 1347,2186 412,2203"/>
                <Baseline points="431,2245 475,2244 520,2243 565,2242 610,2241 655,2240 700,2239 745,2238 790,2237 835,2236 880,2235 924,2234 969,2233 1014,2232 1059,2231 1104,2230 1149,2229 1194,2228 1239,2227 1284,2226 1329,2225"/>
                <TextEquiv>
                    <Unicode>sind gestern von unseren Truppen genommen.</Unicode>
                </TextEquiv>
            </TextLine>
            <TextLine id="r1l60" custom="readingOrder {index:59;}">
                <Coords points="1591,2300 2780,2284 2800,2203 1590,2244"/>
                <Baseline points="1607,2285 1665,2284 1724,2284 1783,2283 1842,2282 1901,2281 1960,2280 2019,2279 2078,2278 2137,2277 2196,2275 2254,2274 2313,2273 2372,2271 2431,2270 2490,2269 2549,2268 2608,2266 2667,2265 2726,2265 2785,2264"/>
                <TextEquiv>
                    <Unicode>beinahe ohnmächtig. Der Glaube an Rußland ist bei den</Unicode>
                </TextEquiv>
            </TextLine>
            <TextLine id="r1l61" custom="readingOrder {index:60;}">
                <Coords points="1059,2290 1098,2307 1234,2288 1562,2299 1561,2225 1540,2222 1512,2236 1460,2223 1443,2241 1397,2224 1352,2242 1059,2245"/>
                <Baseline points="1075,2285 1101,2286 1127,2286 1153,2286 1179,2286 1205,2286 1231,2286 1257,2285 1283,2285 1309,2284 1335,2284 1361,2283 1387,2283 1413,2282 1439,2282 1465,2282 1491,2282 1517,2282 1544,2282"/>
                <TextEquiv>
                    <Unicode>Oberste Heeresleitung.“</Unicode>
                </TextEquiv>
            </TextLine>
            <TextLine id="r1l62" custom="readingOrder {index:61;}">
                <Coords points="2772,2389 2953,2368 3141,2378 3162,2360 3232,2387 3263,2376 3262,2316 2771,2329"/>
                <Baseline points="2787,2370 2812,2369 2837,2369 2863,2369 2888,2369 2914,2368 2939,2368 2965,2367 2990,2367 3016,2366 3041,2366 3066,2365 3092,2365 3117,2364 3143,2363 3168,2363 3194,2362 3219,2362 3245,2361"/>
                <TextEquiv>
                    <Unicode>Stimme und Seele leih</Unicode>
                </TextEquiv>
            </TextLine>
            <TextLine id="r1l63" custom="readingOrder {index:62;}">
                <Coords points="1613,2384 2660,2373 2793,2405 2792,2328 2715,2323 1613,2346"/>
                <Baseline points="1631,2392 1688,2391 1745,2390 1802,2388 1859,2387 1916,2385 1973,2384 2031,2382 2088,2380 2145,2379 2202,2377 2259,2376 2316,2375 2373,2373 2431,2372 2488,2371 2545,2371 2602,2371 2659,2371 2716,2371 2774,2372"/>
                <TextEquiv>
                    <Unicode>seichte =Musik in den verschiedenen Gesellschaftszentren die</Unicode>
                </TextEquiv>
            </TextLine>
            <TextLine id="r1l64" custom="readingOrder {index:63;}">
                <Coords points="427,2434 1575,2414 1616,2364 426,2368"/>
                <Baseline points="445,2423 502,2422 560,2420 618,2419 675,2417 733,2416 791,2414 848,2412 906,2411 964,2409 1022,2408 1079,2407 1137,2405 1195,2404 1252,2404 1310,2403 1368,2402 1425,2402 1483,2401 1541,2401 1599,2402"/>
                <TextEquiv>
                    <Unicode> Die 335. Fortsetzung des Wiederabdruckes des</Unicode>
                </TextEquiv>
            </TextLine>
            <TextLine id="r1l65" custom="readingOrder {index:64;}">
                <Coords points="2779,2427 2852,2429 2876,2407 2908,2424 3034,2428 3121,2423 3141,2408 3170,2425 3253,2402 3252,2378 3161,2362 3067,2375 2778,2367"/>
                <Baseline points="2795,2415 2820,2415 2846,2415 2872,2415 2898,2415 2924,2415 2950,2415 2976,2415 3002,2414 3028,2414 3054,2413 3080,2413 3106,2412 3132,2411 3158,2409 3184,2407 3210,2406 3236,2404"/>
                <TextEquiv>
                    <Unicode>im Wechselspiel der</Unicode>
                </TextEquiv>
            </TextLine>
            <TextLine id="r1l66" custom="readingOrder {index:65;}">
                <Coords points="1613,2441 2785,2414 2784,2369 1612,2385"/>
                <Baseline points="1630,2439 1686,2438 1743,2436 1800,2435 1857,2433 1914,2431 1971,2430 2028,2429 2085,2427 2142,2425 2199,2424 2255,2423 2312,2421 2369,2420 2426,2420 2483,2419 2540,2418 2597,2418 2654,2418 2711,2418 2768,2419"/>
                <TextEquiv>
                    <Unicode>Tonart wechselt, dies ist es, was uns der Dichter in dem neuen</Unicode>
                </TextEquiv>
            </TextLine>
            <TextLine id="r1l67" custom="readingOrder {index:66;}">
                <Coords points="2776,2479 2822,2464 2857,2478 2947,2462 2968,2479 2982,2464 3000,2478 3024,2463 3122,2472 3167,2453 3184,2467 3265,2462 3263,2395 3208,2414 2775,2423"/>
                <Baseline points="2794,2464 2819,2464 2844,2464 2869,2464 2894,2464 2919,2463 2945,2463 2970,2462 2995,2462 3020,2461 3045,2460 3070,2460 3096,2459 3121,2458 3146,2458 3171,2457 3196,2456 3221,2456 3247,2455"/>
                <TextEquiv>
                    <Unicode>eigenen Charakters verl</Unicode>
                </TextEquiv>
            </TextLine>
            <TextLine id="r1l68" custom="readingOrder {index:67;}">
                <Coords points="529,2491 1271,2443 1327,2477 1607,2481 1605,2411 1511,2403 527,2428"/>
                <Baseline points="544,2474 596,2473 648,2471 700,2469 752,2468 805,2466 857,2464 909,2462 961,2460 1013,2459 1066,2457 1118,2456 1170,2455 1222,2454 1274,2453 1327,2453 1379,2452 1431,2453 1483,2453 1535,2454 1588,2456"/>
                <TextEquiv>
                    <Unicode>□ Romaus „In Reih' und Glied“ von Friedrich</Unicode>
                </TextEquiv>
            </TextLine>
            <TextLine id="r1l69" custom="readingOrder {index:68;}">
                <Coords points="1611,2488 2784,2486 2782,2417 1611,2443"/>
                <Baseline points="1629,2483 1685,2482 1742,2481 1799,2480 1856,2479 1913,2478 1970,2477 2027,2475 2084,2474 2141,2473 2198,2472 2254,2470 2311,2469 2368,2468 2425,2467 2482,2466 2539,2465 2596,2464 2653,2464 2710,2463 2767,2463"/>
                <TextEquiv>
                    <Unicode>Werke veranschaulicht und zu Gehör bringt. Ein Stück</Unicode>
                </TextEquiv>
            </TextLine>
            <TextLine id="r1l70" custom="readingOrder {index:69;}">
                <Coords points="2786,2520 3261,2509 3260,2460 3061,2474 3037,2463 3006,2478 2953,2461 2786,2467"/>
                <Baseline points="2802,2508 2827,2508 2853,2508 2879,2508 2905,2508 2931,2508 2957,2508 2983,2508 3009,2507 3034,2507 3060,2506 3086,2506 3112,2505 3138,2504 3164,2503 3190,2503 3216,2502 3242,2501"/>
                <TextEquiv>
                    <Unicode>Vorhang fiel, er aber sp</Unicode>
                </TextEquiv>
            </TextLine>
            <TextLine id="r1l71" custom="readingOrder {index:70;}">
                <Coords points="550,2517 1293,2515 1328,2510 1327,2465 1281,2445 1226,2471 626,2480 548,2461"/>
                <Baseline points="567,2519 604,2519 641,2518 678,2518 715,2517 752,2517 789,2516 826,2515 863,2514 900,2513 938,2512 975,2511 1012,2509 1049,2508 1086,2506 1123,2505 1160,2503 1197,2502 1234,2500 1271,2498 1309,2496"/>
                <TextEquiv>
                    <Unicode>Spielhagen befindet sich auf Seite 18.</Unicode>
                </TextEquiv>
            </TextLine>
            <TextLine id="r1l72" custom="readingOrder {index:71;}">
                <Coords points="1604,2538 2790,2505 2789,2463 1603,2485"/>
                <Baseline points="1621,2529 1678,2529 1736,2528 1793,2528 1851,2526 1909,2525 1966,2524 2024,2522 2081,2521 2139,2519 2197,2518 2254,2516 2312,2515 2369,2514 2427,2513 2485,2512 2542,2511 2600,2511 2657,2511 2715,2512 2773,2512"/>
                <TextEquiv>
                    <Unicode>spielt in ärztlichen, ein anderes in schriftstellerischen Kreisen,</Unicode>
                </TextEquiv>
            </TextLine>
            <TextLine id="r1l73" custom="readingOrder {index:72;}">
                <Coords points="2789,2563 2863,2573 2908,2558 2967,2574 3037,2552 3068,2566 3117,2551 3142,2565 3260,2552 3259,2511 3203,2504 3127,2523 2966,2498 2893,2520 2789,2521"/>
                <Baseline points="2806,2557 2831,2556 2857,2555 2883,2555 2909,2554 2934,2554 2960,2554 2986,2554 3012,2554 3037,2554 3063,2554 3089,2554 3115,2553 3140,2553 3166,2552 3192,2550 3218,2548 3244,2546"/>
                <TextEquiv>
                    <Unicode>es zu wissen und zu woll</Unicode>
                </TextEquiv>
            </TextLine>
            <TextLine id="r1l74" custom="readingOrder {index:73;}">
                <Coords points="2338,2563 2475,2573 2687,2560 2750,2564 2792,2588 2792,2508 2694,2529 2604,2514 2339,2528"/>
                <Baseline points="2356,2562 2382,2560 2408,2559 2434,2558 2461,2558 2487,2558 2513,2558 2539,2558 2566,2559 2592,2559 2618,2560 2644,2560 2671,2561 2697,2561 2723,2560 2749,2559 2776,2558"/>
                <TextEquiv>
                    <Unicode>lauter Gebiete, die</Unicode>
                </TextEquiv>
            </TextLine>
            <TextLine id="r1l75" custom="readingOrder {index:74;}">
                <Coords points="1611,2582 2316,2563 2315,2535 2269,2519 1983,2523 1956,2545 1732,2530 1708,2551 1610,2533"/>
                <Baseline points="1629,2578 1662,2578 1695,2577 1729,2576 1762,2576 1796,2575 1829,2574 1862,2573 1896,2572 1929,2571 1963,2570 1996,2568 2029,2568 2063,2567 2096,2566 2130,2565 2163,2564 2196,2564 2230,2563 2263,2563 2297,2562"/>
                <TextEquiv>
                    <Unicode>das dritte in der Kulissenwelt -</Unicode>
                </TextEquiv>
            </TextLine>
            <TextLine id="r1l76" custom="readingOrder {index:75;}">
                <Coords points="2775,2617 2841,2605 2897,2624 2914,2606 3144,2601 3176,2618 3256,2613 3262,2557 2774,2571"/>
                <Baseline points="2793,2603 2818,2603 2843,2603 2868,2602 2893,2602 2919,2602 2944,2602 2969,2602 2994,2601 3020,2601 3045,2600 3070,2600 3095,2599 3120,2598 3146,2597 3171,2596 3196,2595 3221,2593 3247,2591"/>
                <TextEquiv>
                    <Unicode>draußen, unbewußter Ko</Unicode>
                </TextEquiv>
            </TextLine>
            <TextLine id="r1l77" custom="readingOrder {index:76;}">
                <Coords points="1615,2628 2787,2597 2758,2559 1614,2582"/>
                <Baseline points="1634,2625 1690,2623 1747,2621 1804,2619 1861,2617 1918,2616 1974,2615 2031,2614 2088,2613 2145,2612 2202,2611 2258,2610 2315,2610 2372,2609 2429,2608 2486,2608 2542,2607 2599,2606 2656,2605 2713,2604 2770,2603"/>
                <TextEquiv>
                    <Unicode>Schnitzler aus der Praxis des Lebens kennt. Das letztere</Unicode>
                </TextEquiv>
            </TextLine>
            <TextLine id="r1l78" custom="readingOrder {index:77;}">
                <Coords points="2788,2674 2889,2669 2914,2651 2963,2665 2987,2650 3273,2647 3272,2591 3251,2588 3133,2614 2787,2608"/>
                <Baseline points="2804,2648 2829,2647 2854,2646 2879,2646 2904,2646 2929,2646 2954,2646 2979,2646 3004,2646 3029,2646 3054,2646 3079,2646 3104,2646 3129,2645 3154,2645 3179,2643 3204,2642 3229,2640 3255,2637"/>
                <TextEquiv>
                    <Unicode>Menschen und selbst am</Unicode>
                </TextEquiv>
            </TextLine>
            <TextLine id="r1l79" custom="readingOrder {index:78;}">
                <Coords points="666,2696 924,2694 1007,2660 1597,2661 1595,2580 1518,2554 1431,2584 1200,2551 1110,2578 663,2574"/>
                <Baseline points="683,2666 727,2664 772,2663 817,2661 862,2660 907,2659 952,2658 996,2657 1041,2656 1086,2656 1131,2655 1176,2654 1221,2653 1266,2652 1310,2651 1355,2650 1400,2649 1445,2647 1490,2646 1535,2644 1580,2642"/>
                <TextEquiv>
                    <Unicode>Feuilleton. ###</Unicode>
                </TextEquiv>
            </TextLine>
            <TextLine id="r1l80" custom="readingOrder {index:79;}">
                <Coords points="1611,2678 2671,2643 2794,2672 2792,2592 1610,2629"/>
                <Baseline points="1628,2670 1685,2669 1742,2667 1800,2666 1857,2665 1915,2664 1972,2663 2029,2662 2087,2661 2144,2660 2202,2659 2259,2658 2316,2658 2374,2657 2431,2656 2489,2655 2546,2654 2603,2653 2661,2652 2718,2651 2776,2650"/>
                <TextEquiv>
                    <Unicode>Stück, „Große Szene“ heißt es, ist das beste, das</Unicode>
                </TextEquiv>
            </TextLine>
            <TextLine id="r1l81" custom="readingOrder {index:80;}">
                <Coords points="2866,2703 2898,2699 2919,2716 2957,2691 2981,2705 3027,2694 3264,2700 3263,2644 3176,2656 3148,2646 3113,2661 3092,2647 3026,2659 2980,2649 2866,2668"/>
                <Baseline points="2883,2695 2908,2694 2934,2693 2960,2692 2986,2692 3012,2692 3038,2692 3064,2693 3089,2693 3115,2692 3141,2692 3167,2691 3193,2689 3219,2687 3245,2684"/>
                <TextEquiv>
                    <Unicode>So Konrad Herbot</Unicode>
                </TextEquiv>
            </TextLine>
            <TextLine id="r1l82" custom="readingOrder {index:81;}">
                <Coords points="1605,2721 2330,2690 2617,2720 2791,2671 1604,2668"/>
                <Baseline points="1622,2717 1679,2715 1737,2714 1794,2713 1852,2712 1910,2711 1967,2709 2025,2708 2082,2707 2140,2706 2198,2705 2255,2703 2313,2702 2370,2702 2428,2700 2486,2700 2543,2699 2601,2698 2658,2698 2716,2697 2774,2697"/>
                <TextEquiv>
                    <Unicode>witksamste jedenfalls, und wird in der dramatischen</Unicode>
                </TextEquiv>
            </TextLine>
            <TextLine id="r1l83" custom="readingOrder {index:82;}">
                <Coords points="1390,2745 1411,2745 1425,2735 1456,2760 1467,2754 1491,2761 1512,2751 1547,2756 1579,2725 1607,2729 1608,2674 1566,2680 1560,2672 1549,2683 1525,2664 1500,2671 1462,2663 1444,2676 1392,2678"/>
                <Baseline points="1407,2729 1433,2728 1459,2728 1485,2730 1511,2731 1537,2732 1563,2732 1589,2731"/>
                <TextEquiv>
                    <Unicode> 13</Unicode>
                </TextEquiv>
            </TextLine>
            <TextLine id="r1l84" custom="readingOrder {index:83;}">
                <Coords points="2780,2743 2868,2759 2930,2737 3105,2754 3129,2736 3143,2750 3272,2737 3271,2685 2884,2703 2779,2684"/>
                <Baseline points="2796,2742 2821,2741 2847,2741 2872,2741 2898,2741 2923,2741 2949,2740 2974,2740 3000,2740 3026,2740 3051,2739 3077,2738 3102,2738 3128,2737 3153,2737 3179,2735 3204,2734 3230,2734 3256,2732"/>
                <TextEquiv>
                    <Unicode>nennt. Er ist ein großer</Unicode>
                </TextEquiv>
            </TextLine>
            <TextLine id="r1l85" custom="readingOrder {index:84;}">
                <Coords points="1600,2780 2786,2758 2785,2698 1599,2734"/>
                <Baseline points="1618,2765 1675,2763 1733,2762 1790,2760 1848,2759 1906,2757 1963,2756 2021,2755 2078,2753 2136,2752 2194,2751 2251,2750 2309,2749 2366,2748 2424,2747 2482,2746 2539,2746 2597,2745 2654,2745 2712,2745 2770,2744"/>
                <TextEquiv>
                    <Unicode>Literatur auf lange Zeit hin seine Ecke behaupten. Selbst</Unicode>
                </TextEquiv>
            </TextLine>
            <TextLine id="r1l86" custom="readingOrder {index:85;}">
                <Coords points="849,2770 894,2780 919,2759 985,2773 1009,2762 1041,2780 1076,2759 1142,2755 1184,2769 1222,2758 1222,2716 1190,2723 1142,2696 1093,2710 992,2700 946,2714 904,2683 848,2683"/>
                <Baseline points="865,2751 891,2752 917,2753 943,2754 969,2755 995,2755 1021,2755 1047,2755 1073,2755 1099,2754 1125,2753 1151,2752 1177,2751 1204,2750"/>
                <TextEquiv>
                    <Unicode>Burgtheater.</Unicode>
                </TextEquiv>
            </TextLine>
            <TextLine id="r1l87" custom="readingOrder {index:86;}">
                <Coords points="2781,2792 3000,2795 3018,2809 3074,2790 3105,2800 3122,2782 3227,2794 3265,2779 3265,2741 3143,2750 3128,2737 3104,2754 3027,2735 2979,2750 2933,2737 2916,2751 2780,2743"/>
                <Baseline points="2799,2785 2824,2787 2849,2787 2874,2787 2899,2788 2924,2788 2949,2788 2974,2788 2999,2788 3024,2787 3049,2787 3074,2786 3099,2785 3124,2784 3149,2783 3174,2782 3199,2780 3224,2778 3249,2777"/>
                <TextEquiv>
                    <Unicode>die Kassen füllt, immer</Unicode>
                </TextEquiv>
            </TextLine>
            <TextLine id="r1l88" custom="readingOrder {index:87;}">
                <Coords points="1601,2820 2731,2805 2790,2786 2789,2748 1599,2760"/>
                <Baseline points="1617,2810 1674,2809 1732,2807 1790,2806 1848,2805 1905,2803 1963,2802 2021,2800 2079,2799 2136,2798 2194,2797 2252,2795 2310,2794 2367,2793 2425,2792 2483,2791 2541,2791 2598,2790 2656,2790 2714,2789 2772,2789"/>
                <TextEquiv>
                    <Unicode>diejenigen, welche sich vor Superlativen scheuen, überhaupt</Unicode>
                </TextEquiv>
            </TextLine>
            <TextLine id="r1l89" custom="readingOrder {index:88;}">
                <Coords points="529,2824 1562,2821 1610,2810 1609,2740 1041,2781 528,2755"/>
                <Baseline points="546,2821 598,2821 650,2822 703,2821 755,2821 808,2821 860,2821 912,2820 965,2819 1017,2818 1070,2817 1122,2816 1174,2815 1227,2814 1279,2813 1332,2811 1384,2810 1436,2809 1489,2808 1541,2806 1594,2805"/>
                <TextEquiv>
                    <Unicode>Drei Einakter von Artur Schnitzler, dies die erste</Unicode>
                </TextEquiv>
            </TextLine>
            <TextLine id="r1l90" custom="readingOrder {index:89;}">
                <Coords points="2781,2854 3021,2834 3077,2850 3104,2825 3227,2856 3265,2837 3264,2782 3041,2791 3023,2774 2975,2800 2779,2795"/>
                <Baseline points="2799,2840 2825,2838 2851,2838 2878,2836 2904,2836 2930,2835 2957,2835 2983,2834 3009,2833 3036,2833 3062,2832 3088,2832 3115,2831 3141,2830 3167,2829 3194,2828 3220,2827 3247,2825"/>
                <TextEquiv>
                    <Unicode>seine Frau und betrügt</Unicode>
                </TextEquiv>
            </TextLine>
            <TextLine id="r1l91" custom="readingOrder {index:90;}">
                <Coords points="1606,2859 2789,2833 2788,2788 2547,2775 1606,2817"/>
                <Baseline points="1623,2857 1680,2855 1737,2854 1795,2852 1852,2851 1909,2850 1967,2848 2024,2847 2081,2846 2139,2845 2196,2843 2253,2842 2311,2841 2368,2840 2425,2840 2483,2838 2540,2838 2597,2837 2655,2837 2712,2836 2770,2836"/>
                <TextEquiv>
                    <Unicode>nicht gern die höheren Vergleichungsstufen betreten, werden</Unicode>
                </TextEquiv>
            </TextLine>
            <TextLine id="r1l92" custom="readingOrder {index:91;}">
                <Coords points="439,2892 1607,2862 1606,2814 438,2829"/>
                <Baseline points="455,2871 511,2871 568,2871 625,2871 682,2871 738,2870 795,2869 852,2868 909,2867 965,2866 1022,2865 1079,2864 1136,2862 1192,2861 1249,2860 1306,2859 1363,2858 1419,2857 1476,2856 1533,2856 1590,2856"/>
                <TextEquiv>
                    <Unicode>neue Gabe unserer Hofbühne in dem käum begonnenen,</Unicode>
                </TextEquiv>
            </TextLine>
            <TextLine id="r1l93" custom="readingOrder {index:92;}">
                <Coords points="2790,2890 2916,2898 3041,2880 3063,2894 3083,2879 3108,2893 3254,2875 3253,2847 3106,2826 3086,2841 3012,2832 2960,2848 2789,2835"/>
                <Baseline points="2808,2884 2833,2882 2858,2882 2883,2880 2908,2880 2933,2879 2958,2879 2983,2878 3008,2878 3034,2877 3059,2877 3084,2876 3109,2876 3134,2875 3159,2874 3184,2873 3209,2872 3235,2870"/>
                <TextEquiv>
                    <Unicode>fünfundvierzig Jahre</Unicode>
                </TextEquiv>
            </TextLine>
            <TextLine id="r1l94" custom="readingOrder {index:93;}">
                <Coords points="1612,2919 2784,2886 2783,2844 2608,2824 2553,2860 1611,2867"/>
                <Baseline points="1629,2907 1685,2904 1742,2902 1799,2900 1856,2898 1913,2896 1969,2895 2026,2893 2083,2892 2140,2891 2197,2890 2253,2889 2310,2887 2367,2887 2424,2886 2481,2884 2537,2884 2594,2882 2651,2881 2708,2880 2765,2879"/>
                <TextEquiv>
                    <Unicode>zugeben müssen, daß seit Diderots glänzendem „Paradoxe</Unicode>
                </TextEquiv>
            </TextLine>
            <TextLine id="r1l95" custom="readingOrder {index:94;}">
                <Coords points="442,2937 1611,2910 1610,2861 441,2881"/>
                <Baseline points="460,2920 516,2919 573,2918 629,2917 686,2916 743,2915 799,2915 856,2914 912,2913 969,2913 1026,2912 1082,2911 1139,2910 1195,2909 1252,2908 1309,2907 1365,2905 1422,2903 1478,2902 1535,2900 1592,2898"/>
                <TextEquiv>
                    <Unicode>noch vom Kriege durchtobten Spieljahre. Auf dem Theater¬</Unicode>
                </TextEquiv>
            </TextLine>
            <TextLine id="r1l96" custom="readingOrder {index:95;}">
                <Coords points="2783,2942 2968,2942 3006,2924 3031,2938 3170,2925 3230,2941 3264,2923 3264,2878 2782,2893"/>
                <Baseline points="2800,2928 2826,2927 2852,2927 2879,2927 2905,2926 2931,2926 2958,2926 2984,2926 3010,2925 3037,2925 3063,2925 3089,2925 3116,2924 3142,2923 3168,2922 3195,2922 3221,2920 3248,2919"/>
                <TextEquiv>
                    <Unicode>Glatze der Unwiderstehl</Unicode>
                </TextEquiv>
            </TextLine>
            <TextLine id="r1l97" custom="readingOrder {index:96;}">
                <Coords points="1622,2955 2654,2924 2773,2957 2786,2880 1621,2913"/>
                <Baseline points="1639,2951 1695,2948 1751,2947 1808,2944 1864,2943 1921,2941 1977,2940 2034,2939 2090,2938 2147,2937 2203,2936 2259,2935 2316,2934 2372,2933 2429,2932 2485,2932 2542,2931 2598,2929 2655,2928 2711,2927 2768,2926"/>
                <TextEquiv>
                    <Unicode>sur le comédien“ keine feinere, tiefer schürfende, und man</Unicode>
                </TextEquiv>
            </TextLine>
            <TextLine id="r1l98" custom="readingOrder {index:97;}">
                <Coords points="444,2982 1298,2943 1470,2975 1609,2962 1608,2899 443,2937"/>
                <Baseline points="461,2967 517,2966 574,2965 630,2964 687,2963 743,2962 800,2961 856,2960 913,2959 969,2958 1026,2957 1082,2956 1139,2955 1195,2954 1252,2953 1308,2952 1365,2951 1421,2950 1478,2949 1534,2948 1591,2946"/>
                <TextEquiv>
                    <Unicode>zettel erscheinen die kleinen Stücke unter einem gemein¬</Unicode>
                </TextEquiv>
            </TextLine>
            <TextLine id="r1l99" custom="readingOrder {index:98;}">
                <Coords points="2778,2980 3162,2983 3235,2971 3234,2932 3007,2923 2966,2945 2808,2934 2777,2946"/>
                <Baseline points="2797,2973 2823,2974 2849,2974 2876,2973 2902,2973 2928,2972 2955,2972 2981,2971 3008,2970 3034,2970 3060,2969 3087,2969 3113,2968 3139,2967 3166,2967 3192,2966 3219,2966"/>
                <TextEquiv>
                    <Unicode>wo man ihn anfühlt.</Unicode>
                </TextEquiv>
            </TextLine>
            <TextLine id="r1l100" custom="readingOrder {index:99;}">
                <Coords points="1622,3001 2784,2988 2783,2946 2653,2925 1621,2955"/>
                <Baseline points="1638,2995 1694,2993 1750,2991 1807,2990 1863,2989 1919,2987 1976,2986 2032,2985 2088,2984 2145,2983 2201,2982 2257,2981 2314,2980 2370,2979 2426,2978 2483,2977 2539,2976 2595,2975 2652,2974 2708,2972 2765,2971"/>
                <TextEquiv>
                    <Unicode>kann beifügen, grausamere Studie über die Psyche des Schau¬</Unicode>
                </TextEquiv>
            </TextLine>
            <TextLine id="r1l101" custom="readingOrder {index:100;}">
                <Coords points="443,3024 1485,2980 1605,3006 1604,2950 442,2982"/>
                <Baseline points="459,3011 515,3010 571,3010 628,3009 684,3009 741,3008 797,3007 853,3006 910,3005 966,3004 1023,3003 1079,3002 1135,3001 1192,3000 1248,2999 1305,2997 1361,2996 1417,2995 1474,2993 1530,2992 1587,2990"/>
                <TextEquiv>
                    <Unicode>samen Titel vereinigt: „Komödie der Worte“. Ein</Unicode>
                </TextEquiv>
            </TextLine>
            <TextLine id="r1l102" custom="readingOrder {index:101;}">
                <Coords points="2794,3025 2836,3035 2860,3021 2895,3038 3000,3019 3035,3029 3069,3004 3101,3032 3188,3027 3202,3013 3247,3023 3246,2953 3177,2972 2793,2980"/>
                <Baseline points="2810,3018 2836,3017 2862,3016 2888,3016 2915,3015 2941,3015 2967,3015 2993,3015 3020,3015 3046,3015 3072,3014 3098,3014 3125,3014 3151,3014 3177,3013 3203,3011 3230,3010"/>
                <TextEquiv>
                    <Unicode>die Scheidung seiner E</Unicode>
                </TextEquiv>
            </TextLine>
            <TextLine id="r1l103" custom="readingOrder {index:102;}">
                <Coords points="1609,3078 1706,3044 2470,3049 2595,3008 2700,3044 2794,3011 2793,2979 2695,2974 1607,3001"/>
                <Baseline points="1625,3044 1682,3043 1740,3041 1797,3039 1855,3037 1912,3035 1970,3034 2027,3033 2085,3031 2142,3029 2200,3028 2258,3027 2315,3026 2373,3025 2430,3024 2488,3023 2545,3022 2603,3022 2660,3021 2718,3020 2776,3020"/>
                <TextEquiv>
                    <Unicode>spielers geschrieben wurde. Natürlich verfolgt der deutsche</Unicode>
                </TextEquiv>
            </TextLine>
            <TextLine id="r1l104" custom="readingOrder {index:103;}">
                <Coords points="442,3063 1360,3064 1604,3049 1603,3004 441,3028"/>
                <Baseline points="459,3062 515,3060 571,3058 628,3057 684,3055 741,3054 797,3053 853,3052 910,3051 966,3051 1023,3050 1079,3049 1135,3048 1192,3047 1248,3047 1305,3046 1361,3044 1417,3043 1474,3042 1530,3040 1587,3039"/>
                <TextEquiv>
                    <Unicode>guter, die Erwartung spannender, ein sprechender Titel.</Unicode>
                </TextEquiv>
            </TextLine>
            <TextLine id="r1l105" custom="readingOrder {index:104;}">
                <Coords points="2785,3071 2963,3068 3023,3085 3047,3067 3124,3079 3165,3058 3267,3066 3266,3014 3099,3031 3060,3004 3036,3029 2900,3038 2784,3019"/>
                <Baseline points="2802,3065 2828,3065 2854,3064 2880,3063 2906,3063 2933,3062 2959,3062 2985,3061 3011,3061 3038,3060 3064,3060 3090,3059 3116,3059 3143,3059 3169,3058 3195,3058 3221,3058 3248,3058"/>
                <TextEquiv>
                    <Unicode>daß er die Braut eine</Unicode>
                </TextEquiv>
            </TextLine>
            <TextLine id="r1l106" custom="readingOrder {index:105;}">
                <Coords points="1608,3089 2795,3084 2793,3011 2696,3045 1608,3047"/>
                <Baseline points="1627,3087 1684,3087 1742,3086 1799,3085 1857,3084 1914,3083 1972,3081 2029,3080 2087,3078 2144,3077 2202,3075 2260,3074 2317,3072 2375,3071 2432,3070 2490,3069 2547,3068 2605,3067 2662,3067 2720,3066 2778,3066"/>
                <TextEquiv>
                    <Unicode>Dichter andere Ziele als der berühmte Franzose. Er</Unicode>
                </TextEquiv>
            </TextLine>
            <TextLine id="r1l107" custom="readingOrder {index:106;}">
                <Coords points="437,3102 1613,3100 1570,3049 437,3067"/>
                <Baseline points="453,3105 510,3104 567,3103 624,3101 681,3100 738,3099 795,3098 852,3097 909,3096 966,3095 1024,3094 1081,3093 1138,3093 1195,3092 1252,3091 1309,3090 1366,3089 1423,3089 1480,3088 1537,3087 1595,3086"/>
                <TextEquiv>
                    <Unicode>Hier bestimmt und kennzeichnet ein Substantiv das andere.</Unicode>
                </TextEquiv>
            </TextLine>
            <TextLine id="r1l108" custom="readingOrder {index:107;}">
                <Coords points="1620,3150 2938,3132 3210,3114 3262,3065 1619,3090"/>
                <Baseline points="1638,3136 1718,3133 1798,3130 1879,3128 1959,3126 2040,3125 2120,3123 2200,3122 2281,3121 2361,3120 2442,3119 2522,3118 2602,3117 2683,3116 2763,3115 2844,3114 2924,3113 3004,3111 3085,3110 3165,3108 3246,3106"/>
                <TextEquiv>
                    <Unicode>schildert den Einfluß des Handwerks auf den Handwerker, Bräutigam hat davon</Unicode>
                </TextEquiv>
            </TextLine>
            <TextLine id="r1l109" custom="readingOrder {index:108;}">
                <Coords points="441,3166 1623,3129 1602,3091 440,3103"/>
                <Baseline points="458,3148 515,3149 572,3149 630,3149 687,3149 745,3148 802,3148 860,3147 917,3146 975,3145 1032,3144 1089,3143 1147,3142 1204,3140 1262,3139 1319,3139 1377,3138 1434,3137 1492,3137 1549,3137 1607,3137"/>
                <TextEquiv>
                    <Unicode>Worte, die nur Komödie'spielen, also leere Klänge, könende</Unicode>
                </TextEquiv>
            </TextLine>
            <TextLine id="r1l110" custom="readingOrder {index:109;}">
                <Coords points="448,3233 3270,3152 447,3159"/>
                <Baseline points="464,3203 603,3201 743,3200 882,3198 1022,3196 1161,3194 1301,3191 1440,3189 1580,3187 1719,3184 1859,3181 1998,3178 2138,3175 2277,3173 2417,3169 2556,3166 2696,3162 2835,3159 2975,3155 3114,3151 3254,3148"/>
                <TextEquiv>
                    <Unicode>Schellen, gefühllos hewegte Luft. Und wie diese leichte, zeigt uns, wie Der Mann, der hundert Gestalten= seiner einer „Hamlet“=Vorstellt</Unicode>
                </TextEquiv>
            </TextLine>
            <TextLine id="r1l111" custom="readingOrder {index:110;}">
                <Coords points="3204,3289 3252,3294 3265,3180 3247,3178 3236,3187 3215,3185"/>
                <Baseline points="3224,3279 3237,3280"/>
                <TextEquiv>
                    <Unicode></Unicode>
                </TextEquiv>
            </TextLine>
            <TextLine id="r1l112" custom="readingOrder {index:111;}">
                <Coords points="2010,3354 3179,3327 3174,3163 2977,3245 2667,3120 2472,3251 2360,3272 2169,3168 2006,3187"/>
                <Baseline points="2027,3299 2083,3306 2140,3312 2196,3316 2253,3318 2310,3318 2366,3318 2423,3317 2480,3314 2536,3311 2593,3308 2650,3304 2706,3301 2763,3298 2820,3294 2876,3292 2933,3291 2990,3290 3046,3290 3103,3292 3160,3295"/>
                <TextEquiv>
                    <Unicode> Mahn</Unicode>
                </TextEquiv>
            </TextLine>
            <TextLine id="r1l113" custom="readingOrder {index:112;}">
                <Coords points="3134,3332 3165,3328 3180,3342 3211,3323 3221,3323 3228,3330 3238,3319 3266,3318 3265,3259 3247,3259 3227,3281 3216,3271 3202,3275 3189,3289 3167,3279 3133,3280"/>
                <Baseline points="3150,3308 3182,3310 3215,3308 3248,3306"/>
                <TextEquiv>
                    <Unicode>1</Unicode>
                </TextEquiv>
            </TextLine>
            <TextLine id="r1l114" custom="readingOrder {index:113;}">
                <Coords points="1932,3335 1986,3347 2019,3201 1998,3196 1984,3179 1967,3175"/>
                <Baseline points="1957,3306 1976,3310"/>
                <TextEquiv>
                    <Unicode>1</Unicode>
                </TextEquiv>
            </TextLine>
            <TextLine id="r1l115" custom="readingOrder {index:114;}">
                <Coords points="938,3340 973,3344 1025,3313 1109,3345 1126,3331 1154,3345 1182,3328 1241,3350 1273,3329 1315,3336 1315,3273 1228,3259 1190,3230 1127,3251 1012,3201 991,3218 939,3214"/>
                <Baseline points="957,3313 983,3314 1009,3314 1035,3314 1061,3314 1088,3313 1114,3313 1140,3313 1166,3313 1193,3313 1219,3314 1245,3315 1271,3317 1298,3320"/>
                <TextEquiv>
                    <Unicode> Ta</Unicode>
                </TextEquiv>
            </TextLine>
            <TextLine id="r1l116" custom="readingOrder {index:115;}">
                <Coords points="2692,3338 2713,3338 2720,3345 2745,3345 2752,3338 2766,3344 2783,3344 2790,3337 2797,3344 2863,3340 2862,3287 2831,3288 2813,3274 2796,3288 2775,3282 2765,3292 2692,3286"/>
                <Baseline points="2708,3315 2735,3318 2763,3318 2791,3317 2819,3315 2847,3316"/>
                <TextEquiv>
                    <Unicode>ariegesen beig</Unicode>
                </TextEquiv>
            </TextLine>
            <TextLine id="r1l117" custom="readingOrder {index:116;}">
                <Coords points="1714,3385 1863,3370 1905,3361 1927,3341 1946,3353 2061,3346 2051,3266 1984,3292 1929,3249 1885,3290 1851,3269 1810,3310 1789,3305 1777,3321 1708,3333"/>
                <Baseline points="1728,3353 1754,3349 1780,3344 1806,3338 1832,3333 1858,3328 1885,3323 1911,3319 1937,3316 1963,3315 1989,3316 2015,3318 2042,3322"/>
                <TextEquiv>
                    <Unicode>1121</Unicode>
                </TextEquiv>
            </TextLine>
            <TextLine id="r1l118" custom="readingOrder {index:117;}">
                <Coords points="2633,4165 2846,4147 3010,4164 3028,4146 3192,4163 3191,4079 3090,4073 3003,4098 2937,4080 2905,4102 2839,4077 2727,4109 2682,4081 2633,4085"/>
                <Baseline points="2650,4142 2676,4141 2702,4141 2728,4141 2754,4141 2780,4141 2806,4141 2833,4141 2859,4141 2885,4142 2911,4142 2937,4142 2963,4142 2989,4142 3016,4141 3042,4141 3068,4141 3094,4140 3120,4139 3146,4138 3173,4137"/>
                <TextEquiv>
                    <Unicode></Unicode>
                </TextEquiv>
            </TextLine>
            <TextEquiv>
                <Unicode>box 32/1
26.1. Konoedie der Norte zyklus
unertdänschte Frende i
——
Die Minister in Nisch setzen ihre Hoffnungen nicht auf
Armee mobilisiert, die,
Auf der Westfront von Dünaburg führte unser An¬
Petersburg, sondern blicken angstvoll nach dem Süden, nach
eines gewaltsamen Einbr
griff zur Erstürmung der feindlichen Stellungen westlich
Saloniki, ob nicht von dort die Erlösung aus den Bedräng¬
durch Drohungen in Lo#
von Illuxt in zweieinhalb Kilometer Frontbreite. Drei
nissen sich nähere. Manch einer ist unter ihnen, dessen Brust
kann Serbien unter solch
Offiziere, 367 Mann sind gefangengenommen. Ein Ma¬
vom Zweifel zerwühlt wird und der, getrieben von Angst
Der Streit unter den Ver
schinengewehr ist erbeutet. Russische Gegenangriffe wurden
vor der schweren Verantwortung und im Bewußtsein, durch
in Saloniki verstärken
abgeschlagen.
Volksverführung eine Schuld auf sich geladen zu haben, die
Heeresgruppe des Generalfeldmarschalls
Mächtegruppe, die den
Frage nach dem Auswege prüft, manch einer, der den Ge¬
sie auf die Erschöpfung
Prinzen Leopold von Bayern.
danken erwägt, obner nicht durch einen verwegenen Tell¬
ihrer Politik nicht mehr
Nichts Neues.
sprung aus dem Nachen der Verbündeten den Fuß wieder
Aufgebot den unentbehrl
Heeresgruppe des Generalsv. Linsingen.
auf festes Land setzen könne. Aber die Unfreiheit ist zu
Die feindliche Kavallerie bei Jeziersy räumte das
male der Schwäche, der
groß. Serbien wird noch immer von den Verschwörern
sichtbar und keiner hat I
Feld.
regiert, die den König Alexander und dessen Gemahlin er¬
ein verdrossenes Urteil
Die Lage bei den deutschen Truppen der Armee des
mördet und den König Peter in den von diesem Verbrechen
Seelenzustände sind wich
besudelten Palast geleitet haben. Von ihnen und von den mit
Generals Grafen Bothmer ist unverändert.
des Vierverbandes über
ihnen zusammenhängenden militärischen Einflüssen, von
Balkankriegsschauplatz.
ginnen. Das Vertrauen
einer Militärliga wird Serbien beherrscht. Die Minister
Auf der ganzen Front macht unsere Vorwärts¬
und die Katastrophe von
sind gegen die Ueberhebung und gegen die Selbstvergötterung,
schuldigen schwerlich über
bewegung gute Fortschritte. Stadt und Feste Semendria
die sich von den Verhältnissen keine Rechenschaft geben kann,
sind gestern von unseren Truppen genommen.
beinahe ohnmächtig. Der Glaube an Rußland ist bei den
Oberste Heeresleitung.“
Stimme und Seele leih
seichte =Musik in den verschiedenen Gesellschaftszentren die
 Die 335. Fortsetzung des Wiederabdruckes des
im Wechselspiel der
Tonart wechselt, dies ist es, was uns der Dichter in dem neuen
eigenen Charakters verl
□ Romaus „In Reih' und Glied“ von Friedrich
Werke veranschaulicht und zu Gehör bringt. Ein Stück
Vorhang fiel, er aber sp
Spielhagen befindet sich auf Seite 18.
spielt in ärztlichen, ein anderes in schriftstellerischen Kreisen,
es zu wissen und zu woll
lauter Gebiete, die
das dritte in der Kulissenwelt -
draußen, unbewußter Ko
Schnitzler aus der Praxis des Lebens kennt. Das letztere
Menschen und selbst am
Feuilleton. ###
Stück, „Große Szene“ heißt es, ist das beste, das
So Konrad Herbot
witksamste jedenfalls, und wird in der dramatischen
 13
nennt. Er ist ein großer
Literatur auf lange Zeit hin seine Ecke behaupten. Selbst
Burgtheater.
die Kassen füllt, immer
diejenigen, welche sich vor Superlativen scheuen, überhaupt
Drei Einakter von Artur Schnitzler, dies die erste
seine Frau und betrügt
nicht gern die höheren Vergleichungsstufen betreten, werden
neue Gabe unserer Hofbühne in dem käum begonnenen,
fünfundvierzig Jahre
zugeben müssen, daß seit Diderots glänzendem „Paradoxe
noch vom Kriege durchtobten Spieljahre. Auf dem Theater¬
Glatze der Unwiderstehl
sur le comédien“ keine feinere, tiefer schürfende, und man
zettel erscheinen die kleinen Stücke unter einem gemein¬
wo man ihn anfühlt.
kann beifügen, grausamere Studie über die Psyche des Schau¬
samen Titel vereinigt: „Komödie der Worte“. Ein
die Scheidung seiner E
spielers geschrieben wurde. Natürlich verfolgt der deutsche
guter, die Erwartung spannender, ein sprechender Titel.
daß er die Braut eine
Dichter andere Ziele als der berühmte Franzose. Er
Hier bestimmt und kennzeichnet ein Substantiv das andere.
schildert den Einfluß des Handwerks auf den Handwerker, Bräutigam hat davon
Worte, die nur Komödie'spielen, also leere Klänge, könende
Schellen, gefühllos hewegte Luft. Und wie diese leichte, zeigt uns, wie Der Mann, der hundert Gestalten= seiner einer „Hamlet“=Vorstellt

 Mahn
1
1
 Ta
ariegesen beig
1121
</Unicode>
            </TextEquiv>
        </TextRegion>
    </Page>
</PcGts>
