3344 4320
2136 161 2581 264 box 32/1
273 159 2093 256 26.1. Konoedie der Norte zuklus
314 957 1180 1047 Had, Kntwem die Reindsellgteiten hegen
1148 1037 1273 1094 S
1427 1026 1568 1106 FRN
310 1074 1285 1169 her erblich belastet sind? Wie wohl auch Felix
1325 1101 2248 1159 Dreimal variiert hier der Wiener Dichter das
2259 1085 3227 1180 einen verkniffenen Ton, der den Mann zu¬
317 1122 1284 1210 Staufner versteht, der das „Bacchusfest“ schreibt,
1279 1143 2251 1207 Thema des Verzeihens; zehn Jahre schweigt und
2253 1152 3238 1226 widerer und Frau Klaras Opferleben für ihn
313 1173 1276 1253 die dritte dieser Komödiem. Wie er in das Bahn¬
1287 1186 2257 1268 brütet Dr. Eckold, Frau Klara Herbot bleibt bei
2254 1203 3224 1273 unverständlicher werden ließ. Wo blieb da
301 1204 1276 1297 hofrestaurant tritt, sieht er seine junge Frau,
1284 1237 2240 1303 zihrem Schauspieler, und der Dichter Staufner
2248 1259 3220 1332 Paulsen? Ebenso wäre auch als Staufner Herr
3222 1263 3355 1330 Ein
315 1277 1277 1346 mit der er hier nach sechswöchiger Trennung
1285 1303 2251 1354 zwingt sich durch lächelnde Beherrschtheit
2248 1305 3215 1368 Treßler bedeutender gewesen. Für den Schau¬
3210 1312 3355 1371 Akten
306 1316 1284 1392 zusammenkommen soll, mit einem jungen Mann
1284 1346 2244 1398 seine Frau, die freilich innerlich immer bei ihm
2258 1361 3208 1432 spieler Herbot brachte Herr Walden die selbst¬
3207 1362 3352 1422 Theal
313 1381 1278 1449 zusammen in den Bahnhof treten, Hand in
1293 1390 2248 1451 geblieben war, zurück. Gemeinsam ist allen, daß
3216 1408 3354 1467 lesen
2252 1410 3212 1477 gefällige Leichtigkeit des Lieblings und die
311 1438 1279 1498 Hand. Da weiß er, die beiden haben sich geliebt,
1291 1443 2244 1508 sie die Tatsache des körperlichen Verrates viel¬
3220 1454 3345 1508 gon
2255 1457 3217 1518 Politur des glatten Komödianten mit, ohne
312 1480 1279 1545 wollen nun vor ihn treten, um es ihm zu sagen.
1280 1487 2237 1545 leicht geringer einschätzen, als jemals früher auf
3217 1492 3357 1554 nur
2254 1506 3210 1581 über Geschicklichkeit jemals hinauszukommen.
318 1524 1276 1593 Aber er will diese Trennung nicht, er be¬
3223 1540 3330 1589 der
1279 1532 2239 1591 der Bühne gewagt wurde, gemeinsam die Er¬
2254 1546 3221 1621 Uebrigens wird diese Bombenrolle sicher auf
312 1575 1277 1633 zwingt das Männchen in sich, er ist entzückend,
3228 1570 3344 1630 stören
1277 1584 2242 1651 kenntnis, daß das Leben daneben ungeheuer
2256 1598 3213 1663 hundert deutschen Bühnen überall „unübertreff¬
3220 1627 3346 1683 det
304 1623 1279 1694 er verhindert dieses Geständnis, und so sitzen
1293 1640 2244 1705 mehr an Bindungen enthält, die Männer und
2258 1651 3215 1710 lich“ dargestellt werden. Frau Bleibtreu
3229 1672 3354 1728 seine
310 1674 1275 1746 die drei zusammen am Gasthoftisch, und er
1288 1684 2246 1752 Frauen aneinander knüpfen: Kinder, Heim,
2252 1703 3219 1756 edel, einfach, Frau Medelsky viel zu schwer
3220 1714 3355 1771 seine
309 1724 1283 1808 spricht, er besiegt mit seinen Worten den netten
1288 1717 2243 1793 Arbeit, und — die Liebe, die manchmal ganz
2254 1756 3219 1817 im Ton, zwischen ihren Sätzen strömten ganze
3218 1759 3356 1829 werd
306 1774 1276 1830 kleinen, jungen Mann, der seine Frau ihm
1293 1789 2245 1838 unabhängig von jener Hingabe wird wie bei
3225 1802 3355 1858 heit,
2254 1801 3216 1870 Tränenbäche; auch sonst waren die Herren
303 1818 1284 1887 weggenommen hat. Staufner ist klug, er ist ein
1289 1832 2247 1893 Frau Klara, die wegen eines Verrates stirbt,
3219 1847 3356 1929 Gene
2260 1850 3219 1916 Gerasch, Rhomberg und Fräulein
315 1873 1275 1945 Dichter wie Schnitzler, wird vermutlich gleich
1286 1878 2242 1944 den sie nicht so begangen hat. Dies ist nicht
2252 1897 3210 1976 Wohlgemuth (hier hätte Fräulein Marberg
305 1926 1278 1985 diesem feine, verstehende Komödien schreiben,
3219 1937 3330 1986 und
1293 1933 2238 1991 Verzeihen, es. ist etwas anderes, Neues,
2257 1960 3217 2019 viel parodistischer gewirkt) nicht überwältigend,
316 1977 1288 2049 und so weiß er auch, daß der andere die Frau
3212 1975 3359 2042 präch
1285 1992 2245 2053 Kühnes, aus einer neuen, wissenschaftlicheren,
2242 1995 3204 2076 aber schon gar nicht. Herr Tiedtke als senten¬
3216 2024 3354 2078 Gene
309 2027 1274 2086 ihm gar nicht wegnehmen konnte, daß jener bloß
1282 2031 2239 2093 tieferen Erkenntnis der Seele geboren. Man
2246 2043 3216 2116 tiöser Theaterdirektor fehl am Ort; hier
3212 2066 3345 2125 Paro
303 2066 1285 2139 den Vorteil hatte, da zu sein, während Staufner
1276 2079 2246 2150 muß viel Ererbtes und Ueberkommenes in sich
2249 2097 3204 2164 hätte Raschheit, Schärfe, Bosheit hergehört:
3224 2112 3354 2168 „Lust
311 2125 1286 2190 mit jungen Mädchen in die Berge stieg und
1278 2137 2233 2190 niederkämpfen, um ihm folgen zu können; er¬
3216 2156 3354 2214 Ueber
2251 2148 3216 2209 Herr Heine. Fragen: Manche Schauspieler
310 2173 1272 2230 sein „Bacchusfest“ anfing. Jetzt aber ist der Gatte
1288 2182 2246 2246 leichtert wird uns der Weg durch die belebte
3228 2200 3356 2254 echten
2264 2205 3205 2266 fehlen dem Burgtheater — warum beschäftigt
307 2227 1282 2293 wieder da, mit ihm die Gewalt ihres ganzen
1279 2231 2241 2297 Anmut des Dialogs, durch jene stille Ironie,
3216 2245 3358 2331 Publ
2253 2243 3215 2329 man die vortrefflichen nicht, die man hat, wenn
312 2274 1269 2340 gemeinsamen Lebens, ihr geschmeicheltes und
1276 2280 2248 2330 deren Meister Schnitzler ist, durch seine heitere
3220 2291 3333 2355 der
2246 2297 3208 2367 die Rollen nach ihnen geradezu schreien?
307 2324 1280 2385 ehrgeiziges Interesse an seiner bedeutenden
1275 2330 2242 2382 Beherrschung der Bühne. Er darf es sich sogar
3217 2342 3342 2401 bietet
2247 2357 3209 2416 Warum hört der Direktor allein diesen Schrei
316 2371 1271 2436 Arbeit, und so kommt der junge Mann gar nicht
1292 2377 2237 2433 gestatten, gelegentlich breit zu werden, weil er
3211 2386 3341 2444 wahr
2252 2401 3202 2454 nicht? Wie durfte man mit einer so minder¬
305 2423 1275 2481 dazu, die Wahrheit zu gestehen, die Staufner
1282 2425 2239 2483 nie seicht wird, und die Zügel locker zu lassen;
3214 2433 3355 2501 Einfe
2239 2438 3209 2523 woertigen Aufführung die Bühne und den
1281 2470 2236 2523 er behält sie ja doch immer in der Hand. Den¬
303 2464 1270 2532 schon längst weiß, und er reist allein fort,
3212 2478 3356 2543 Heirg
2246 2496 3206 2553 Dichter kompromittieren? Er siegte, oft und
312 2520 1272 2569 und diese Liebe war bloß ein Intermezzo, die
1276 2513 2233 2587 noch: man hätte streichen müssen; bedauernd,
3218 2524 3346 2579 zitter
2247 2547 3207 2603 stürmisch gerufen, trotzdem; wie stark wäre erst
1279 2568 1856 2633 versteht sich, aber streichen!
3209 2565 3354 2619 übera
310 2558 1284 2636 Lust eines Abends wie das alte „Bacchusfest“
2249 2598 3212 2659 der Erfolg gewesen, wenn man die Schauspieler
3212 2611 3354 2671 spieln
304 2612 1281 2671 Freilich, wie der Dichter mit seiner Frau allein
1312 2618 2248 2684 Die Gefahr bei solchen Variationen ist immer
2248 2649 3206 2703 auch noch verstand# hätte! Herr Devrient
3218 2657 3353 2714 erfolg
311 2665 1278 2724 ist, da ist er doch nicht genug Versteher, ist
1282 2666 2235 2737 eine gewisse Eintönigkeit; sie wäre völliger ge¬
1122 2705 1164 2731 —
2251 2698 3202 2764 will Bedeutsamkeit durch Flüstern ersetzen, Frau
3215 2702 3342 2763 Lache
316 2716 1285 2774 doch genug Mann, um „mit einem plötzlichen
1284 2715 2232 2781 bannt worden, wenn wenigstens für schau¬
3212 2747 3324 2799 zum
2246 2747 3202 2810 Medelsky verhaucht eine ganze Maria Stuart
318 2771 1283 2839 dumpfen Ausbruch“ zu sagen: „Ich hasse
1278 2770 2233 2831 spielerische Abwechslung gesorgt worden wäre.
3212 2789 3345 2848 Es is
2243 2798 3196 2850 so nebenbei — in einem Lustspiel! Das kroch
307 2813 1280 2886 dich.“ Und es wird Leute geben, die es sich vor¬
1274 2817 2237 2870 Leider hat Herr Walden in allen drei Komö¬
3216 2834 3357 2892 ohne
2250 2843 3202 2914 und schleppte, dehnte und pausierte! Wieviel
1282 2865 2239 2917 dien die Hauptrolle — nicht zugunsten des Ge¬
309 2865 1269 2919 stellen können, daß solche plötzliche, dumpfe
3207 2873 3353 2934 Direk
2243 2896 3201 2954 Unfähigkeit, wieviele Fehlbesetzungen bei einer
1284 2912 2244 2973 samteindruckes. Für die kochende, sozusagen
310 2911 1273 2974 Ausbrüche sich in den kommenden Jahren dieser
3207 2922 3348 2993 an F
2244 2943 3206 3002 einzigen Burgtheaterpremiere! Sollte da nicht
1286 2960 2241 3019 in einem Gefühlsthermophor zehn Jahre heiß
307 2962 1263 3015 Ehe vielleicht wiederholen könnten. Das sind
3220 2969 3345 3025 geschl
2239 2991 3199 3069 auch der Posten des Direktors falsch besetzt sein?
296 3006 1278 3056 nicht die Leute, für die Schnitzler schreibt und
1282 3012 2252 3071 gebliebene Melange aus Eifersucht, Neid und
3210 3015 3355 3068 Ensen
2796 3044 3354 3135 Dr. Ludwig Baner. Fritz
302 3057 2280 3138 die ihm gestern so herzlich zugeklatscht haben. Rachgier des Dr. Eckold hatte er nur
