3344 4352
1485 105 1573 171 1
955 154 1575 208 Unternehmen für Zeitungs-Ausschnitte
961 190 1591 237 Wien I. Wollzeile 11, Telephon R-23-0-43
698 341 1085 424 Ausschnitt aus:
747 429 1349 516 Extrait de LEVENTAIL
738 506 1353 592 Adresse: BRUXELLES
740 596 922 684 Date .
910 594 1242 719 NOV 135
733 684 954 759 —Siené:
1373 1132 2188 1212 SPECTACLES DE VIENNE
735 1329 2162 1451 De & Der Liebe Ausustin)
1364 1472 2815 1602 à quelques pièces de choix
783 1635 2758 1692 Les soirées viennoises étincellent de mille facettes; mais leur succès, c’est que dans
954 1676 2603 1738 des décors composés avecune réelle originalité, les cuvres sont jouées
1206 1734 2335 1801 par des comédiens d’une fantaisie sans limite.
1412 1799 2157 1879 (De notre correspondank particulier)
1820 1916 2808 1965 Le Burgtheater a ete bien inspiré en reprenant, sur lak
812 1914 1765 1970 E Ballet de 1°Opéra de Vienne, à lort neglige ccs
1792 1953 2799 1999 scène intime de I'Akademietheater. Comédie des mols,
756 1950 1753 2010 1 dernières anndes, va ressusciter sous la baguelte de
1792 1985 2814 2032 trois pieces en un acte de Arthun-Schnitzler, à qui le
746 1996 1763 2048 Margarethe Wallmann, qui s’est mis en tete de rendre
1793 2032 2815 2075 theatre des dernieres aunées de dar monarchie doit ses &
742 2038 1764 2082 an Ballet son ancien eclat. Les succes de la saison derniere
1798 2064 2798 2112 plus grands succcs. Schnitzler, le plus fränçais des dra¬
737 2077 1759 2131 Pencouragent à aller plus loin. Nous verrons ainsi. an
1799 2104 2806 2147 maturges autrichiens, est aussi eclui parmi les écrivainss
740 2109 1764 2153 cours de cette annee, un ballet: P’Apprenti soreier.
1794 2128 2806 2183 autrichiens qui est le plus connu en France. Le sonvenirg
747 2141 1764 2198 d’apres Paul Dukas: PApres-Midi cun jaune, de Clande
1802 2174 2816 2225 melancolique qui plane au-dessus de ses comédies leur
742 2179 1755 2228 Debussy, et un ballet mexieain, dont l’idee est venue
1793 2209 2815 2263 donne un charme indieible. D’amour et la mort, infidelite.
752 2224 1766 2276 5 Margarethe Wallmann pendant son scjour à Holly¬
1801 2250 2806 2298 mélancolie du depart et joie d’une nouvelle rencontre. &
746 2254 907 2304 Wood.
1807 2288 2729 2331 tels sont les sujets eternels, qui ne vieillissent pas.
788 2267 1764 2340 Mais avant toul. 1°Opéra va nous donner un grand
1836 2296 2804 2364 Nous sommes reconnaissants au Burgtheater de pon-&
739 2325 1764 2379 ballet en douze tableaux: Der liebe Augustin, que Mar¬
1811 2344 2811 2407 oir. une fois de plus, subir le charme de la personnaliteg
746 2358 1756 2411 zarethe Wallmann a eerit autour du legendaire person¬
1801 2387 2814 2436 de Schnitzler et d’un dialogue dont la maitrise et ing
742 2401 1762 2449 nage du chanteur populaire viennois.quia vecu a l’epoque
1796 2414 2435 2474 subtilité ont ete rarement egalees.
747 2434 1760 2483 de la grande peste de 1679 et du siege de Vienne par les
1827 2458 2806 2516 Le Deutsches Voikstheater.apres quelques tätonnements.E
754 2468 1759 2513 Turcs en 1683. C’est une des époques les plus marquantes
1820 2493 2811 2552 vient derremperterzun tres rif süeces avec une piece deg.
753 2511 1763 2555 de Thistoire de Vienne qui se deroulera devant nos veux.
1819 2540 2804 2583 auteur amerienin lelmer I.. Riee: Mommes de lof (ent
741 2538 1756 2588 Tontes les situations earacteristiques de la eclebre chan¬
1808 2568 2191 2618 allemand: Juristen).
744 2571 1758 2623 son. 1e Augustinlied. qui est encore tres vivante dans 1e
1834 2590 2795 2655 Nous sommes dans Peinde d’un eclehre avocal new-vor-
739 2617 1758 2660 peuple viennois, s’x retronvent. Entre autres, on verrn
1793 2643 2813 2697 kais. Ies gratte-ciel nous regardent par les larges fenétres.&
753 2653 1757 2709 comment le lieber Augustin perd sa bien-aimée et son
1789 2683 2804 2733 le telephone ne s’arréte pas. Pantichambre est pleine deß
751 2693 906 2742 argent.
1796 2719 2798 2775 elients, des gcauses plus ou moins louches sont étaléesf
786 2707 1766 2771 Le ballet se divise en trois partics. La premiere montre
1796 2755 2813 2807 devant nous, le tout au milien d’une action riche eng
744 2764 1763 2814 une Vienne on predomine ln gaicte. Mais voici qu'eciate
1800 2791 2005 2840 peripétics.
746 2798 1760 2852 In peste: des danses de furies, une ronde des speeires
1830 2809 2798 2884 Max Paulsen. ancien directeur du Burgtheater, vil
752 2838 1765 2875 de la pesteet. commme point culminant, une grande danse
1786 2855 2799 2914 depnis quelques annces en ermite. retire du monde di
755 2875 1755 2914 macäbre. La derniere partie nons mene dans le camip
1778 2891 2805 2954 Theätre et ne quitte sa retraite que quand une grande
746 2902 1758 2951 des Tureg et traile avee beancoup dhumour des elements
1790 2944 2793 2983 täche artistique letente. G’est ainsi que, sous le pseudo¬
754 2944 1768 3004 turcs. La fin est une apothéose de Vienne qui, malgre
1793 2976 2807 3020 Kyie de Petersen, in a erce dans le film Mluscarnde le
755 2978 1411 3030 Ia peste et la mort, ne sombre pas.
1796 3010 2189 3058 role du mari trompe.
795 3000 1754 3061 Nous Freviendrons lors de la première du ballet quf
1833 3032 2796 3096 Paulsen, acteur d’une grande vitalite. interpréte. dans
747 3044 1764 3105 est attendu avec impatienee comme un des evenements
1786 3076 2809 3141 Ia piece an Volkstheater, ie grand avocat Anderson, quf##
753 3089 1755 3123 artistiques les plus sensationnels et qui jette deja ses
1792 3122 2812 3176 vient de tres bas, homme arrive. grand enfant, plein
755 3121 1762 3171 omibres sous forme d’une inculpation de plagiat lancce
1798 3160 2806 3213 PPamour chaste, bienfaiteur, mais peu scrupulenx dans N
754 3159 1759 3213 contre Margarethe Wallmann par le premier danseur
1789 3193 2242 3237 Techoix de ses movens.
753 3194 1765 3255 de 1’Opera, Toni Birkmeyer, egalement anteur d’nn
1825 3208 2799 3273 Nous m’allons pas analyser Fintrigue de la piece dont
746 3234 1310 3282 manuserit Der liebe Auguslin.
1784 3256 2796 3311 la valeur litteraire m’est pas grande, mais qui est du
805 3246 1758 3308 I. Opera continue. aee beaucoup de sueces, a rehot¬
1787 3299 2812 3354 Theätre au meilleur sens du mot. Gest une circonstance &
754 3303 1750 3339 veler son repertoire. Nous avons vu les Joyenses Com¬
1789 3338 2811 3394 attennante. Gräce an jen penétre de Max Paulsen et d’un
749 3331 1761 3389 meres de Mindsor, de Nicolai, qui restent son plus bean
1788 3375 2796 3423 excellent ensemble, de meme qu'a la misc en scehe pleine
745 3379 1764 3436 Titre de gloire, el Czoref Charpentier, de Lortzing. repré¬
1792 3412 2797 3472 de vie du directeur Jahn. la piece a été vivement applan¬
744 3411 1759 3455 sentations d’une inspiration fraiche ei d’nne verve
1794 3439 1878 3485 die.
747 3446 1598 3501 intarissable qui ont ete vivement applandics.
1852 3460 2796 3530 Une autre piece jonée an Volkstheater, Genllemen.
792 3468 1750 3527 Pont recemment. I’Opera nous a donne Prsehine.
1781 3513 2798 3569 de Sidneg Phlilipps, anteur anglaisou qui se dit tel.
742 3511 1754 3569 de Meverbeer. La jenne generation. dont on sollicite ainsi
1783 3546 2806 3610 nous fait penetrer dans le cabinet d’un eclebre medeein
741 3561 1758 3605 Pattentiom.nepourra point ne paslutreconnastrelavigueur.
1785 3593 2797 3634 et ctale devant nous le conflit de conscienee qu'entraine
738 3595 1760 3644 Phabilete technique, le don du pittoresque, un sens inne
1784 3621 2804 3676 pour ce medeein le secret professionnel. La piéce. d’une
740 3632 1764 3686 du Theätre. Mais derriere la pompe sccnique surcharger
1782 3673 2800 3716 psychologie assez invraisemblable, mais habilement
741 3661 1762 3710 de P.Ureine se enche ie vide qui doit laisser indifferente
1783 3702 2803 3753 construite. donne surtont à Pari incomparable d’Albert
754 3707 1758 3761 une epoque qui n en Pavenement de Verdi et du drame
1780 3721 2805 3782 Bassermann, dans ie role du medeein. Poccasion de sc
749 3742 977 3795 wagherien.
1785 3775 2790 3822 developper pleinement. G’est lni scul qui décide le sueccs.
1829 3805 2798 3856 Le Volkstheater aussi a sa salle annexe. in Komödie.
1791 3833 2803 3895 tont petit theatre. qui a inaugure sa saison par Richon.
784 3836 1757 3904 ATAkademistheater, salle annese du Burgthenter. on
1792 3875 2817 3939 de Jean de Letraz. Cette comedie. qui a dein fail ses
745 3898 1754 3951 ## vn depmis ie debut de la saison toute une serie de come¬
1792 3913 2800 3964 prenves sur hombre de scches, n vivement amusé 1o“
746 3930 1758 3979 dies legeres, amusantes et sans pretention. Dlles sont
1792 3953 2798 4000 püblie viennois, bien que le jen de Hans Olden, dans 1e
751 3966 1746 4012 jonees par les acteurs du Burgtheater avec une maftrise
1793 3989 2801 4052 role d'Angustin (quel charmant sonvenir que ccini de¬
748 4006 1762 4049 er une jegerete de ton giron ne rencontre sur anehne
1802 4018 2440 4083 Victor Boucher! ait ete Trop lourd.
743 4038 1763 4094 mtre scche viennoise, excepte celle an Theater in der
744 4069 979 4134 Josefstadt
2548 4060 2736 4120 Haurn.
2186 4111 3150 4190 mcmmmth  H
