3344 4320
1503 299 1968 395 box 36/3
276 296 1342 390 Panphlets, offprints
807 1177 2179 1268 Freilich nur für einige Stunden und nur zu dem Zwecke, auf daß
815 1247 2182 1332 sich der Fluch jenes Sterbenden an einem, der Klären gleichgillig
804 1303 2175 1377 ist, den sie nicht einmal haßt, erfülle: „Der erste, der diese
814 1356 2177 1404 Lippen küßt, diesen Leib umfängt nach mir, soll in die Hölle
812 1408 2177 1468 fahren!“..... Es folgen „Die Weissagung“ und „Das neue Lied“
803 1455 2176 1512 Das ist die Tragödie der Wiener Volkssängerin Maria Ladenbauer,
811 1499 2186 1549 der „weißen Amsel“ welche erblindet, von ihrer Blindheit singt
812 1558 2180 1602 und in den Tod geht. „Die Fremde“ ist das erschütterndste Weib
810 1599 2170 1652 aus des Dichters Werkstatt; „Herrn Andreas Thameysis letzter
806 1643 2165 1714 Brief“ die Leidensgeschichte des Braven, des Einfäitigen, ein Stück
799 1712 2164 1775 Menschenelend, verklärt von Schnitzlers eigenartiger schmerzlicher
798 1748 2169 1810 Ironie, wie man Nachtbilder durch Lichtreflexe noch schauerlicher
795 1804 2158 1853 zur Wirkung bringt. Und alle fünf Novellen sprechen vom Tode als Er¬
795 1858 2170 1907 löser, als Richter, als höchstes, befreiendes Ziel alles Lebens und Liebens.
928 1906 2163 1951 Ein junger Wiener Arzt, Dr. Fritz Wittels, der einige
800 1946 2166 2001 hübsche Vienensia publiziert hat, farbig und malerisch sieht, das
796 1989 2169 2042 Kulturhistorische kräftig betont und auf den verschlungenen Pfaden
805 2055 2171 2120 von Arnims „Kronenwächtern“ und den verliebten Historien
803 2106 2165 2170 anderer Romantiker eine selbsländige literarische Höhe anstrebt,
800 2150 2158 2202 verdient besondere Beachtung. Die Anfangszeilen aus „Die ver¬
803 2203 1591 2268 meintliche Hexe“ seien hier ziliert8):
925 2243 2171 2310 Im Hause, genennt zum schmeckenden Wurm“, wohnete eine
808 2287 2166 2349 Jungfrau, Aloisia Schmiedhuber mit Namen, hausete da einsamb als eine
810 2331 2171 2391 Waise und hatte der Blumen eine schöne Auslese vor ihrem Fenster,
795 2362 2168 2407 dahinter sie sal und so lieblichen sung als wie auf grüner Linde droben
803 2406 2169 2457 Frau Nachtigall sitzt und singt. Spazierte aber viel junges Volk vorüber,
804 2454 2176 2511 inmaßen die Universität ohnweit von da war und blieb stahn und sagete
802 2488 2177 2542 Schmeichelwort hinauf und erklang manch Garmen zur Mandolina, darauf
808 2533 2168 2571 die Jungfrau hätte gefügig seyn und freundlich erwidern sollen. Aber die
796 2570 2174 2624 Schmiedhuberin lehte also sittsam, dass keiner ihren Gruß erlangen kunnt.
797 2598 2174 2675 item sie nicht einmal den Fuß vor die Thür setzete, wodurch sie aller
793 2647 1283 2700 Nachstellung ledig blieb.
914 2680 2164 2741 Darüber zerriß sich männiglich das Maul, denn so viel castitas
791 2739 2166 2794 atque pudicilia war des Landes nicht der Brauch, und ein jeglicher fand
809 2776 2170 2825 sein Lieb, wo er es suchte, was nicht anders geworden bis auf den
801 2810 2159 2872 heutigen Tag. Solches getiel auch niclit dem hochehrwürdigen Collegio,
802 2844 2163 2892 maßen sie die Anschläge des Meisters Frian gar wolll kenneten, und
794 2891 2171 2967 befürchteten die hochwürdigen Herren, die Schimiedhüberin möchte beimlich
798 2921 1515 2977 mit Beelzebub Buhlschaft treiben.
911 2977 2163 3023 Kräftige Luft weht durch die Sammlung von Reiseskizzen,
805 3032 2163 3095 welche der deutsche Bolschaftsart Dr. Hans Leyden vor kurzem
792 3078 2162 3150 in zwei Bändchen gesammelt hat ?). Das Leben und Treiben auf
795 3117 2153 3171 deutschen Kriegsschiffen, Spanien, das Mittelmeer, medizinisch¬
801 3175 2161 3243 hygienische Probleme werden schlicht und eindringlich geschildert.
796 3223 2154 3280 Ein ärztlicher Roman von G. Wendling sei hier genannt 1°).
908 3279 2167 3354 8 Wittels: Die vermerntliche Hexe. Wien, Die Fackel,
794 3331 1197 3401 Nr. 227—228, 1907.
934 3369 1996 3434 *) Leyden: Kreuz und Quer. Berlin, Deutsche Bücherei.
895 3413 2164 3475 10) Wendling: Der Doktor von Dutzow. Hamburg, Lüdeking, 1907.
2160 225 2243 288 —
2662 1208 3318 1284 Die „Gartenlaube“-Manier lebt
2670 1275 3328 1332 aller Stürmer und Dränger schei
2661 1313 3330 1390 Klichee-Szenen, wie etwa an de
2651 1375 3333 1433 immer seine helle Freude zu ha
2787 1424 3203 1487 -Die Boote legen an.
2779 1482 3330 1537 Ein eigenes Gefühl beschleieh
2654 1516 3331 1581 wieder auf europäischen Boden setzt
2781 1551 2901 1605 Da —
2900 1560 3325 1634 ein Ruf —, Lachen un
2657 1581 3040 1651 der Menge erkannt.
2778 1635 3027 1689 „„Ernst!“
2772 1680 3279 1728 Sie fliegt an seine Brust.
2779 1716 3329 1772 Vergessen ist alles, was zwisc
2647 1727 3332 1824 hat, und fest schließt er Käte in sein
2765 1812 3324 1891 Eine Skizzensammlung des
2662 1861 3280 1936 gesagt als der ganze Roman.
2766 1914 3318 1982 Josef Laichter schilder
2647 1971 3325 2035 der in die große Politik eingre
2657 2013 3330 2089 schließlich sich damit zu beschei
2655 2062 3326 2133 körperlichen Leiden ein Helfer zu
2655 2121 3318 2180 die Psychologie der modernen
2653 2169 3321 2235 mit Künstlerhand gezeichnet. — N
2644 2211 3330 2291 Helene Christaller, welches
2643 2271 3328 2332 Arztin, im Gebirgsdorfe zu Helde
2650 2327 3324 2397 stürmer, Kunsthasser, Proselytenn
2649 2365 3311 2441 Schönen, an Poesie und Kunst,
2645 2415 3329 2473 also die gute Majorilät der Arzte.
2762 2471 3316 2538 In dem „Roman einer Se
2646 2516 3322 2590 ebenfalls der ewige Doktor um
2638 2564 3321 2637 besitzerin, welche sonst nur mit „w
2640 2619 3322 2684 Zweck und Ziel geschriebenen, k
2646 2665 3327 2747 scharlachkranken Tochter. Selbst
2646 2719 3322 2787 Dr. Brandt. Dieser will das Wei
2647 2768 3319 2840 Scheidung. Der zu verlassende G
2648 2812 3322 2879 Liebesbriefe. Valerie verantwortet
2644 2871 3317 2928 die Menschen so gemein den
2641 2908 3320 2980 Schlimmeres begangen: ich habe
2628 2956 3305 3027 Sie wird bald frei und der Arzt
2640 3009 3311 3081 die Arzte auf der Bühne und i
2639 3060 3320 3128 Sitzengebliebenen zu trösten, wen
2638 3106 3321 3185 Das gehört ja im allgemeinen zur
2631 3158 3324 3248 den Ausnahmsfall. - Rudolf Str
2742 3243 3316 3321 11) Wendling: Allerlei Doktor
2749 3302 3323 3371 12) Lnichter: Wahrheitssuch
2633 3350 3286 3394 von Robert Sandek. Prag. Otto.
2740 3391 3322 3443 19 Christaller: GotlfriedE
2741 3407 3302 3501 14 Stona: Ein Rabenschrei.
