3344 4320
616 314 656 386 1
728 326 818 387 E
1549 327 2011 423 box 36/3
301 319 1396 428 Pamphte Offprints
1542 1064 1611 1136 10
1018 1168 1948 1251 -Ein Knabe ists, begabt mit jugendfrohem Sinne,
1001 1214 2071 1278 Der, wo er kommt, ein Lächein auf die Lippen zaubert!
1001 1272 1934 1304 Humor ist er genannt und überall willkommen!
1010 1298 2136 1351 Denn wenn auch leichter Spott auf Stirn und Lippen lagert.
999 1348 2181 1398 Lacht doch ein liebewarmes Herz ihm aus dem Schelmenauge!
1009 1391 2020 1430 Ja, wo Verstand und Herz am rechten Flecke sitzen,
1000 1427 2044 1469 Da läßt zur rechten Zeit auch der Humor sich finden:
1012 1460 2107 1520 Der macht uns glücklich, trotz der Tragik dieses Daseins.
1013 1500 2057 1547 Der macht uns selig, trotz dem Baume der Erkenntnis!
1009 1553 2078 1603 Denn, wo Verstand und Herz sich zum Humor vereinigt.
1008 1585 2006 1640 Da lacht der liebe Golt und ärgert sich der Teufel!“
994 1638 2257 1695 Ein Wiener Kollege, Dr. Wilhelm Deutsch?*), hat zwei
896 1685 2248 1748 Romane geschrieben, welche Autobiographisches enthalten, deren
894 1733 2262 1804 Kunstwert freilich ein recht geringer ist. Ohne Glück und Stern
889 1795 2249 1837 entfloh der Autor dem Leben und trübe Schatten liegen über
895 1842 2264 1893 seinen Gestalten. An Ottokar Rosenbach erinnert ein nicht
885 1887 1457 1951 sehr erfreuliches Buch 29).
1010 1944 2215 1989 Die Arzte waren stets gute Humoristen; sie sind es —
880 2000 2256 2057 trotz der Zeiten Not — auch im Vorjahre geblieben. Prof. Karl
890 2042 2249 2089 Beck in New-York, der bekannte Chirurg, der, wie das treffliche
891 2087 2253 2159 Eichhörnchen auf der Weltesche Yggrdrasil die geistige Verbindung
884 2145 2244 2195 zwischen dem allweisen Adler und dem Drachen Nidhhögr herstellt,
881 2197 2246 2237 deutsche und amerikanische Chirurgie durch seine Fahrten über
882 2233 2245 2307 den Ozean glücklich verknüpft, schenkt uns ein Büchlein??):
875 2281 2242 2339 Heidelberg, die Feine, taucht in seiner Erinnerung auf und er
890 2339 2249 2391 wagt es, unter dem Eindrucke dieses Bildes, für den schäumenden
877 2387 2249 2442 Becher das Wort zu ergreifen. Seine Ausführungen müssen auf
878 2439 2249 2498 die Vereinigung alter deutscher Studenten in Amerika, vor denen
880 2490 2241 2532 er sie vortrug, besonders erfrischend gewirkt haben. An Reichen¬
872 2537 2243 2609 hall lobt er, daß er hier Genesung gefunden, im Banne des Karls¬
885 2592 2242 2649 bader Sprudels hat ihm der Pilsner Urquell sehr gut geschmeckt,
880 2645 2249 2718 und dem Moorbade wird eine nicht sehr schmeichelhafte Betrach¬
886 2693 1218 2752 tung gewidmet.
1002 2737 2247 2810 Hier sei eines hübschen Büchleins gedacht, welches den
869 2784 2243 2850 Oberarzt a. D. der Irrenanstalt Friedrichsberg in Hamburg, Dr.
880 2837 2243 2912 Schaefer, zum Verfasser hat 28). Der Kollege kann nicht mehr
879 2892 2243 2943 wie in jungen Tagen über Berg und Tal; er muß den Wander¬
879 2944 2238 3009 stab an den Nagel hängen und kehrt — nach dreißigjähriger
879 2985 1164 3050 Abwesenheit
1212 3003 2240 3049 zu den Alten zurück. Er sieht, daß er als
877 3045 2241 3096 Gymnasiast zwar fleißig übersetzt, aber nichts verstanden habe,
998 3094 2199 3187 25) Delna: Freie Liebe? Wien, Eisenstein, 1906. Geliebt —
869 3152 1465 3215 gelebt. Wien, Eisenstein, 1907.
996 3200 2241 3264 26) Rosenbach: Heilkunde und Spezialistentum. Aus dem
873 3236 2251 3311 literarischen Nachlasse des Autors, herausgegeben von Dr. Franz C. R.
877 3271 1519 3324 Eschle. München, Gmelin, 1907.
998 3315 2253 3368 21) Beck: Feuchtfröhliches und Feuchtunfröhliches. Berlin,
873 3345 1190 3416 Simions Nachl.
990 3382 2064 3478 28) Schaefer: Monumenta medica. Hamburg, Lüdeking.
2236 257 2334 333 —.—
2716 1157 3350 1219 bemerkt eine Menge Medizinisch
2725 1214 3343 1289 und lateinische Material „aus k
2716 1264 3147 1330 Sprache zusammen.
2992 1315 3352 1391 Oberhebamm
2836 1371 3340 1438 Die du Delos bewohnst und
2838 1425 3349 1473 Artemis, leg dein Geschoß
2834 1467 3350 1519 Säub’re von Staub dein Ge
2829 1504 3350 1571 Jetzt in der Alcestis Haus,
2841 1547 3350 1602 Kneipp. Wie man sagt:
2710 1596 3350 1651 odler ein kaltes Bad, oder das Bar
2845 1638 3351 1703 Reflexhalluzinatio
2728 1677 3349 1738 erzählt, er habe sich beklagt, er
2727 1727 3351 1779 graben und dlie Hacke hoch erheh
2730 1758 3350 1825 Weiterarbeiten unter seinen Aug
2860 1805 3340 1864 Spezialärzte. Die Heil
2724 1848 3350 1897 verteilt: Jeder Arzt ist nur für
2727 1893 3351 1954 mehrere, und es ist alles voll vor
2838 1940 3349 2008 Kollege Ludwig Weil
2714 1989 3339 2061 Humor, ohne nach künsllerisch
2715 2044 3343 2111 gilt von dem Arzte, der sich
2719 2091 3339 2159 Flodard verbergen will 30).
2728 2141 3351 2199 hübsche poetische Leistungen b
2728 2190 3350 2259 Scherz hat unser sehr geschät
2718 2293 3350 2361 geleistet. Er hat dem Esper
2739 2342 3333 2414 „Gaudeamus igitur“ für ein
2814 2409 3168 2467 Gaudeamus igitur
2734 2443 3180 2505 Diesem Tag zur Ehre!
2732 2480 3306 2545 Nous sommes arrivés au bout,
2727 2532 3309 2597 And this evening in the „Zoo¬
2816 2572 3168 2637 Tempo é di bere!
2816 2640 3271 2710 Vivant omnes hospites,
2726 2685 3108 2747 Alle werten Gäste!
2730 2711 3303 2778 We have studied all the week
2732 2770 3275 2836 Au progrès du bien publie —
2810 2816 3212 2879 Qui sie fonno feste!
2850 2876 3344 2953 29, Aus und um Weilhardt.
2876 2940 3329 3006 20) Zsurg-Flodard:
2710 2982 3024 3043 Pierson, 1907.
2712 3396 3342 3482 Verlag von Moritz Perles, k. und k. Hof!
