3344 4352
893 238 1349 325 box 37/2
197 244 874 341 2. Cuttings
1037 1443 1415 1523 Telephon 12.801.
539 1591 1172 1675 „ODSLIVER
306 1679 1428 1735 l. österr. behördl. konz. Unternehmen für Zeitunge-Ausschaitte
442 1720 1285 1808 Wien, I., Concordiaplatz 4.
643 1795 1088 1865 Vertretungen
312 1860 1400 1906 in Berlin, Budapest, Chicago, Christiania, Genf, Kopen¬
318 1895 1397 1951 hagen, London, Madrid, Mailand, Minneapolis, New-Vork,
352 1940 1353 1998 Paris, Rom, San Francisco, Stockholm, St. Petersburg.
641 1979 1091 2024 (Ouellenaagsbe ehne Gewähs).
317 2038 1466 2117 Ausschnitt aus: Neue Hamburger Zeitung
319 2138 509 2229 vom:
500 2129 810 2239 B
723 2315 1208 2390 Arthur Schniteter.
453 2385 1492 2446 Die schöne und wirksame Kette der Montor=Rezi¬
393 2434 1485 2490 kationen in der Musikhalle hat kürzlich ihr letztes Glied
405 2473 1492 2527 angesetzt. Liliencrons „Merowinger“ waren der
405 2507 1494 2563 erste Ring. Ein Ring aus fränkischem Feuerstein.
409 2538 1490 2586 Byrons „Sardanapal“ schlängelte sich mit asiatisch¬
404 2581 1492 2645 hellenischen Kameen hinzu. Grillparzer schloß sich
406 2614 1481 2674 in klassisch=altwienerischen Fragmenten an. Arthur
393 2671 1497 2728 Schnitzler, der Neuwiener, bildete das abschließende
400 2691 639 2746 Mittelstück.
462 2725 1488 2794 Unschwer ließ sich dieses anregende Zentrum als inter¬
397 2762 1491 2823 essanteste Stelle des ganzen Montor=Gürtels empfinden,
400 2815 1481 2852 Hier liefen die geistigsten und sinnfälligsten Strahlen zu¬
397 2851 1488 2896 sammen. Hier konzentrierten sich alle versteckten Kräfte
393 2891 1484 2950 zu einem geheimnisvoll leuchtenden Glanz, der zwischen
391 2928 1487 2989 kleinen und kostbaren Fassungen wie ein Katzenauge hervor¬
391 2964 1483 3014 sah und unter spielerischen Reflexen die ernsthaftesten und
393 3011 1456 3063 grausamsten Probleme des menschlichen Lebens verriet.
458 3043 1473 3093 Was Schnitzler ist, kann den Hamburgern kaum ge¬
396 3080 1488 3144 läufig sein, da dieser tiefe und reine Dichter, dieser Seiden¬
399 3122 1485 3169 spinner und Goldschmied dazu, dieser Seelenkünder und
382 3163 1479 3210 Menschenformer, der selbst den verschlossenen Ibsen zu
398 3195 1483 3257 einer bekannten Bühnengestalt schöpferisch anregen konnte,
393 3246 1486 3280 nur selten oder fast schon gar nicht mehr auf hamburgischen
390 3285 1485 3335 Brettern erscheint. Aber vielleicht hat der Montor=Nach¬
381 3320 1476 3361 mittag in den zahlreichen Lauscherinnen, die doch von
392 3346 1483 3412 Grund aus gefangen waren, fruchtbare und werktätige
382 3393 1483 3450 Schwingungen erzeugt. Solch eine werktätige Schwingung
385 3429 1475 3496 pflegt ihre Kreise bis in den nächsten Buchladen zu ziehen,
373 3471 1469 3536 wenn sie nicht vorher auf dem seichten Niveau einer Leihl
362 3512 1500 3580 Hibliothek unsauber verläuft. Wie dem auch sei —:
1900 1648 2153 1719 — benig.
1555 1749 2631 1817 Künstler wollen nicht nur gehört und gesehen, Künstler
1554 1791 2632 1838 wollen auch gelesen sein. Jene Künstler zumal, die mit
1547 1836 2635 1883 ihrer vielfältigen Gestaltungswelt nur in den spätlichsten
1549 1873 2626 1932 Fällen auf öffentlichen Podien zu Gesicht und zu Gehör
1556 1904 2622 1974 kommen. So darf hier also rechtzeitig vermerkt perden,
1554 1940 2638 2009 daß beide Schnitzlerwerke des Montorprogramns bei
1546 1979 2631 2033 S. Fischer, Berlin, erschienen sind. Schnitzler ist kein
1548 2017 2630 2076 Weihnachtspoet. Schnitzlers Dichtungen fallen nur dort
1550 2056 2624 2112 ins Fenster, wo die Weihnachtsmarktliteratur bis auf den
1551 2098 2631 2142 letzten Rest hinausgeflogen. Gleichwohl hat gerade er
1554 2136 2623 2183 den künstlerischen Stimmungsgehalt der Weihnahtstage
1555 2172 2627 2225 in seinem „Anatol“ so glücklich, so lebendig und doch so
1545 2217 2620 2275 schweigsam festgehalten, daß ihm der liebe Gott dafür
1541 2256 2618 2294 eigentlich recht dankbar sein und alle Engel in den Häusern
1551 2286 2625 2349 der Philister zu Dichtersgunsten mobilisieren müßte Weil
1541 2322 2619 2401 doch ein Dichter von Gottes Gnaden schon ohnehin auf
1554 2367 2508 2433 Gottes Protektion das stärkste und erste Recht hat.
1588 2411 2615 2466 Mit dem knappen Revolutionsdrama „Der grüne
1538 2451 2622 2508 Kakadu“, das nur dem kleinsten Teile des Auditoriums
1546 2485 2623 2543 aus früheren Bühnenjahren in Erinnerung war, begann
1543 2520 2620 2586 Montor seinen Vortrag. Die Wiener Novelle „Lient¬
1533 2564 2620 2605 nant Gustl“ ließ den tragikomischen Grundion des
1544 2593 2618 2644 Einakters in leichteren und leiseren Noten weiterklingen,
1540 2648 2615 2681 abklingen. Aus den lauten Gewalten der szenischen
1535 2676 2610 2728 Akkorde wurde eine einzige, eine halblaute, eine un¬
1534 2718 2614 2773 körperliche Stimme. Die Stimme eines Erzählers, der
1532 2746 2623 2802 sich selber unwissentlich beobachtet, um unwissentlich von
1533 2795 2609 2842 den Regungen seines Unterbewußtseins Kunde zu geben.
1538 2829 2609 2879 Diese Novelle ist ein Seelenmonolog. Diese Novelle ist
1539 2854 2623 2908 eine unmerklich beschriebene Wachswalze. Die intimsten
1538 2910 2619 2970 Einzeichnungen eines imaginären Seelenstifts trägt sie in
1528 2943 2618 2999 wirrverschlungenen Runen und Arabesken auf ihrem
1524 2983 2616 3026 körperlosen Mantel. Sie enthält alle unbewußten Ge¬
1535 3018 2617 3055 danken, die ein Mensch in einer bestimmten Situation ohne
1526 3049 2619 3116 Absicht und Willen denken und doch nicht dem kontrollie¬
1535 3100 2620 3145 renden Blicke seines nachträglich erwachten Bewußtseins
1533 3133 2619 3201 eingestehen mag. Der Lieutenant Gustl sitzt gelangweilt
1538 3172 2612 3237 in einem Oratorium=Konzert. Mit schwerer Musik ist die
1533 3214 2618 3257 Atmosphäre geschwängert. Die Geistigkeit dieses geladenen
1533 3249 2613 3297 Milieus legt sich mit lähmender Faust auf sein primitives
1531 3293 2609 3343 Gehirn. Wie ein hypnotisierender Spiegel rotiert es um
1527 3329 2608 3386 sein Haupt. Das Bewußtsein schaltet sich aus. Die
1532 3368 2616 3416 Bewußtheit bekommt den Stickfluß. Der Leutnant denkt
1533 3404 2386 3462 nicht mehr. Der Leutnant wird gedacht...
2390 3412 2598 3463 Und nun
1532 3441 2609 3493 hören wir die Reibungsgeräusche der Blasen, die im
1535 3481 2610 3527 psychischen Bauche dieses entgeistigten Menschen aufsteigen
1519 3528 2604 3575 und an der Schwelle seines Unbewußtseins rumoren, um
2677 1773 3339 1820 über die Schwelle emporzuturnen. D
2688 1809 3350 1854 sich selbst. Der Dichter spricht nich
2678 1846 3325 1899 keinen Bericht. Er legt nur sein 4
2681 1885 3342 1936 des Leutnants und horcht in ihn hir
2686 1921 3338 1975 hört, wird wie von ungefähr zu Wo
2687 1960 3350 2021 sätzen, gebrochenen Redegliedern, ver
2693 1998 3349 2046 Aber der Wahnsinn, der hier im Gru
2678 2042 3341 2083 Natur ist, hat eine verblüffend klare
2669 2075 3337 2127 Methode. Man erfährt nicht nur,
2680 2115 3307 2169 gleichgiltigen Leutnant aussieht.
2676 2157 3350 2207 echten und ehrlichen Menschen au
2678 2197 3338 2245 plötzlich von einem tödlichen Verhä
2678 2225 3339 2275 bedroht fühlen. Man erfährt, wie
2678 2266 3339 2314 haupt zu Mute ist, wenn ihnen au
2670 2316 3349 2363 rinnbare Todesgefahr jählings ins A
2677 2349 3338 2398 Probe aufs Exempel macht der Le
2681 2387 3350 2437 willige Halbschlaf hat seine gewohn
2675 2424 3340 2481 bis zur Ueberempfindlichkeit einer
2662 2460 2767 2507 In
2766 2464 3349 2512 dieser ultravioletten Gereizth
2669 2497 3340 2553 dicken, aber energischen Spießbürger
2664 2539 3349 2580 Spießbürger packt auf diffamierende
2665 2580 3340 2621 des Angreifers und fügt eine unverk
2675 2615 3329 2666 hinzu. In diesem furchtbaren Aug
2670 2655 3336 2694 maßlos gedemütigte Offizier wie ein
2669 2690 3350 2740 täubter von innen her zu einer r#
2670 2725 3349 2771 verurteilt. Er fährt dem Spießbür
2672 2763 3326 2813 Er läßt geschehen, was geschehen wi
2664 2804 3349 2863 später, da es schon zu spät ist, brich
2670 2841 3329 2899 leptischen Ruhe blutrünstig hervor
2670 2887 3349 2933 sich nun unter allen Umständen nc
2664 2918 3342 2973 Nucht erschießen müsse, um die verpf
2667 2964 3348 3004 Von eigenen Gnaden zum Tode ve
2669 2995 3323 3050 mit seiner verfrühten Todesgewißhei
2667 3038 3348 3091 umher, schläft auf einer einsamen
2665 3073 3343 3113 woacht mit dem dämmernden Morgen
2663 3101 3342 3167 kaffeehause auf. Wo ihm nicht oh
2666 3151 3326 3199 götzlichkeit eine unverhoffte Rettung
2663 3192 3330 3244 lichen Dilemma zuteil wird. In dies
2663 3227 3344 3275 aber hat er alle Seelennöte eines
2657 3259 3349 3317 durchlebt, dem der baldigste Tod zur u
2668 3305 3349 3359 Selbstverständlichkeit geworden. In
2664 3344 3350 3402 Lösung dieser Seelennöte liegt die w
2658 3376 3342 3430 und doch so wunderbar einfache
2670 3411 2862 3476 geborgen.
2706 3434 3343 3506 Traum ist Wirklichkeit, Wirklichkei
2672 3489 3348 3533 ist Wahrheit, Wahrheit ist Schein. D
2604 3529 3341 3591 1 mitten bindurch und mirkt oft gerade
