3392 4352
282 350 1490 422 haber, jedoch im Gegensatz zu dem empfindenden, von sei¬
284 390 1509 457 nem Gewissen geplagten, der genießende, sorglose, wenn
283 438 1501 504 auch nicht grade herzlose. Seiie Geliebte ist die „Mo¬
279 486 1491 551 distin“ Mizzi Schlager. Sie ist das schneidige, fesche Wie¬
285 535 1503 610 ner Mädl, das „Verhältnis“ comme il kaut. Sie liebt
286 601 1497 651 ihren Theodor nach ihrer Art, sie amüsiert sich mit ihm,
284 635 1496 709 sie geht mit ihm durch Dick und Dünn. Aber, wenn er sie
289 686 1500 745 verlassen wird, wird sie vielleicht einen Tag über untröstlich
288 730 1509 808 sein, dann wird sie sich fassen und sich nach einem andern
288 778 1509 850 umsehen. — Die Handlung ist eine sehr einfache. Fritz
288 828 1507 904 Lobheimer hat ein Verhältnis mit einer verheirateten Frau.
288 879 1508 957 Während dessen lernt er Christine durch ihre Jugendfreun¬
295 926 1494 1005 din Mizzi kennen. Immer mehr bezaubert ihn die frische,
293 976 1505 1067 innige Weise des Mädchens. Aus einer „Liebelei“ wird
285 1040 1505 1107 eine echte, tiefe Liebe. Er erkennt allmählig, daß ihm hier¬
294 1073 1501 1140 aus ein wahres Glück erblühen könnte ... Da bricht das
295 1115 1505 1189 Verhängnis herein. Der betrogene Ehemann jener Frau
296 1171 1501 1241 hat von dem Ehebruch erfahren. Fritz wird im Duell er¬
294 1221 1515 1279 stochen. Als Christine erfährt, daß der Geliebte einer an¬
290 1264 1509 1349 deren wegen den Tod erlitten hat, sogar schon begraben
998 1321 1510 1384 Alles dies ist von dem
297 1327 951 1402 sei, stürzt sie sich ins Wasser.
298 1368 1507 1439 Dichter in der einfachsten und wirkungsvollsten Weise
293 1413 1503 1483 dargestellt worden. Ein Stück, welches den Erfolg voll¬
288 1482 705 1557 kommen verdiente.
404 1506 1508 1595 Das nächste Drama: „Freiwild“ ist wie „Das
294 1572 1487 1643 Märchen“ ein Thesenstück. Es behandelt den „Ehrbegriff“
293 1614 1511 1695 und die „Duellfrage". In den ersten Scenen wird uns
308 1664 1512 1746 das lustige Leben einer kleinen Theatergesellschaft und der
310 1723 1516 1798 Verkehr derselten mit Offizieren und Dandys geschildert.
302 1770 1509 1831 Noch hören wir das lustige Beplander der bunten Gesell¬
306 1817 1514 1891 schaft — da plötzlich wird aus der Komödie eine Tragödie.
301 1877 1515 1933 Ein Offizier hat eine Schauspielerin beleidigt. Der Maler
302 1914 1518 1997 Rönning, welcher dieses in verderbter Gesellschaft rein ge¬
305 1962 1522 2035 bliebene Mädchen liebt, hat darauf den Offizier geohrfeigt.
300 2018 1531 2076 Natürlich fordert letzterer den Maler. Dieser verweigert
307 2063 1516 2130 das Duell, er erklärt, daß er einen Buben gezüchtigt habe.
312 2113 1522 2189 Der Offizier muß, falls er keine Genugtuung erhält, den
313 2164 1529 2231 Dienst quittieren. In seiner Verzweiflung schießt er den
304 2220 1520 2279 Gegner auf offner Straße nieder. Atemlos folgen wir den
304 2253 1525 2347 Ereignissen, bis die Katastrophe eintritt. Etwas lang ist
308 2320 1529 2385 der Dialog zwischen Rönning und seinem Freunde über das
315 2358 1530 2427 Duell; aber das hier Gesagte gehört zur Handlung, und
315 2403 1523 2472 so drängt sich auch hier die Tendenz nicht grade störend
307 2450 1526 2544 hervor. Wundervoll sind die Liebesscenen gelungen, die bei
310 2497 1526 2580 der Herbheit der Charaktere dem Dichter größere Aufgaben
310 2577 1007 2647 stellten als die in der „Liebelei".
420 2615 1526 2678 Auch in dem folgenden Schauspiel „Das Ver¬
320 2670 1520 2744 mächtnis“ kämpft Schnitzler gegen die bürgerliche Mo¬
309 2708 1531 2783 ral. Das Vermächtnis des Dr. jur. Losetti, der infolge eines
316 2758 1538 2837 Sturzes vom Pferde stirbt, ist seine Geliebte, die ihn vier
308 2806 1526 2894 Jahre hindurch mit inniger Liebe beglückt hat. Dieses
310 2862 1532 2934 Mädchen und sein Kind empfiehlt er sterbend seiner bürger¬
318 2894 1534 2995 lich vornehmen Familie. Einige der Familienmitglieder
316 2956 1537 3044 nehmen das Mädchen mit Liebe auf, andere mit Widerstre¬
318 3000 1528 3079 ben und kleinlichem Hasse. Man freut sich des Kindes.
317 3055 1531 3122 Aber dieses stirbt leider. Immer mehr wird man da der
323 3119 1537 3185 Mutter überdrüssig. Man weist sie schließlich aus dem
321 3144 1541 3224 Hause. Sie geht in den Tod, von allen verlassen. Man
315 3196 1535 3269 kann sich vorstellen, daß diese Entwicklung eine Reihe dra¬
319 3236 1538 3321 matisch wirksamer Scenen mit sich birgt. In der Tat ist auch
318 3294 1534 3377 hier die Technik und der geschmeidige, lebendige Dialog be¬
315 3346 1534 3426 wunderungswürdig. Trotzdem wirken die Hauptfiguren nicht
329 3391 1547 3489 glaubwürdig, weil ihnen die ausgleichenden menschlichen
323 3441 1536 3511 Tage fehlen. Sie wirken zum Teil karikaturen= und
330 3511 612 3581 schemenhaft.
1377 3535 1539 3621 „Der
429 3548 1363 3624 Auch die drei Einakter: „Paracelsus“,
326 3592 1540 3691 grüne Kakadu“ und „Die Gefährtin“ bedeuten keinen
331 3655 1546 3728 Fortschritt. Glänzt in dem einen die geistreiche Idee, so
324 3697 1553 3777 besticht in dem anderen der gentvolle Dialog. Aber Ideen
326 3742 1538 3828 und Dialog sind voll innerer Unwahrheit und Oberfläch¬
329 3792 1540 3869 lichkeit. Im „Paracelsus“ operiert der Dichter mit dem
327 3841 1551 3915 Hypnotismus, er führt gleichsam in einer Salonsitzung ein
334 3883 1554 3980 hypnotisches Experiment vor. Paracelsus, der bekannte
335 3938 1547 4019 Geheimgelehrte des Mittelalters, suggeriert die Gattin
339 3986 1545 4061 eines biederen Handwerkers, die er einstmals liebte, daß sie
330 4047 1547 4133 einen Nachmittag lang die Wahrheit sagen solle. Nun er¬
2894 311 3274 387 Diese reiche Han
1517 313 2722 397 fahren wir vieles aus ihrem Seelenleben, Geheimnisse, die
2747 347 3267 434 nicht verbergen. Das I
1514 382 2729 437 sie mit banger Scheu hütete. Dazwischen spricht Paracelsus
2739 421 3278 488 einer geschlossenen sich st#
1515 428 2726 495 weisheitsvolle Worte über Schein und Wirklichkeit und über
2742 467 3275 545 lung kann durch geistvoh
1514 476 2730 531 die Wichtigkeit des jedesmal gegenwärtigen Augenblickes, die
2752 520 3034 592 deckt werden.
1518 527 2725 583 allein untrüglich sei. Die Tendenzen sind geistreich erdacht, die
2855 549 3274 629 Glücklicher ist Schn
1518 584 2723 641 Sitzung selbst hat aber wenig überzeugendes und notwen¬
2741 604 3287 681 Ein Meisterstück der S
1503 628 2721 689 Züges. Ein unfruchtbares, überflusnges Kunststuck. Auch
2751 659 3288 726 ben“. Die unbegreiflich
1529 673 2717 747 „Der grüne Kakadu“ vermag uns wenig zu inter¬
2744 710 3265 774 Liebe, Leben von Leben
1516 718 2732 786 essieren. Der „grüne Kakadu“ ist eine Kneipe in Paris zur
1517 771 2725 841 Zeit der Revolution. Hier sind heruntergekommene Schau¬
2749 804 3251 875 Mitleid, unser Mitleid
1522 832 2727 881 spieler und liederliche Aristokraten beisammen. Sie ver¬
2753 856 3266 919 Und der Sterbende: er
1521 862 2739 944 gnügen sich damit, mit Pathos Verbrecherscenen, Diebstahl
2751 889 3290 982 nehmen, zuletzt nicht mehr
1518 915 2734 977 und Mord vorzuführen. Henry, einer der Schauspieler,
2754 957 3270 1022 Neid, aus Feindschaft.
1517 965 2729 1036 hat sich soeben mit der schönen Leocadie vermählt. Er stellt
2762 1005 3285 1059 Sterbenden und des Leber
1525 1016 2732 1077 nun gerade mit Pathos dar, wie er einen Herzog getötet
2750 1057 3274 1119 hüllt uns Schnitzler in
1531 1071 2729 1131 hat, weil seine Frau mit diesem ein Verhältnis gehabt hat.
1529 1112 2730 1174 Da erfährt er, daß die Untreue auf Wahrheit beruht.
2754 1153 3276 1217 „Die Frau des W
1536 1169 2730 1223 Soeben kommt der Herzog in die Kneipe. Da tötet ihn
2751 1202 3288 1271 Tode. Aus der glänzen
1537 1207 2731 1278 Henry nun wirklich. Gänzlich erdacht und kalt wirkt das
2761 1250 3284 1320 Ehrentag“, in welch
1523 1262 2748 1315 Stück „Die Gefährtin“. Ein Professor hat soeben
2753 1298 3278 1366 geschichte eines kleinen
1535 1306 2736 1377 die Gattin verloren. Er hat das Verhältnis derselben mit
2768 1346 3290 1408 „Die Toten schwei
1537 1361 2738 1418 einem jungen Assistenten gebilligt, er fand es natürlich,
2758 1394 3293 1462 Ein ehebrecherisches Weih
1536 1406 2735 1469 daß die zwanzig Jahre jüngere Gattin bei ihm nicht das
2753 1445 3290 1513 die Nacht auf einsamer L#
1535 1448 2736 1510 Glück finden konnte. Am Abend des Begräbnisses besucht
2751 1493 3286 1560 von der hohen Landstraf
1531 1499 2736 1560 ihn der Assistent und teilt ihm seine Verlobung mit einer
2754 1542 3291 1610 dabei ums Leben. Nicht
1539 1553 2737 1618 Dame mit, die er seit langem geliebt habe. Da erfaßt den
2765 1588 3292 1661 Novelle: „Leutnant
1983 1598 2734 1664 sein Weib ist nicht die Geliebte, son¬
1540 1606 1939 1677 Professor ein Ekel
2757 1643 3277 1704 lein mit Recht ein
1532 1640 2752 1711 dern nur die Dirne eines anderen gewesen. Er weist dem
2922 1676 3291 1747 will sich ersch
2777 1685 2917 1752 Gusti
1534 1694 2741 1758 Assistenten die Tür. Der überfeine subtil geführte Dialog
2775 1724 3290 1808 Bäckermeister beschimpf
1535 1742 2747 1816 vermag uns über die innere Unwahrheit dieses Stückes nicht
2770 1776 3291 1857 Morgen will er sich ins
1548 1809 1854 1880 hinweghelfen.
2765 1834 3294 1901 läßt nun den kindlichen
1667 1843 2745 1929 Auch Schnitzlers letztes Schauspiel: „Der
2762 1881 3291 1956 Nacht einen Monolog üb
1551 1911 2754 1988 Schleier der Beatrice“ versetzt uns in die Ver¬
2765 1932 3289 1999 merkwürdigen österreichis
1545 1945 2750 2038 gangenheit, in die Zeit der Renaissance nach Bologna. Es
2775 1983 3298 2050 Monolog wirkt schließlich
1550 2013 2750 2092 sei vorausgeschickt, daß sich die Dichtung durch eine feine
2775 2031 3295 2103 dann die Pointe: in d
1537 2059 2755 2119 edle Sprache vor ähnlichen Dramen auszeichnet. Eine
2765 2073 3300 2146 vom Schlage getroffen u
1547 2105 2750 2181 Reihe stimmungsvoller, teils lebendiger, teils ruhig schöner
2769 2125 3290 2201 schießen und geht freudig
1551 2158 2763 2223 Bilder zieht an uns vorüber. Die Handlung dagegen in
2782 2178 3307 2247 letzter Roman: „Frau
1551 2207 2756 2279 ihrer Entwickelung wirkt nicht groß, nicht ruhig genug, sie
2768 2228 3290 2285 nur eine Episode: Eine
1554 2256 2753 2323 ist episodenhaft und läßt die eigentlichen Motive und Vor¬
2772 2276 3287 2345 Klavierlehrerin in einer
1554 2296 2753 2384 züge, die dramatische Idee schwer erkennen. Cäsar Borgig
2767 2323 3286 2396 Jugendgeliebten wieder.
1539 2355 2760 2418 naht, um Bologna zu belagern. Von Schrecknissen aller
2777 2360 3304 2443 lebten Liebesnacht aber
1544 2391 2764 2470 Art, Raub und Plünderung wird die Stadt, die bisher von
2773 2423 3309 2493 und die Jahre beide ver#
1548 2455 2750 2526 Lebenslust und Liebesseligkeit widerklang, heimgesucht wer¬
2774 2468 3299 2542 wieder, als wenn nichts
1539 2500 2755 2572 den. Dem Dichter scheint nun die Idee vorgeschwebt zu
2778 2513 3308 2590 Inhalt des Romans beste
1547 2550 2761 2642 haben, diese letzten Tage in Bologna — vor der Belagerung
2771 2571 3319 2647 aus Selbstgesprächen der
1637 2599 2760 2678 in welchen noch einmal und toller denn je, die Lebens;
2787 2617 3305 2692 fesseln mögen. Das Wer
1550 2645 2752 2734 lust und die Freuden entfacht werden, und das Tragische;
2769 2668 3308 2740 in einzelnen Teilen, in
1554 2698 2762 2769 Gewaltsame dieser Stimmung und ihren Einfuß auf einige
2781 2711 3301 2787 vollendet erscheint, als
1551 2747 2754 2821 bedeutendere Charaktere zu schildern. Eine tragische
2778 2758 3302 2832 wirkt, auch nicht als Be
1551 2795 2771 2869 Liebesgeschichte und die Entwicklung eines seltenen Charak¬
2789 2809 3308 2901 medizinisch= und sozial=pff
1553 2848 2761 2908 ters bilden aber schließlich den Hauptinhalt des Dramas,
2892 2863 3296 2937 Es sei zum Schluß
1552 2892 2768 2959 Dieser Charakter ist der Dichter Filippo Loschi, der mit
2790 2897 3304 2990 Schriften im Verlage v
1554 2938 2771 3013 seinen überzarten Empfindungen uns so garnicht wie ein
2789 2969 2913 3050 sind.
1549 2988 2767 3061 Mensch der italienischen Renaissance anmutet. Er ist ver¬
1550 3009 2801 3110 lobt mit einer edlen Bolagneserin, er verläßt sie aber und
1552 3087 2768 3175 der schönen 16 jährigen Beatrice Nardi willen. Dieser
1553 3133 2762 3210 opfert er alles, mit ihr will er aus Bologna schmählich ent¬
1564 3171 2774 3255 fliehen. Da erzählt sie ihm einen Traum, in dem sie sich¬
3151 3165 3304 3268 Deu
1565 3235 2771 3309 in den Armen des Herzogs von Bologna sah. Loschi ent¬
2880 3229 3299 3327 — Die über hundert
1556 3283 2771 3358 sagt ihr, um dieses Traumes willen, der geheimen Wün¬
2794 3290 3314 3356 nach den von der „Stati
2779 3342 3306 3403 Volkszahlungen von 1871 bis
1565 3327 2768 3411 schen entgegenzukommen scheint. Und der Traum wird
2779 3380 3310 3437 Während die Zählung vom
1555 3379 2765 3461 zur Wirklichkeit. Der Herzog sieht Beatrice, er verliebt sich
2779 3417 3306 3480 hatte, die über 100 Jahre al
1553 3425 2777 3505 in sie und verlobt sich mit ihr. Schon in der nächsten Nacht
2785 3454 3299 3523 noch 381 und die von 1880
1572 3476 2782 3557 soll die Vermählung stattfinden. Da wird Beatrice von
2793 3493 3311 3559 von 1885 nur noch 91, die
1570 3535 2765 3597 Sehnsucht nach ihrem geliebten Filippo erfaßt, sie schleicht
2781 3536 3303 3599 46 und die letzte Lählung
2798 3576 3307 3640 35 Ueberhundertjährige
1556 3578 2774 3647 zu ihm, um mit ihm gemeinsam zu sterben. Aber schau¬
2791 3612 3309 3679 weiblichen Geschlechts. Dies
1559 3620 2779 3690 dernd schreckt sie vor dem Ende zurück, als Filippo bereits
2788 3648 3311 3715 Zahlen, besonders seit 188
1567 3674 2781 3745 den Giftbecher genommen hat. Sie flüchtet zurück ies
2799 3688 3313 3752 sorgfältigen Kontrole, der ##
1574 3717 2776 3796 Herzogsschloß. Aber der Schleier, ein Geschenk des Her¬
2801 3719 3322 3792 fahrungsmäßig sehr unzuver
2789 3770 3314 3829 klassen unterzteht. Dem Rel
1556 3767 2775 3848 zogs, verrät sie; sie hat ihm bei der Leiche Loschis ver¬
2802 3808 3305 3875 die Katholiken, heren 23
1564 3827 2771 3900 gessen. Der Herzog verlangt dorthin geführt zu werden,
2795 3847 3315 3912 darunter 22 in Westpreuß
1567 3867 2772 3952 wo sie war, unter dem Versprechen, daß er ihr verzeihen
2801 3885 3315 3948 evangelischen und 2 jüdisch
1567 3910 2787 3981 werde. Sie tat es. An der Leiche Loschis erfaßt ihn
2801 3931 3313 4001 Rheinland, einer in Westpre
2880 3969 3307 4027 Mischehen in Altona.
1577 3970 2786 4033 Ekel. Beatrice wird von ihrem Bruder erstochen. Und
1570 4005 3316 4093 schon naht Cäsar Borgia. Der Herzog zieht ihm entgegen.,] es in Allva 1600 Mischehen
2974 4050 3115 4110 Srar
1585 4088 3318 4185 und tropfenweise siel es ihnen aus den Augen und hier! und mit seinem Volke in
