3392 4352
2668 469 2869 538 Seite 3.
949 485 2216 540 „DER AUTOR“. ZEITSCHRIFT FUR LITERATUR UND KUNST.
266 510 391 562 1902.
1586 590 2905 655 uns noch immer so ungern die Wahrheit hören will. Und die Wahr¬
216 595 1554 667 lichen Herzense nennt. Auch in seinem grössten epischen Werke, im Ro¬
1579 647 2909 712 heit ist es, die Schnitzler uns in seinen Dramen sagt, die ganze,
228 657 1554 726 mane -FrauBerthaGarlane beweist sich die poetische Kraft,
1578 694 2917 747 nackte Wahrheit. Ich kann natürlich auch hier nur einige Motive aus
229 708 1568 778 die in Schnitzler liegt. Und noch eines. Er ringt nach neuen Formen,
1574 742 2921 792 dem ganzen Melodieenschatze bringen, aber die paar Beispiele sollen
225 765 1566 829 Gleich den Sängern des Mittelalters, die ihre Weisen sich selbst
1582 793 2918 861 zeigen, was Schnitzler uns als Dramendichter zu sagen weiss und
227 816 1556 878 schufen, greift Schnitzler nicht gerne nach alten, abgebrauchten For¬
1582 852 2155 917 wie er es zu sagen weiss.
241 855 1562 929 men. Er teilt seinen Roman nicht in Capitel mit Ueberschriften, er
1700 882 2907 953 Das Mädchen, das liebende, gefallene Mädchen, ist sein Schütz¬
232 902 1571 969 lässt ihn leicht aus der Feder fliessen, ohne allen Zwang im Bau,
1584 948 2917 997 ling. Meine Natur — — bin ich denn deswegen gemein? lässt er
231 956 1560 1037 ohne eine literarische Architektonik, die den Eindruck machen könne,
1588 1008 2925 1056 Fanny zur Schwester im Märchen: sagen, -Aber das ist eine
232 997 1568 1056 dahinter sei das Eisengerippe, das die Façade halte. Und dabei fin¬
1587 1038 2921 1105 Gemeinheit, so einen widerwärtigen Menschen zu heiraten, weil er
234 1072 1563 1131 den wir uns überall so zu Hause. Die Carlskirche, das Conserva¬
1587 1095 2448 1159 einen versorgen kann ... Nur darum!.
228 1101 1573 1151 torium, die Paulinerkirche, der Ring, die Elisabethbrücke, ja der Bau
1706 1131 2926 1203 Freilich, das hören die Leute nicht gerne, denn es fühlen sich
231 1151 1563 1213 der Wienflussregulierung — das alles gibt Schauplätze der Hand¬
1582 1182 2921 1250 gar so viele betroffen, Herren und Damen aus den schönsten Kreisen.
234 1203 1562 1271 lung. Ist’s eigentlich eine? Ist’s nicht wieder mehr Fühlen, mehr
1598 1234 2928 1297 Solche Aussprüche stempeln die Personen der Schnitzlerischen Dra¬
228 1250 1563 1313 Empfinden? Ein lyrischer Roman, so paradox es klingen mag.
1585 1278 2923 1333 men zu Typen. Und das sind sie auch. Wenn er dem Maler Robert
236 1298 1566 1358 Diese Sehnsucht der Witwe nach dem Jugendgeliebten, der nun
1584 1326 2923 1389 in den Mund legt: -Was richtet Ihr aus mit Eurer Anbetung? Ihr
238 1350 1560 1420 ein berühmter Virtuose ist, wie rührend ist sie in ihrem Er¬
1591 1374 2927 1460 schafft euch künstliche Schmerzen .. Ich beneide Euch nicht darum.
240 1404 1572 1465 wachen, in ihrer Entwicklung, in ihrer Erfüllung, in ihrer grausamen
1586 1425 2929 1504 Ihr werdet mir die elementare Freude an meiner Ninette nicht ver¬
231 1449 1575 1517 Enttäuschung gezeichnet. Und wie originell weiss der Dichter das zu
1595 1493 2916 1557 gällen — und ebenso wenig die Freude an meinem Schaffen. —
229 1499 1568 1561 geben. Sie hat ihm von ihrem Landneste aus, wo sie wohnt, zu einem
1596 1516 2937 1596 Schmerzlose Liebe — schmerzlose Begeisterung, — die
236 1561 1573 1607 Orden gratulirt, den er bekommen, und wirklich, wie sie’s geträumt,
1591 1565 2929 1659 Dinge nehmen, wie sie sind, — hinaus über alles! Uber der Em¬
237 1603 1567 1662 gleich Antwort bekommen. Und nun will sie ihm gleich wieder
1590 1622 2938 1696 pfindung steh'n! Mit solchen Worten ist nicht nur der Charakter
245 1658 1575 1718 schreiben..Mein lieber Emil! Es ist sehr liebenswürdig von dir,
1592 1669 2930 1732 Roberts gezeichnet, eine Weltanschauung liegt in ihnen, ein Typus.
245 1693 1576 1761 mir so bald zu antworten. Ich war ganz glücklich — sie strich eganz
1600 1724 2941 1787 Und wie blitzen erst die Streiflichter durch in den Dialogen zwischen
237 1739 1569 1812 glückliche wieder aus und setzte dafür esehr erfreute, als ich deine
1603 1767 2937 1839 den Schriftstellern Fedor und Leo mit dem Beamten Wandel, der uns
241 1788 1572 1871 lieben Zeilen erhielt. Wie vieles hat sich verändert, seit wir uns nicht
1599 1813 2937 1900 das gedankenlose Vorurteil personifizirt!-Wir haben uns einmal das
245 1840 1575 1916 gesehen haben! Du bist seitdem ein berühmter Virtuose geworden,
1601 1865 2942 1957 schöne Recht der Sünde herausgenommen, sagt Fedor, -und wenn
243 1887 1584 1968 was für mich niemals einem Zweifel unterlage — sie hielt inne und
1607 1929 2943 1986 uns ein Mädchen einmal dieser Sünde wegen verschmähte, so wäre
246 1937 1574 2013 strich den ganzen Satz wieder aus. -Auch ich theile den Wunsch,
1604 1978 2934 2049 sie gerade so lächerlich, — als wir, wenn wir sie ihr einmal ver¬
246 1985 1585 2063 Dich bald wiederzusehen: — nein, das war ja ein Unsinn! Also
1601 2009 2931 2076 ziehen ... Woher nehmen wir nur das Recht, jedes Weib für recht¬
250 2034 1575 2112 sauch mir wäre es riesig angenehm, wenn ich dich wieder einmal
1598 2058 2936 2142 los zu erklären, das die Kühnheit hatte, zu lieben, bevor wir erschie¬
244 2080 1577 2149 sprechen könntes-.. Ist’s nicht als ob der Dichter in jede Falte
1610 2130 2947 2196 nen? Es ist Zeit, dass wir es aus der Welt schaffen, dies Märchen
238 2133 1575 2194 dieses Frauenherzens hineinleuchtete? Die Detailmalerei, wie sie nun
1607 2169 2931 2230 von der Gefallenen!: Ein Faustschlag ins Gesicht. Und nun die
244 2181 1586 2249 zum ersten Rendezvous in die Stadt hereinfährt, ihre Träume im
1602 2220 2932 2284 Handlung. Auch sie wird zur beissendsten Satyre. Fanny richtet sich
244 2231 1578 2297 Coupé, das einsame Gefühl im Hotelzimmer, die peinliche Wahl ihrer
1605 2272 2940 2334 nach diesen Worten ihres Geliebten und enthüllt ihm ein vergangenes
244 2282 1580 2362 Toilette am Morgen, wo sie ihn nun nach 10 Jahren wieder sehen
1599 2306 2936 2373 Abenteuer mit einem andern. Und er? Er fühlt die Macht des =Mär¬
258 2328 1585 2397 soll, jede geheimste Regung ihres dürstenden Herzens, das alles ist
1612 2360 2734 2445 chens- und das furchtbare Dilemma in dem er nun steckt.
249 2377 1579 2459 mit einer natürlichen Leichtigkeit hingeworfen, die den Leser mit¬
1716 2403 2928 2487 Sie heiraten? „Weisst Du, wer ich dann bin? Der, der schliess¬
252 2431 1582 2506 reissen muss, selbst dort, wo diese Leichtigkeit flüchtig zu werden
1603 2459 2944 2536 lich hängen geblieben ist. Er, Arm in Arm mit seiner Frau, begegnet
258 2486 1592 2568 scheint. Schnitzler ist keine Beamtenseele, die das eigene Opus
1610 2510 2944 2586 mir mit ihr. Kennst Du dieses Lächeln?“... Oder aber, „auch einer
253 2528 1584 2611 peinlich nachrevidirt, zehnmal umarbeitet und mit dem evigen Feilen
1607 2573 2942 2632 sein? Einer, genau wie die andern.. Dessentwegen man sich dann
253 2578 1592 2646 und Verbessern nicht zu Ende kommt. Er malt in kräftigen, frischen
1601 2627 2182 2705 auch nicht umbringt? Wie?
255 2623 1582 2699 Zügen und ist seines Zieles sicher, er weiss, dass er nicht für jene
1713 2689 2943 2749 Und er windet sich los. Er geht verstohlen wie ein Feigling,
257 2678 1590 2748 schreibt, die ihm irgend eine kleine Monotonie oder einen etwas hol¬
1614 2717 2945 2800 er ist ja einer, — genau wie wir alle, wenigstens die meisten. Und
248 2734 1589 2803 perigen Satz als Todsünde anrechnen. Er beweist an hundert anderen
1613 2774 2947 2846 Fanny hat den Schlussaccord: „Und ich bin wehrlos. Und auf immer
249 2775 1580 2859 Stellen, was er kann. Er will nicht an Worten gemessen sein, er
1617 2829 2949 2899 muss ich verloren sein? Und man darf mich verlassen wie eine — —“
254 2828 1583 2902 will verstanden sein in seinem Inhalt, in seiner Tendenz. So auch hier.
1620 2870 2943 2943 Ein Dichter, der seine Leier mit so kräftigen Saiten bespannt, wird
253 2875 1579 2942 Frau Bertha findet den Geliebten, sie verbringt mit ihm eine seiige
1621 2924 2942 2992 freilich immer seine Feinde haben, die da sagen werden, er liebe den
257 2927 1586 3000 Nacht. Aber als sie ihn öfter sehen will, weiss er auszuweichen. Er
1621 2990 2952 3050 Kot und dergleichen. Aber sehen wir uns diese Feinde nur an, dann
259 2968 1593 3050 schreibt ihr: rrichte Dir’s doch so ein, mein Kind, dass Du alle 4—6
1614 3017 2945 3083 wissen wir auch, warum sie es sind. Es sind die Beleidigten, die
263 3016 1591 3094 Wochen einen Tag und eine Nacht nach Wien kommste. Nun fällt
1619 3063 2938 3142 Getroffenen. So ist es Schillern ergangen mit den „Räubern“, so
257 3085 1597 3162 die ganze Wucht der Enttäuschung auf die Arme. Nun hatte sie ihm
1611 3115 2951 3191 hat es schon Lessing erfahren mit der „Emilia Galotti“, so war’s schon
247 3128 1587 3197 geschenkt, was sie ihm als Mädchen geweigert, und nun sah er in ihr
1612 3163 2943 3241 bei Euripides, der nach Makedonien fliehen musste, weil er den Athenern
264 3174 1578 3244 einen Zeitvertreib, einen Lückenbüsser, wenn er nichts anderes fand.
1613 3221 2942 3292 zu viel Wahrheiten sagte. Und haben sich seither die Menschen geän¬
262 3220 1588 3295 Und wie schön klingt nun das Ganze aus. Frau Rupius, ihre Freundin,
1611 3263 2948 3338 dert? Das Kleid vielleicht und die Gewohnheiten, ihr Wesen ist noch das¬
256 3272 1592 3348 liegt im Sterben, sie hat hinter dem Rücken des siechen, lahmen
1616 3317 2953 3386 selbe. Warum also sollte Schnitzler nicht seine Feinde haben? Warum
257 3325 1582 3396 Mannes ein Verhältniss gehabt und die Furcht vor dem neuen Leben,
1618 3362 2954 3447 sollten sie ihm nicht ebensowohl zur Folio seines Wertes dienen wie
263 3367 1587 3443 das sich in ihr zu regen begann, trieb sie in den Tod. Da steht nun
1606 3415 2958 3484 jenen grossen Meistern ihre? Man hat es nach den Aufführungen von
261 3413 1592 3505 Frau Bertha und denkt mit Schaudern an sich selbst, das erstemal
1624 3454 2958 3535 „Liebelei“ gesehen, wie entrüstet sich manche zu geberden
267 3467 1591 3535 seit jener Nacht, zund sie ahnte das ungeheure Unrecht in der Welt,
1616 3506 2952 3585 wissen, wenn man ihnen die Wahrheit sagt. Und doch, wie trefflich
260 3515 1592 3586 dass die Sehnsucht nach Wonne ebenso in die Frau gelegt ward, als
1614 3573 2951 3625 war’s auch dort gezeichnet, das muntere Quartett Fritz, Theodor,
254 3564 1600 3648 in den Mann; und es bei den Frauen Sünde wird und Sühne fordert,
1620 3601 2956 3687 Mizzi und Christine. Was für prächtige wienerische Typen! Aber wie
265 3616 1596 3689 wenn die Sehnsucht nach Wonne nicht zugleich Sehnsucht nach dem
1624 3652 2956 3728 eine schwere Gewitterwolke zieht’s herauf, wie ein Blitz trifft's ins
260 3686 483 3752 Kinde ist -
1614 3698 2948 3783 junge Glück des Mädchenherzens, als sie erfährt, dass ihr Fritz im
373 3736 1598 3799 Der Dramatiker Schnitzler ist vielleicht mehr bekannt,
1622 3748 2951 3840 Duell gefallen, im Duell mit dem Manne seiner Geliebten. „Und ich.
265 3792 1595 3855 als der Epiker, denn besonders sein Schauspiel -Freiwild-, das
1620 3811 2959 3890 was bin denn ich? Was bin denn ich ihm gewesen?“ bricht sie
265 3842 1603 3907 die Sitte beleuchtet, den Mädeln nachzusteigen und sie wie ein
1627 3849 2953 3923 aus. „Theoder.. haben Sie denn gar nichts für mich.. hat er nichts
274 3880 1597 3967 Wild gleichsam zu jagen, wie -Liebeleis sind den meisten von
1627 3915 2959 3982 niedergeschrieben..? Hat er Ihnen kein Wort für mich gesagt., haben
265 3935 1607 4007 den Aufführungen her geläufig. Es dürfte auch noch in Erinnerung
1627 3953 2655 4024 Sie nichts gefunden.. einen Brief,. einen Zettel?“
271 3978 1605 4048 sein, welchen Anfeindungen der Dichter wegen dieser Schauspiele
1741 3966 2961 4084 Aber nichts. Er ist schon begraben, als es ihr Theodor zu be¬
271 4017 1613 4114 ausgesetzt war, wenn es gleich schwer erklärlich ist, dass man bei
