3344 4384
839 253 1308 365 box 37/2
148 276 838 372 2. Cuttings
664 974 1504 1067 Kcht Unterneumen für Zeitungs-Ausechmne
505 1064 1360 1134 Wien, I., Sehdördiaplatz 4.
709 1109 1156 1193 Vertretungen
385 1158 1478 1230 ## Berlin, Budapest, Chicago, Christiania, Genf, Kopen¬
386 1219 1477 1282 tagen, London, Madrid, Mailand, Minneapolis, New-York,
416 1264 1444 1327 Paris, Rom, San Francisco, Stockholm, St. Petersburg.
724 1303 1156 1364 (Auellenangabe ohne Gewähr).
381 1343 785 1430 Ausschnitt aus:
697 1406 1444 1517 Raubugger Premsenhlan
502 1427 952 1525 ZDLIERLLA 1M
1206 1574 3137 1637 wirklich ermordet — und man hält es für blüssender Echtheit, ohne zu vergessen, den ern¬
1209 1625 3126 1686 Spiel — usw. Man wird nicht sonderlich er# sten Hintergrund dieser Novelle in Monolog¬
241 1600 1201 1733 Kunst- und Wissenschaft.
2167 1657 2621 1731 form fühlen zu lassen.
1202 1664 2167 1713 schüttert. Man sieht etwa interessiert zu, wie
2621 1676 3122 1765 v. Schmidt-Pauli ir.—
1219 1705 2168 1749 ein Dichter die Grenze zwischen Schein und
1214 1744 2165 1805 Sein verschiebt. Also kein dramatisches Plus.
1221 1782 2141 1841 Eher ein Minus zgegen die „Liebelei“ z. B.
461 1767 974 1870 Arthur Schnitzler.
2030 1824 2177 1881 nicht
1213 1822 1993 1875 Hier greift eine Tr ## lief ins Herz
1209 1858 1634 1916 gewaltsam, nicht w
1710 1853 2166 1921 " mit leiser, weicher
404 1838 1052 1936 Vorlesung von Max Montor.
1205 1896 2166 1946 Hand nur, und do## #rschütternd. Eine unsag
431 1900 1199 1986 der Einleitung zu seiner letzten
1208 1937 1732 1991 bar traurige Melodie —
1722 1937 2168 1997 und doch bis zum
244 1936 723 2012 Zyklusvorlesung am
718 1971 1201 2023 Dienstag polemisierte
1216 1968 2174 2038 letzten sterbenden Ton von einem holden
242 2000 1124 2065 Montor gegen die Sucht, in der Kunst
1211 2013 2191 2068 Schimmer übertaucht. Hier spricht auch ein
240 2037 655 2096 spezialisieren und
1078 2046 1208 2109 Auf
719 2041 1067 2102 klassifizieren.
1209 2057 2174 2103 Dichter, der zugleich ein Frauenkenner ist. Er
235 2062 1203 2136 Schnitzler angewendet: Er sei nicht nur der
1202 2095 2184 2144 ist deshalb nicht nur ein Dichter des „Süßen
237 2116 1195 2168 sogenannte Dichter des „Süßen Mädels“, son¬
1204 2134 2184 2195 Mädels“. Die Christien' selbst ist weit mehr
231 2152 1204 2230 dern auch ein Dramatiker von Rang, der große
1203 2172 2175 2230 als ein süßes Mädel. Sie ist vielleicht der
239 2198 1190 2252 Probleme angegriffen und durchgefuhrt habe.
1201 2210 2173 2252 lieblichste Frauentypus der neueren dramatischen
229 2238 1199 2291 Beweis: „Der grüne Kakadu“, ein Einakter, in
1209 2252 2177 2298 Literatur. Etwas unvergänglich Holdes, Rüh¬
239 2274 1197 2321 dem Schnitzler die Idee, daß es keine eigent¬
1209 2294 2181 2349 rendes leuchtet aus dieser Gestalt, die Mädchen!
240 2313 1206 2371 liche Grenze zwischen Schein und Sein, Leben
1214 2318 2172 2384 ist in jeder Regung. Nicht nur der Dichter
239 2348 1200 2408 und Spicl gabe, dramatisch verwendet habe.
1212 2374 2175 2428 des „Süßen Mädels“! Darin hat Montor recht,
231 2390 1194 2445 Diesen in sich geistvollen Ausführungen kann
1205 2412 2178 2473 aber der Beweis ist anders zu führen. Aus
231 2426 1200 2497 nur zum Teil beigetreten werden. Die Scheu,
1210 2442 2178 2497 der Welt des „Anatol“, der „Liebelei“ selbst.
224 2479 1197 2523 aus Liebe zur Klassisikation die Gabe eines
1206 2491 2184 2542 Hier zeigt Schnitzler seine Kunst der „Seelen¬
220 2513 1206 2572 Dichters zu reduzieren und ihm eine Spezial¬
1211 2528 2176 2588 entschleierung", sie ist kraftvoller als die Bour¬
223 2551 1203 2612 Etikette aufzulleben, ist höchst lobenswert und
1205 2563 2180 2626 gets, nicht ins Transzendentale gehend wie die
229 2584 527 2639 verständlich.
520 2591 767 2640 Immerhin
886 2592 1195 2645 Aufgabe des
1208 2602 2174 2658 Macterlinks. Ihr Gewand ist das der leisen
234 2631 1200 2674 Kritikers und später des Literarhistorikers wird
1209 2639 2191 2688 Grazie der wehmütigen Melancholie mit einem
228 2661 1194 2723 es bleiben, in die eigenste Welt des Dichters
1208 2686 2183 2727 ironischen Einschlag und einer Sehnsucht nach
232 2709 1203 2745 einzudringen und den Kern seines künsilerischen
1213 2723 2178 2784 junger Lebensfreude. Vor allem leuchtet etwas
230 2742 1190 2803 Wesens berauszuschälen. Bedeuten aber Pro¬
1214 2764 2172 2815 ungemein „Liebes“ darin, etwas, das von dem
234 2787 1200 2836 blemstücke, wie „Freiwild“ oder „Das Ver¬
1213 2786 2176 2868 „lieben Wien“ nicht zu trennen ist. Das ist die
235 2821 1199 2876 mächtnis“ die eigentliche Welt Schnitzlers? Das
1205 2845 2171 2886 Welt Schnitzlers, beginnend im „Anatol“,
233 2860 1197 2919 würden sie nur, wenn in ihnen eine besonders
1212 2881 2180 2934 gereift in der „Liebelei“ und in den beiden
226 2897 1207 2964 persönliche, spezifische Note zum Klingen käme,
1206 2917 2172 2973 künstlerischen Haupteigenschaften: der Kenntnis
233 2946 1199 2989 wenn sie etwa eine in den übrigen Werken
1207 2961 2178 3018 der Frauenseele und der entsagenden Melan¬
238 2986 1199 3055 nicht geschaute dramatische Wucht zum Aus¬
1207 2999 2175 3052 cholie ausgebaut im „Schleier der Beatrice"
227 3013 563 3076 druck brächten.
1213 3041 2174 3094 und dem „Einsamen Weg“. Das ist die Linie.
325 3059 1193 3125 Exemplisizieren wir am „Grünen Kakadu“
1203 3082 2181 3150 Die Problemstücke wären nur als Abzweigung
230 3086 1196 3153 Die wundervolle Künstlerhand Schnitzlers, die
1206 3110 1513 3189 zu bezeichnen.
233 3141 1199 3198 Lebensausschnitte wie mit einem „Silberstift“
1289 3146 2170 3204 Diese Feststellung ist für Montor kein Vor¬
235 3185 1193 3234 zeichnet und vertieft, ist auch hier am Werke.
1206 3187 2172 3238 wurf. Dankbar ist es zu begrüßen, daß er auf
227 3224 1198 3276 Auch hier. Denn wir kennen sie schon aus
1217 3234 2149 3284 die vielleicht weniger bekannte Seite bei
229 3257 782 3314 „Anatol“, aus „Liebelei“
786 3271 1199 3323 Dort schimmert auch
1214 3273 2179 3317 Schnitzler hingewiesen hat. (Die Formulierung
239 3305 1200 3349 bereits die dramatische Begabung, die Prägnanz
1214 3312 2172 3365 hätte nur nach obigen Ausführungen anders
232 3334 1200 3380 der Charakteristik. Was bleibt hier übrig?
1213 3339 2178 3418 gefaßt werden dürfen.) Der Vortrag war eine
239 3375 1207 3435 Etwa ein Plus der dramatischen Gewalt?
1217 3392 1720 3443 künstlerische Erquickung.
1749 3384 2169 3449 Nur eine gereifte,
234 3407 1207 3473 Montor wies auf den großen Hintergrund der
1204 3412 2177 3491 meisterhaft abwägende Kunst vermag die Stim¬
240 3456 1203 3507 französischen Revolution. Er ist jedoch drama¬
1206 3468 2174 3509 mung, die Charakteristik, das Dramatische eines
231 3504 1199 3558 tisch bedeutungslos für das Stück, dient nur
1206 3505 2179 3558 so fein gearbeiteten Stückes wie „Der grüne
228 3533 1199 3583 zur Illustration der Idee. Draußen der Ernst,
1217 3544 2180 3595 Kakadu“ so restlos auszuschöpfen, wie es Mon¬
232 3579 1203 3636 drinnen in der Spelunke das Spiel. Sein und
1216 3580 2191 3626 tor gestern tat. Es war eine Freude, zu sehen,
235 3617 411 3668 Schein
405 3618 1199 3674 — wo ist die Grenze? Dieser Frage
1201 3620 2189 3669 wie er Lichter setzte, abzutönen wußte und den
234 3660 1197 3711 zuliebe werden die Lebensvorgänge etwas zu¬
1213 3655 2181 3711 Umriß der einzelnen Personen nachzeichnete.
234 3698 1199 3739 rechtgemacht. Ein Komödiant spielt die Er¬
1215 3692 2181 3743 Montor scheint wirklich nicht „klassisizierbar“ zu
237 3723 749 3803 mordung eines Herzogs
795 3736 2187 3794 sie wird für Wahr= sein. Denn auch den leichten Ton des Wiener
227 3767 2182 3832 heit gehalten. Der Herzog erscheint und wird „lieben Leutnants Gustl“ traf er mit ver¬
