3392 4352
310 2585 398 2649 von
313 2640 398 2687 iné
325 2678 395 2732 en¬
325 2724 390 2764 au¬
332 2757 384 2809 St.
329 2802 363 2846 1
849 265 1311 347 box 37/2
163 268 774 363 2. Cuttings
824 1019 1120 1098 Der Bazar.
602 1136 1325 1226 Arthur Schnitzler.
499 1237 1494 1304 Der erste große dichterische Erfolg der diesmaligen Theater¬
424 1306 1489 1343 saison ist verknüpft mit dem Namen Arthur Schnitzlers
433 1342 1497 1387 des gegenwärtig hervorragendsten österreichischen Poeten. Sein
424 1386 1504 1435 Einaktercyklus „Lebendige Stunden“ ist das Bedeutendste
440 1423 1503 1469 und Wertvollste, was die im September v. J. begonnene neue
441 1457 1502 1513 Spielzeit geboten hat. Anfang Januar ist das Werk im
431 1509 1502 1548 „ Deutschen Theater“ in Berlin erschienen und sein anhaltender
429 1545 1503 1590 Erfolg ist ein vollauf verdienter. Der erste Einakter hat dem
434 1582 1495 1624 ganzen Cyklus seine Bezeichnung gegeben: „Lebendige Stunden“
434 1616 1494 1666 Das Thema, das darin angeschlagen, wiederholt sich in wunder¬
437 1659 1506 1697 vollen Variationen in den anderen Stücken — der „Frau mit
434 1694 1503 1746 dem Dolche“, den „Letzten Masken“ dem satirischen Lustspiel
425 1736 1502 1770 „Litteratur“. Lebendige Stunden — sie leben doch nicht länger
434 1770 1499 1824 als der letzte, der sich ihrer erinnert. Darum kann der junge
425 1816 1478 1863 Dichter im ersten Stück ihren Wert so hoch nicht schätzen
436 1851 1486 1899 vor ihm liegt noch Ziel und Streben und sein Dichterberuf,
435 1891 1489 1938 solchen Stunden Dauer zu verleihen über ihre Zeit hinaus.
426 1931 1501 1972 Freilich wird das nur einem wirklichen Dichter gelingen, nicht
425 1973 1501 2007 den im Schlußspiel Litteratur“ geschilderten Dichterlingen,
426 2009 1497 2062 die schon Lebendiges zu geben glauben, wenn sie ihre Seelen
424 2044 1494 2100 entblößen statt sie zu offenbaren. Und wiederum Dichter¬
427 2094 1504 2139 psychologisches behandeln die Gegensätze im ersten und im
422 2130 696 2180 zweiten Stück
732 2124 1495 2179 die schwer leidende Mutter die freiwillig
430 2166 1502 2207 den Tod sucht, um ihren Sohn von der sein dichterisches
430 2209 1505 2258 Schaffen lähmenden Last zu befreien, und dann die Frau, die
426 2247 1504 2294 eine Art Gegenstück zu Charlotte Stieglitz, mit dem Gedanken
431 2284 1495 2336 der Opferung spielt, um den Gatten durch den Schmerz zu
434 2326 1502 2375 einem großen Dichter aufzustacheln. Die Mutter sucht den
429 2363 1502 2410 Tod um des Lebenden willen, ihre Liebe hat auch nach
434 2403 1503 2444 dem Tode noch Beziehungen zu ihrem Sohne. Wo diese
422 2448 1503 2495 Liebe aber fehlt, wo nur der Haß herrscht, da zeigt sich, wenn
426 2489 1495 2534 die „Letzten Masken“ fallen, daß keine Beziehung mehr be¬
436 2521 1505 2565 steht zwischen dem, der morgen sterben wird und denen, die
437 2569 1503 2610 noch leben werden. „Und was gehen den dem Tod schon
426 2601 1507 2643 Geweihten die Sorgen der noch kommenden lebendigen
431 2638 710 2706 Stunden an?“
512 2671 1505 2726 So schlingt sich um diese mit einem elegischen Andante
421 2718 1507 2758 beginnenden und mit einem prächtigen Scherzo ausklingenden
434 2759 1497 2802 vier Dichtungen ein Einheitsgedanke, den Schnitzler oft schon
431 2800 1504 2849 in seinen Novellen gestreift — das Ineinanderspielen von
433 2832 1503 2890 Stimmungen auf dem schmalen Steg zwischen Leben und
429 2887 1506 2928 Sterben. Und auch hiervon abgesehen ist eine Gedanken= und
428 2915 1503 2955 Gefühlsbrücke von einem Stück zum anderen geschlagen. Der
435 2950 1496 2998 Dichter hat hier sein Bedeutsamstes gegeben, so viel Eigen¬
429 2993 1498 3054 artiges und Schönes wir auch bisher schon von ihm be¬
428 3034 562 3092 saßen.
513 3080 1495 3124 Arthur Schnitzler, geb. 1862 in Wien und dort eine Zeit
433 3114 1493 3158 lang als praktischer Arzt thätig, ist in erster Linie Seelen¬
442 3154 1502 3197 schilderer. Von der Novelle kam er in seinem „Anatol“ zur
434 3192 1495 3236 dialogischen Novelle und von ihr zur dramatischen Form.
438 3231 1496 3285 Es steckt ein in bestem Sinne wienerischer Zug in seinen
439 3273 1502 3320 Schöpfungen. Seine Art ist am besten so zu charakterisieren,
430 3319 1502 3367 wie er einmal eine seiner Heldinnen schildert: „Sie erinnert so
433 3349 1495 3407 an einen getragenen Wiener Walzer — sentimentale Heiter¬
544 3393 1491 3443 * lächelnde, schalkhafte Wehmut — das ist so ihr Wesen.“
442 3389 536 3433 keit -
438 3430 1506 3484 Aber allmählich ist Schnitzler darüber hinausgewachsen. Er
432 3468 1479 3509 hat über Wiener Stimmungen hinausgegrissen und hat z. B.
431 3498 1505 3564 im Grünen Kakadn“ den Weg gezeigt, auf dem wir wieder
433 3544 1461 3602 zu einem historischen Drama kommen könnten. Ph. St.
1597 1019 2543 1101 (Nr. 6. 9. Februar 1902. 48. Jahrgang.]
1984 2622 2579 2679 E. Bieber, Hofphot., Berlin-Hamburg.
1745 2674 2334 2751 Arthur Schnitzler.
1522 2804 2586 2882 Aus der New Torker Gesellschaft.
1882 2875 2217 2947 Von Rose Julien.
2261 2937 2554 2994 Nachdruck verboten.
1525 2989 2585 3038 (ILeber die amerikanische Gesellschaft bestehen im Auslande
1531 3039 2596 3083 A die wundersamsten Vorstellungen, weil jene Kreise, mögen
1626 3075 2597 3114 sie auf Reisen auch noch so international verkehren, sich
1524 3114 2588 3164 daheim allen außerhalb stehenden Elementen völlig verschließen.
1522 3155 2595 3200 Im Auslande hat sich um die „oberen Vierhundert von
1523 3192 2591 3234 New York“ eine Art Nimbus gebildet. Auf goldenem Grunde
1520 3220 2589 3270 erscheinen sie, die vielgenannten Vertreter der Milliardär= und
1532 3269 2596 3320 Millionärdynastien und eine Fülle von Sagen, aus Wahrheit
1527 3311 2590 3349 und Dichtung gewoben, erzählt von ihrem Reichtum, ihren
1521 3355 2591 3399 Extravaganzen und zugleich von ihrer philanthropischen Groß¬
1528 3384 2594 3441 mut. Alles ist in diesem Umfange meist schwindelerregend
1524 3427 2595 3466 für deutsche Gemüter und entspricht übrigens auch nicht immer
1527 3464 1886 3518 ganz der Wahrheit
1906 3470 2585 3517 denn solche Meldungen kommen zu
1527 3505 2593 3551 uns durch das Medium der amerikanischen Zeitungen, die sich
1532 3545 2122 3591 in Sensationsnachrichten gefallen.
1610 3585 2578 3635 Das vielverbreitete Wort von den „oberen Vierhundert“
1995 3628 2591 3677 trifft übrigens für New York gar
2290 3663 2598 3715 Es giebt mehr
1996 3663 2286 3719 nicht mehr zu.
1992 3702 2595 3759 als „Achthundert“, die das Recht
1993 3736 2117 3783 haben
