3344 4352
785 255 1276 343 box 37/2
113 252 777 353 2. Guttings
90 1569 637 1628 hört und gesehen, Künstler
691 1589 1777 1648 über die Schwelle emporzuturnen. Die Blasen sprechen für
92 1607 649 1659 ene Künstler zumal, die mit
691 1621 1770 1681 sich selbst. Der Dichter spricht nicht für sie. Er macht
83 1641 640 1703 welt nur in den spärlichsten
689 1658 1769 1721 keinen Bericht. Er legt nur sein Ohr an die Außenfläche
79 1678 638 1746 n zu Gesicht und zu Gehör
692 1697 1780 1759 des Leutnants und horcht in ihn hinein Was er heraus¬
87 1719 635 1782 rechtzeitig vermerkt werden,
687 1738 1785 1793 hört, wird wie von ungefähr zu Worten, zerhackten Nackt¬
80 1759 632 1816 des Montorprogramms bei
696 1774 1775 1838 sätzen, gebrochenen Redegliedern, verhaspelten Lautzeichen.
80 1795 643 1855 en sind. Scmitzler ist kein
689 1817 1774 1874 Aber der Wahnsinn, der hier im Grunde nur die normalste
82 1835 634 1904 Dichtungen fallen nur dort
691 1848 1772 1898 Natur ist, hat eine verblüffend klare und wahre und gare
88 1877 640 1936 tsmarktlitevatur bis auf den
689 1890 1777 1942 Methode. Man erfährt nicht nur, wie es in diesem
88 1916 632 1972 Gleichwohl hat gerade er
683 1943 1768 1991 gleichgiltigen Leutnant aussieht. Man erfährt, wie es in
81 1954 627 2016 sgehalt der Weihnachtstage
682 1966 1770 2023 echten und ehrlichen Menschen aussieht, wenn sie sich
85 1990 642 2046 ch so lebendig und doch so
679 2010 1777 2060 plötzlich von einem tödlichen Verhängnisse unausweichlich
107 2027 637 2086 ihm der liebe Gott dafür
677 2043 1767 2106 bedroht fühlen. Man erfährt, wie den Menschen über¬
83 2065 631 2127 d alle Engel in den Häusern
681 2084 1769 2144 haupt zu Mute ist, wenn ihnen auf einmal eine unent¬
80 2111 630 2166 nmobilisieren müßte. Weil
687 2124 1764 2181 rinnbare Todesgefahr jählings ins Auge blitzt. Solch eine
93 2148 626 2217 Gnaden schon ohnehin auf
690 2160 1772 2219 Probe aufs Exempel macht der Leutnant. Der unfrei¬
96 2186 506 2246 und erste Recht hat.
680 2197 1774 2265 willige Halbschlaf hat seine gewohnheitsmäßige Arroganz
83 2212 635 2280 stionsdrama „Der grüne
677 2236 1765 2301 bis zur Ueberempfindlichkeit einer Briefwage gesteigert.
83 2262 631 2317 isten Teile des Auditoriums
677 2276 760 2322 In
761 2283 1767 2320 dieser ultravioletten Gereiztheit flegelt er einen
82 2304 622 2361 n Erinnerung war, begann
667 2316 1769 2368 dicken, aber energischen Spießbürger an. Der attakierte
94 2338 628 2400 Wiener Noveile „Lieut¬
1691 2364 1742 2392 ##
670 2355 1763 2404 Spießbürger packt auf diffamierende Art den Säbelgriff
77 2383 625 2431 gikomischen Grundton des
676 2394 1765 2455 des Angreifers und fügt eine unverkennbare Verbalinjurie,
87 2417 624 2478 eiseren Noten weiterklingen,
675 2425 1774 2506 hinzu. In diesem furchtbaren Augenblicke fühlt sich der
86 2454 620 2517 Gewalten der szenischen
672 2470 1759 2522 maßlos gedemütigte Offizier wie ein schlafwandlerisch Be¬
99 2488 626 2551 eine halblaute, eine un¬
679 2506 1772 2562 täubter von innen her zu einer rätselhaften Untätigkeit
77 2514 622 2583 imme eines Erzählers, der
675 2551 1756 2591 verurteilt. Er fährt dem Spießbürger nicht ins Gesicht.
80 2563 632 2628 chtet, um unwissentlich von
666 2580 1762 2648 Er läßt geschehen, was geschehen will. Aber eine Minute
79 2613 624 2672 wußtseins Kunde zu geben.
676 2623 1763 2665 später, da es schon zu spät ist, bricht er aus seiner kata¬
76 2649 620 2703 nonolog. Diese Novelle ist
677 2661 1762 2708 leptischen Ruhe blutrünstig hervor und erkennt, daß er
82 2689 626 2744 Wachswalze. Die intimsten
674 2701 1766 2764 sich nun unter allen Umständen noch in der nämlichen
83 2728 627 2786 ren Seelenstifts trägt sie in
672 2743 1766 2788 Nacht erschießen müsse, um die verpfuschte Ehre zu retten.
84 2771 630 2824 nd Arabesken auf ihrem
675 2778 1754 2829 Von eigenen Gnaden zum Tode verurteilt, irrt er nun
77 2800 613 2861 hält alle unbewußten Ge¬
663 2813 1763 2875 mit seiner verfrühten Todesgewißheit im nächtlichen Wien
85 2847 622 2898 rbestimmten Situation ohne
665 2859 1758 2897 umher, schläft auf einer einsamen Praterbank ein und
95 2881 622 2934 doch nicht dem kontrollie¬
661 2892 1751 2942 wacht mit dem dämmernden Morgen in seinem Stamm¬
67 2923 615 2975 lich erwachten Bewußtseins
1519 2937 1582 2970 3f
666 2938 1752 2995 kaffeehause auf. Wo ihm nicht ohne schlagkraftige Er¬
79 2951 613 3008 ant Gustl sitzt gelangweilt
671 2970 1751 3029 götzlichkeit eine unverhoffte Rettung aus seinem entsetz¬
83 2996 614 3052 Mit schwerer Teusik ist die
661 3014 1756 3067 lichen Dilemma zuteil wird. In dieser grauenvollen Nacht
92 3040 617 3094 Geistigkeit dieses geladenen
659 3049 1744 3094 aber hat er alle Seelennöte eines gehetzten Menschen
79 3083 609 3136 r Faust auf sein primitives
664 3084 1748 3142 durchlebt, dem der baldigste Tod zur unmittelbar drohenden
82 3114 613 3184 nder Spiegel rotiert es um
666 3124 1757 3179 Selbstverständlichkeit geworden. In der Entwicklung und
125 3157 606 3212 schaltet sich aus. Die
665 3161 1754 3215 Lösung dieser Seelennöte liegt die wunderbar komplizierte
81 3189 610 3254 kfluß. Der Leutnant denkt
658 3203 1747 3263 und doch so wunderbar einfache Kunst des Dichters
85 3226 388 3281 ird gedacht.
388 3235 609 3286 Und nun
663 3237 868 3290 geborgen.
88 3259 605 3321 sche der Blasen, die im
711 3268 1740 3325 Traum ist Wirklichkeit, Wirklichkeit ist Traum. Schein
85 3303 612 3368 stigten Menschen aufsteigen
656 3312 1750 3378 ist Wahrheit, Wahrheit ist Schein. Das Leben aber läuft
82 3356 1769 3429 nbewußtseins rumoren, um 1 mitten hindurch und wirkt oft gerade dort am wirklichsten,
1827 1592 2927 1655 wo es sich am traumhaftesten und unwesentlichsten geberdet.
1825 1639 2919 1687 Es hat eine Zeit gegeben, da Arthur Schnitzler diese
1830 1677 2920 1718 chinesisch=indisch=japanisch=spanische Erkenntnis als Nach¬
1828 1711 2927 1767 fahre Grillparzers immer wieder aufs neue in der unter¬
1827 1756 2917 1797 schiedlichsten Weise zu deuten liebte. Aus dieser Periode
1826 1794 2920 1866 stammt der „Gustl“, der unter saloppen Unscheinbarkeiten
1819 1833 2488 1895 die abgründigsten Tiefen bewahrt.
1875 1871 2917 1945 Als rezitatorischer Nachgestalter dieses Psychodramas
1813 1913 2919 1990 hat Max Montor eine neue Quelle seiner künstlerischen
1819 1969 2921 2029 Kraft entdeckt. Mit einer beredtsamen Verschwiegenheit,
1816 2007 2914 2048 die selten ist, ging er den sprunghaften Selbstoffenbarungen
1813 2042 2907 2104 seines kuriosen Helden bis in die winzigsten Denkschnörkel
1815 2086 2907 2138 nach. Wie die Membran eines Phonographen belebte er
2185 2111 2225 2145 4
1824 2125 2907 2166 alle Furchen und Fältchen der mikroskopisch=sein be¬
1827 2163 2910 2211 schriebenen Walze. Ganz restlos kam sie ins Tönen. Und
1815 2196 2906 2245 das Echo unter den angeregten Damen seines Auditoriums
1818 2232 2901 2298 war allgemein und bedeutend. Manch schlanke Schönheit
1824 2277 2907 2334 befand sich darunter. Im übrigen mag es den Anschein
1816 2318 2897 2366 haben, daß die Montor=Matinéen in der Musikhalle zu
1823 2357 2911 2421 einer Notwendigkeit geworden sind. Fortsetzungen werden
1809 2399 2319 2463 verschiedentlich gewünscht.
2367 2423 2972 2505 Anton Lindne
