3392 4320
1475 312 1935 406 box 36/6
137 306 1305 420 1. Pamphletsofforints
1070 872 2108 935 Josef Körner: Arthur Schnitzlers Gestalten uvd Probleme
711 877 839 948 1006
1586 948 2467 1009 kennens“. Und nur selten begegnet man
718 942 1576 1015 Typik in die Problematik des Dichters ein¬
1597 992 2468 1056 in Schnitzlers Werken einem ehrlichen
709 996 1576 1047 getreten, denn das Rätselwesen Weib ist
1600 1044 2464 1096 Feinde solcher „Herzensschlampereien“. In
718 1059 1578 1107 nicht mehr Gestalt, sondern Inhalt seiner
1602 1093 2466 1141 diesem Punkte sind sie sich gleich, die
715 1100 1581 1161 Dichtung. Die Mädchen und Frauen
1605 1142 2458 1198 Männlein und die Weiblein. „Das Weib,
714 1149 1582 1199 seiner reichsten Werke verspüren alle eine
1602 1198 2473 1259 heißt es im „Anatol“, „ist ein Rätsel, so sagt
716 1196 1585 1263 tiefe Sucht nach Abenteuern, der sie ent¬
1605 1244 2472 1294 man. Was für ein Rätsel wären wir
716 1252 1572 1306 weder erliegen („Der Ruf des Lebens“:
1604 1300 2465 1349 erst für das Weib, wenn es vernünftig
711 1298 1581 1347 Marie; „Das weite Land“: Erna) oder
1599 1351 2468 1403 genug wäre, über uns nachzudenken.“
719 1341 1574 1396 vor der sie in den Tod flüchten (Der ein¬
1610 1397 2464 1454 Schnitzlers Helden sind vernünftig genug,
711 1394 1576 1455 same Weg“: Johanna). Die eine kehrt
1606 1438 2460 1484 über sich und das Weib gründlich nachzu¬
719 1440 1583 1501 nach dem ersten Erlebnis angeekelt und
1600 1481 2479 1551 denken, und da schwinden die Begriffe
710 1488 1586 1553 erschreckt zu bürgerlicher Wohlanständigkeit
1602 1537 2481 1599 von Schuld und Sühne dahin. So spricht
709 1536 1577 1604 zurück („Frau Berta Garlan“), eine an¬
1597 1575 2468 1654 auch der Held des Puppenspiels zuletzt:
722 1589 1581 1641 dere schleppt ihren Leib durch Gossen und
710 1636 1587 1699 Königspaläste („Die Hirtenflöte"). Bea¬
1629 1635 2431 1715 Nein, Liesl, ich bin auch nicht treuer
711 1683 1585 1741 trice betrügt den Dichter mit dem Herzog
1629 1699 2408 1757 Und nachher darf ich dir verzeihn.
719 1745 1596 1793 und den Herzog mit dem Dichter. Cäcilie
1661 1759 2471 1847 Aber ist das noch Liebe? Haben die
727 1782 1591 1844 („Zwischenspiel“) schwankt zwischen dem
1603 1824 2464 1896 erotischen Empfindungen und Erlebnisse
729 1835 1588 1889 Gatten und dem Geliebten hin und her.
1606 1874 2467 1930 dieser hemmungslos jeder Versuchung er¬
780 1887 1583 1943 Und Königin Maja!) gesteht es scham¬
1605 1922 2475 1986 liegenden Menschen auch nur das geringste
728 1931 1583 1988 los dem Gemahl: „Den lieb ich,
1615 1976 2469 2033 mit dem hohen Gefühl gemein, für das
719 1980 1586 2044 König, der mich trunken macht.“ Tiefste
1611 2024 2473 2083 die deutsche Sprache das Wort Liebe be¬
724 2029 1586 2091 Trunkenheit aber lockt von dort, wo in
1599 2065 2471 2132 sitzt? Es bedarf keiner moralischen Tiraden,
723 2073 1550 2146 letzter Liebeslust das Leben verglüht, —
1607 2120 2478 2171 der Dichter selbst hat zu wiederholten
717 2125 1586 2183 wenn Eros und Thanatos sich umarmen.
1600 2182 2474 2233 Malen die Verneinung ausgesprochen.
726 2174 1586 2225 Im „Schleier der Beatrice“, im „Ruf des
1614 2219 2477 2270 Dem Herrn von Sala („Der einsame
724 2228 1594 2281 Lebens“, im „Jungen Medardus“ spielt
1605 2269 2473 2327 Weg“) legt er diese Worte in den Mund:
722 2274 1590 2343 so der Tod zum letzten wilden Tanze auf.
1605 2328 2473 2376 „Lieben heißt, für jemand andern auf der
727 2323 1587 2378 Und diese — die einzigen ihr noch un¬
1604 2381 2473 2426 Welt sein... Was hat das, was unser¬
729 2373 1593 2434 bekannten — Sensationen will die Her¬
1614 2424 2478 2488 einer in die Welt bringt, nät Liebe zu
726 2417 1596 2488 zogin des Puppenspiels durchkosten, wenn
1603 2459 2475 2522 tun? Es mag allerlei Lustiges, Verloge¬
725 2475 1587 2536 sie sich in die Arme des vermeintlichen
1607 2513 2474 2576 nes, Zärtliches, Gemeines, Leidenschaft¬
735 2521 1097 2595 Moriturus wirft.
1608 2573 2488 2624 liches sein, das sich als Liebe ausgibt, aber
784 2567 1596 2628 Wie die blasierte Herzogin von diesen
1615 2614 2473 2672 Liebe ist es doch nicht.“ Und der Herzog
735 2613 1598 2674 morbiden Reizen sich angesprochen fühlt,
1617 2660 2472 2727 von Bentivoglio („Der Schleier der Bea¬
730 2672 1593 2726 so erliegt Liesl, die Beatricen gleich den
1609 2710 1955 2780 trice“) gesteht:
724 2717 1586 2773 Geliebten mit einem Herzog betrügt,
729 2761 1595 2823 dessen derberer Anziehungskraft. Ein
1613 2765 2275 2843 oft genug hab ich versucht,
723 2804 1597 2878 Rattenkönig von Untreue — höchst be¬
1606 2819 2463 2892 Dem sich so viele Wunder offenbarten,
730 2858 1594 2915 zeichnend für einen Dichter, der bald mit
1617 2869 2468 2921 Auch dies zu kennen, das Ihr Liebe nennt.
734 2908 1587 2974 feuchtem Blick, bald mit höhnisch gekräusel¬
1618 2924 2479 2988 Ich weiß von Wunsch und Lust und Über¬
724 2962 1596 3026 ten Lippen wider den Irrglauben an
2278 2966 2444 3038 druß —
731 3001 1589 3074 Liebestreue predigt. Was mit frechem
1607 3011 2226 3100 Das Wunder fühlt' ich nie.
720 3057 1591 3117 Lustspielhumor „Anatols Hochzeitsmorgen“
1670 3094 2482 3163 Darum wissen Schnitzlers Betrogene
725 3096 1590 3167 zum Besten gibt, was im „Reigen“ Kunst¬
1607 3152 2478 3201 auch nur ihre Eitelkeit verletzt, nicht das
727 3150 1598 3223 mittel und tiefster Gehalt zugleich ist, das
1613 3200 2475 3269 gefühllose Herz getroffen; ihnen geht
739 3212 1589 3266 wiederholen in nachdenklicherer Ausge¬
1616 3246 2480 3302 nicht eine Welt unter, — eine schmerz¬
738 3253 1586 3311 staltung Episoden des „Einsamen Wegs“.
1612 3295 2299 3368 liche Erkenntnis geht ihnen auf.
738 3301 1590 3358 des „Weiten Landes“ des „Mörders“, des
731 3350 1599 3423 „Wegs ins Freie“, der „Stunde des Er¬
1619 3361 2337 3427 Indem ich nämlich alles versteh,
1609 3414 2437 3490 Fühl' ich nicht Groll, nur leises Weh, —
812 3451 1594 3523 1) Alkandi's Lied. Dramatisches Gedicht in
1619 3487 2481 3557 läßt sich der Held des Puppenspiels ver¬
727 3511 1598 3557 einem Aufzuge. (An der Schönen Blauen Donau
1610 3554 2490 3623 nehmen. Und Frau Genia („Das weite
737 3551 1271 3618 V, S. 398—400, 424—426.)
