3392 4384
164 236 771 342 2. Cuttings
1888 161 2220 241 ——
920 229 1358 343 box 38/1
1494 1186 1990 1261 NIELS TH. THOMSEN
974 1206 1120 1272 276
978 1300 2508 1397 herer den Skole, han selv har grundlagt.“ To typiske Representanter for
982 1365 2513 1443 estrigsk Ekspressionisme har man derimod i Huns Kalteneker og Franz
995 1428 2508 1497 Theodor Csokor. Den forste, der var Sen af en estrigsk General, dede
987 1478 2504 1576 kun 21 Aar gammel; det tyske Folketeater i Wien har spillet hans Tra¬
1000 1541 2508 1625 gedie „Offeret“, et Passionsspil, der viste Paavirkning af alle de yngste.
997 1608 2507 1667 fra Walter Husenclever til Werfel og Wildgans. Samme litterare Indfly¬
989 1648 2518 1729 delse spores tydeligt hos Franz Csokor, hvis moderne gteskabstragedie
998 1721 2520 1790 „Den rede Gade“ er spillet paa Raimundteatret; endnu ejendommeligere er
996 1768 2523 1845 hans Mysteriespil „Den store Kamp“. I hypermoderne Wienerblade som
1001 1842 2493 1904 „Die Muskete“ ser man hans Navn under smaa pessimistiske Poesier. —
995 1898 2522 1971 Tidstypisk Efterslet fra Krigen og den estrigske Revolution er den unge
1009 1958 2518 2028 Carl Julius Haidvogels tre kraftige Revolutionsakter: „Den genfedte Kain“.
1003 2023 2520 2099 Meget betegnende er de udkommen i en wiensk Serie, der hedder „Bo¬
994 2082 1327 2157 ger af Tiden“.
1064 2190 2520 2254 Hermed er giort et Forseg paa i store Trak at fere moderne estrigsk
1002 2255 2532 2318 Litteratur up to date og pege paa nogle af Udviklingslinjerne. Jo mere man
1000 2301 2521 2365 fordyber sig i Emnet, desto klarere kommer det til at staa for en, at
1004 2358 2524 2428 ostrigsk Litteratur har sin egen Karakter, sit bestemte Serprag, sine egne
1008 2428 2525 2493 Valerer og ingenlunde ber opfattes som en Filial af den tyske, selv om
1011 2479 2525 2551 Haandbeger og Litteraturhistorier af gammel Vane og af praktiske Grunde
1006 2547 2523 2609 behandler den under Tyskland. Og navnlig maa man ikke lade sig for¬
1015 2590 2529 2683 lede til at tro, at estrigsk Litteratur skulde ligge som en mindre Enklave
1011 2669 2528 2736 indenfor den tyske. Forholdet mellem tysk og estrigsk kan, naar det gel¬
1017 2721 2532 2780 der Opgereisen af det litterare Fallesbo, minde lidt om vort idylliske
1014 2761 2539 2836 litterere Forhold til det kere Norge. Et enkelt karakteristisk Trek er
1009 2821 2329 2896 det, at Wien litterart set staar München nermere end Berlin.
1091 2894 2521 2963 I Kraft af en vis Gemytternes Overensstemmelse kan det endelig siges,
1017 2946 2523 3024 at estrigsk Litteratur i seerlig Grad taler til dansk Sind og Temperament.
1013 3008 2529 3085 Derfor er der al god Grund til at gere opmarksom paa de mange nye
1012 3060 2533 3147 estrigske Forfattere, der er dukket op. Sagen er jo nemlig den, at naar
1022 3129 2537 3201 man ser bort fra Specialisterne, Universitetets, Teatrets, Pressens og Litte¬
1027 3182 2540 3253 raturens Folk, er den eneste af den nu omtalte Snes Forfattere, hvis
1028 3251 2536 3324 Navn herhjemme virkelig er kendt, Arthur Schnitzler. Og det, skont Dan¬
1025 3323 2550 3373 skerne maaske er den mest litterart interesserede og mest lesende af alle
1021 3376 1236 3446 Nationer
