3344 4384
893 328 1370 429 box 38/1
153 313 778 438 2. Cuttings
1183 1292 1691 1388 DER BAZAR
136 1408 3013 1472 achte. Der Grundzug seines Wesens bleibt, zu lassen, daß ich naturgeheime Zusammenhänge erkenntnisgemäß den reinen Dichtungen. Es wird schwer sein, in meinen Dich¬
149 1471 1953 1544 rschung des Einzelmenschen, sondern die Ent= weiß. Ich stellte mich als Dichter absichtlich intuitiv, nie lehr¬
1959 1480 3011 1543 tungen etwas von Anatomie, Physiologie, Psychologie zu ent¬
149 1502 906 1569 keltzusammenhänge, ein Beginnen, das ihn
1962 1519 3021 1597 decken, und doch werden meine Poesien meine ganze Weltan¬
151 1557 897 1621 chwermütigen Geständnis treibt: „Wie kann
1958 1569 3020 1651 schauung und mein Weltwissen im Kern enthalten, aber umge¬
159 1603 905 1663 ndurcheinanderstürzenden Welt gehen, vor¬
1964 1616 2867 1673 bildet zu fliehenden Wolken, zum fließenden Strom.“
153 1646 899 1700 drückt mich, ich bin unendlich klein neben
2046 1640 3019 1718 Hans Much, der Leiter des Hamburger Forschungsinstituts
151 1690 898 1746 Ist ein Ich überhaupt? Was bleibt mir
1963 1690 3015 1754 für Tuberkulose und Direktor des Eppendorfer Krankenhauses,
155 1734 901 1791 hz zu unterwersen? In dieser Allnatur kann
1960 1749 3029 1792 ist als Novellist und Lyriker, aber auch als Philosoph und Kunst¬
157 1770 896 1830 hen. Aber ich könnte — in ihr schwimmen.
1971 1791 3022 1857 kenner erfolgreich hervorgetreten. Seine Weltanschauung, die
156 1812 899 1878 leise mich hingebend, mich ihr anschmiegen.
1966 1834 3018 1907 ebenso den Arzt wie den Dichter ehrt, entzündet sich in dem
153 1859 889 1927 un! Es wäre vergebens. Ich wehre mich
1975 1879 2767 1953 Gedicht „Gottheit“ zu dem schönen Bekenntnis:
150 1902 598 1966 flasse mich überwältigen!“
2132 1931 2728 1999 Du großes Du in Sternenweiten,
150 1933 896 2009 s Arzt und Dichter war der leider allzufrüh
2125 1988 2701 2057 In schauernden Unendlichkeiten,
151 1998 897 2048 dwig Schleich, der Freund und Vertraute
2140 2037 2658 2090 Im Namenlosen ohne Heim,
157 2036 889 2088 seinem eigenen Geständnis in seinen Jugend¬
2130 2068 2719 2150 Du wandelst in der Weltenwelle,
155 2075 894 2149 ankte er lange zwischen wissenschaftlicher
155 2124 884 2188 erufsneigung, bis er sich schließlich auf Ver¬
2133 2121 2687 2183 In Tigerkraft und in der Zelle
156 2168 885 2226 Faters, der selbst Arzt war, dem ärztlichen
2123 2155 2735 2240 Und in dem kleinsten Samenkeim:
150 2210 886 2270 ndte. Nur ein Dichter und Arzt konnte die
2137 2228 2708 2310 Ich habe dich mit hellem Wissen
146 2259 892 2312 reiben, die er seinen Betrachtungen „Vom
2131 2297 2706 2354 Gefordert und an mich gerissen,
153 2295 516 2365 anken“ voranstellt:
2137 2331 2776 2392 Doch ach, du bist ein flüchtiger Gast:
152 2354 600 2421 den feinsten Nervensaiten
2124 2365 2828 2447 Stets da — und doch so schwer zu fassen,
146 2400 683 2486 t ein Spielmann sein Gedicht.
2135 2414 2831 2493 Stets nah — und doch so leicht zu lassen.
163 2441 675 2515 fühlst du die Finger gleiten,
2130 2469 2756 2539 Du willst nur Wohnung im Palast.
156 2478 743 2568 den Spielmann siehst du nicht ...
2131 2529 2749 2613 Wissen kann immer nur für Zeiten
147 2541 900 2633 nserinnerungen „Besonnte Vergangenheit“.
2135 2596 2728 2639 Den Körper zum Palast bereiten.
159 2609 894 2663 seiner dichterischen Sendung: „Ich habe
2125 2629 2765 2693 Ich weiß, du forderst mehr für dich.
154 2651 894 2713 Periode meines Lebens der Feder Ruhe ge¬
2130 2675 2858 2735 Doch mag auch oft mein Fuß noch gleiten,
148 2683 897 2756 Leben hindurch, von Kindheit an, rannen
2128 2725 2750 2776 Ich muß dir doch entgegenschreiten:
160 2744 899 2800 u poetischen Bildern zusammen. Im Spiel
2124 2772 2767 2839 Denn Ich bin Du und Du bist Ich.
166 2788 894 2844 sich namentlich in meiner Jugend mir Bal¬
154 2828 896 2885 der Wellen und Wälder klangen Begebnisse,
2035 2820 3011 2898 Was den Arzt zur dichterischen Gestaltung verlockt, ist wohl
1204 2840 1656 2920 Pelicder dr ien. Anen
157 2878 885 2931 Enschaftlichen Erkenntnisse setzten sich zu ge¬
1949 2877 3021 2941 in den meisten Fällen das Wissen uim Menschenleid, das in
158 2916 897 2966 kistallen in dem Grund der Seele ab oder
890 2907 1945 2981 haft ein. Was Strindberg mir einmal sagte: „Ein Dichter muß
1949 2923 3018 2998 schöpferisch veranlagten Naturen den Rahmen der Wissenschaft
152 2959 891 3013 Ereignissen mit einem Kerngehalt von neuem
898 2954 1949 3024 vieles, vielleicht alles wissen. Wehe, wenn man merkt, was alles
1946 2973 3011 3029 sprengt, um auf dem freieren Gebiete der Kunst innerlich Ge¬
164 3006 892 3078 vermied ich, in meinen Versen durchschauen
894 3006 1949 3087 er weiß!“ — danach habe auch ich stets poetisch gearbeitet bei
1949 3011 3019 3093 schautes mit äußerlich Erlebtem zu einer Einheit zu verschmelzen.
279 3138 3011 3379 sugendliebe grosser ICänner von on gaeum Stahnus
162 3404 877 3471 man Freude und Schmerz so nahe beieinan¬
894 3412 3014 3476 ter eines Londoner Bankiers, die, als die beiden einander kennen= außer zu der jungen Ricke Holst=Tressell in Vergen, der er sein
162 3457 883 3516 der ersten Liebe großer Männer nachspürt
885 3461 1937 3522 lernten, 19 Jahre zählte. Vier Jahre dauerten die Beziehungen.
1948 3467 3017 3531 ganzes, von literarischen Sorgen wildbewegtes Herz offenbarte.
156 3496 885 3568 daß eigentlich selten ein Mädchen an das
890 3506 1949 3576 Im Mai 1833, gerade, als Dickens Name in der Offentlichkeit
1956 3505 3014 3571 Alle seine Gedanken und Pläne teilte er seiner Jugendliebe mit.
161 3545 876 3625 glaubt, um sich ihm für Lebenszeit zu ver¬
884 3555 1939 3620 bekannt zu werden begann, sagte sich Maria, die ja ein wenig
1945 3554 3011 3611 Jeder Tag brachte Ricke lange poetische Ergüsse Ibsens, stets
885 3602 1947 3648 älter war und den poesievollen Jüngling stets von oben herab
1949 3592 3014 3659 von einem Blumenstrauß begleitet. Oft mußte der Spender
157 3608 882 3691 te sich als junger Mensch in ein Mädchen,
886 3634 1948 3704 behandeln zu müssen glaubte, von Dickens los und vermählte
1946 3644 3015 3697 hungern und auf sein Essen verzichten, um die Blumen kaufen
152 3671 892 3744 seiner Größe zu überzeugen suchte. Als
897 3685 1949 3744 sich mit einem Mister Winter. Dickens aber, der in seinem Ro¬
1950 3691 3016 3744 zu können. Ibsens Briefe an Ricke endeten immer mit den
149 3717 877 3783 ie Rede mit einer Verdonnerung aller bis¬
890 3724 1941 3796 man „David Copperfield“ in der Gestalt der Dora Spenlow und
1941 3726 3010 3786 Worten: „Meine einzige Ricke! Ich glaube an die Liebe, ich
156 3763 888 3823 Opernkomponisten begann, aber nicht mit
887 3769 1942 3838 in „Klein Dorrit“ in der Figur der Flora Fincking ein Idealbild
1942 3765 3015 3839 glaube an das Weib!“ — Unter Rickes Einfluß entstand Ibsens
153 3808 885 3870 das in ihm ruhende Talent schloß, sondern
885 3810 1936 3870 seiner geliebten Maria entwarf, konnte jene erste Liebe niemals
1950 3815 3008 3879 erstes größeres Drama „Die Herrin von Ostrot“. — Später
155 3851 884 3914 llen Sie meine Frau werden?“ antwortete
891 3861 1939 3924 vergessen. Einmal schrieb er der Angebeteten: „Was auch an
1950 3859 2738 3927 wandte sich Ibsen von seiner Jugendliebe ab.
160 3900 877 3946 urz und verächtlich: „Nein!“ Wagner, erst
887 3892 1949 3960 Phantasie, Romantik, Willenskraft, Leidenschaft und Ehrfurcht
2032 3887 3012 3969 Tragisch, wie sein ganzes Leben, war auch Heinrich von
154 3944 889 4015 ald wieder und rief: „Einst wird der Tag
885 3939 1943 3996 in mir sein mag, ich bin nie von Dir getrennt und werde mich auch
1950 3933 3008 4019 Kleists Jugendliebe. Wilhelmine von Zenge hieß das Mädchen,
176 3986 887 4043 eIhre Antwort bereuen werden“, und ver¬
891 3998 1935 4045 nie von Dir trennen“. Mißverständnisse führten zur Trennung.
1953 3993 3011 4060 dem der preußische Dichter seine frühesten Seelenkämpfe zutrug,
155 4026 876 4077 in paar Tage später sandte e an die Ge¬
884 4042 1942 4088 In seinem Abschiedsbriefe gestand Dickens freimütig: „Ich habe
1951 4037 3013 4099 das er in langen Vorträgen zu sich heranzubilden suchte und
147 4065 883 4119 Brief, in dem er seine künstlerischen Pläne
892 4081 1943 4124 keine Hoffnung zu äußern, ich bin so lange gewöhnt, Jammer
1947 4078 3009 4149 das er zu seinem idealen Publikum zu erziehen wünschte. Ein
168 4098 893 4174 und nochmals um Gegenliebe bat. Allein
888 4126 1935 4175 und Elend in mir zu verarbeiten, daß es nicht darauf ankommt,
1944 4125 3006 4175 schüchterner und doch empfindlich selbstbewußter Liebhaber, so
157 4150 882 4212 e das Mädchen mit einem schroffen: „Nein!“
886 4166 1944 4213 was andere denken oder was aus mir sein wird. Ich habe von
1946 4157 3008 4221 trat Kleist auf, völlige Hingabe an seine mit ungestümem Herzen
144 4198 873 4266 er für den jungen Forget, der gleichzeitig
892 4193 1947 4261 Dit mehr ertragen, als irgendein lebendes Geschöpf je von einer
1950 4211 3008 4268 angestrebten Pläne und Ideen fordernd. „Edler und besser
167 4245 764 4308 A. M Me Veteve„
748 4253 836 4314 B
