3392 4256
1494 40 1906 116 e e
592 82 1455 139 ed eternamente uguale a se stesso: un
2344 93 2513 144 del mas
1463 102 2320 151 sempre impressionista come Schnitzler do¬
586 110 1462 170 eterno permanere che simula Taspetbo di
2338 127 2512 191 rähiide C
1473 144 2314 197 veva sentirsi attratto dalla forma del mo¬
583 154 1461 220 un eterno divenire, un Nuttuare di appa¬
2362 171 2481 217 Essi
1477 195 2321 242 nologe interiore, che corrisponde cosi be¬
2335 200 2526 264 I'Alée 1
573 196 1456 262 renze, un danzare di marionette, un gioco
1469 227 2323 286 ue alle esigenze del suo mondo spirituale,
2333 252 2524 308 vetloro:
574 248 1193 298 di ombre fugaci ed eflimere.
1471 269 2319 324 ove i personaggi non comunicano mai ve¬
613 273 1453 339 La stessa concezione dell'amore nel bel¬
2338 291 2522 347 ghiaccia
1473 315 2313 366 ramente gli uni con gli altri, né esiste un
2331 332 2514 387 tina il
573 331 1457 408 lissimo Andtolto: un girare in tondo, un
1459 357 2322 418 mondo di cosc e di valori che tutti unifor¬
2333 369 2535 428 non (68t
583 371 1451 442 cercare che non sbocca mai in un trovare,
1465 405 2327 450 memente ammettono e in cui convengono.
2343 415 2538 466 tre aapim
583 419 1457 492 un correre senza posa di avventura in av¬
1467 449 2322 491 La Signorina EIsa & tutto un lungo mono¬
2335 456 2547 509 mente 1°3
591 458 1456 535 ventura, per non raccogliere mai che un
1466 487 2316 563 loge nteriore, e si svolge, com'é naturale,
2328 495 2545 552 quella be
585 501 1456 586 pugno di cenere, da eill si sprigsna ia
1463 524 1951 590 nel corso di poche ore.
2334 537 2537 589 vennd. D
589 543 1464 617 fiamma del ricordo, la cosa piü dolcc e carn
2329 580 2542 628 novellino
1502 568 2326 633 Elsa d ospite dei suoi parenti in un al¬
577 586 1457 659 che sia nell’amore. Su tutlo oscilla un am¬
2335 618 2528 673 lusinghe
1465 616 2322 674 bergo di lusso, quando le giunge una let¬
586 630 1456 705 biguo e stanco sorriso di melanconia e di
2337 659 2513 714 zioni
1470 664 2324 725 tora della mamma che la supplica di chie¬
587 676 1453 746 ironia, in eui si esprime un dolore un po'
2337 695 2528 765 non faci
1470 703 2325 769 dere in prestito a un signore che villeggia
579 721 1461 784 molle che si compiace di 80 stesso e di at¬
1455 744 2326 812 nello stesso albergo una grossa somma, ne¬
588 765 1335 837 teggiarsi in molli e armoniosi versi.
1470 797 2328 843 cessaria a salvare il padre dalla prigione
2355 775 2524 849 Ma du
621 803 1452 888 Trowiamo in Girotondo e in Anatolio gli
2339 840 2530 891 un' impre
1470 843 2316 898 e dal isonore. Vincenvlo la sua enorme ri¬
570 852 1449 915 stessi elementi che afliorano piü visibillmen¬
2337 880 2533 939 dalla tor
1474 884 2316 940 pugnanza, Elsa fa la domanda, e quel tale
579 903 1460 964 te in altri lavori dello stesso Schnitzler
2325 919 2517 979 re, malt
1474 931 2316 974 risponde che darà il danaro a un patto:
574 943 1458 1002 (Paracelsus, Der grüne Kakadu, Literatur,
2335 960 2515 1018 cione, p.
1466 971 2323 1024 che Elsa si lasci veder nuda. Le reazioni
584 989 1458 1047 Liebeler, ecc.), e che di Jui farno il pre¬
2339 1001 2521 1059 menti a.
1472 1009 2323 1070 psicologiche che la ignobile domanda su¬
580 1034 1456 1099 cursore dei moderni drammaturghi, che a
2339 1043 2513 1098 poso se
2343 1085 2516 1136 cenda S.
589 1076 1449 1138 centro del loro mondo spirituale hanno
1469 1115 2326 1161 pio ma altera, emancipatissima d’idee ma
2329 1125 2522 1183 sistere C
571 1127 1457 1185 messo il problema dell’illusione e della ve¬
1471 1158 2323 1205 non di sentimenti, e soprattutto fiera di sé,
2334 1165 2520 1218 che mon
573 1171 1216 1242 rità, dell'essere e del parere:
1466 1189 2326 1245 vero tipo di ragazza moderna, il suo oscil¬
2337 1202 2517 1261 é passer
618 1221 1419 1284 Fluiscon l'un nell'altro sogno e veglia,
1449 1215 2333 1299 lare tra la vergogna, lo sdegnoe una mi¬
2331 1248 2499 1299 presto
627 1269 1403 1314 aül vero e il falso. Nulia v’ha di certo:
1462 1280 2328 1336 steriosa attrazione sensuale che in lei stes¬
2329 1287 2510 1342 nuare
628 1294 1416 1345 e milla sappiam di noi, oulla degli alltri,
1453 1310 2336 1388 sa suscita l’immagine del suo corpo bian¬
2338 1331 2519 1376 vand CC.
628 1332 1423 1390 rà un gloco eterno e bravo e chi lo sa
2336 1361 2527 1420 inconire
1471 1371 2326 1422 co e nudo esposto agli sguardi della cu¬
616 1362 1456 1434 Cosi dice Paracelso nel mirabile atto uni¬
2356 1407 2518 1459 Lanir
1466 1422 2335 1473 pidigia maschile, il fluttuare di quell’ani¬
579 1414 1460 1480 co omonimo. E da questo gloco sale una
2335 1440 2514 1509 ce880, L
1466 1467 2322 1510 ma tra l’idea della morte liberatricee del¬
581 1468 1456 1521 nebbia di malinconia sottile che avvolge le
2343 1491 2497 1544 ginia.
1466 1496 2328 1546 la vita libera e senza catene, tra il nero
579 1506 1455 1569 cose, ne cancella i contorni, ne dissipa la
2337 1531 2509 1585 placatag
1468 1526 2345 1606 del nulla e il piacere del senso, tutto ci5 6
581 1551 1453 1618 soliditä e la consistenza, le pervade di re¬
2336 1574 2504 1638 semi-3s
1463 1590 2320 1640 reso da Schnitzler com una potenza mira¬
583 1593 1452 1661 latività universale. Dei piu bei Javori
2337 1617 2501 1666 non acr
1460 1629 2325 1694 bile di contrappunto psicologico. Attraver¬
579 1640 1465 1700 drammatiei di Schnitzler 1l nodo c appun¬
2342 1648 2504 1710 dovetteg
1465 1668 2332 1725 so il monologo di Elsa noi conosciamo lei
588 1680 1452 1742 to questo fluire“e convertirsi l’uno nell'al¬
2342 1695 2504 1756 non ult
1466 1719 2327 1774 stessa e il piccolo mondo che la circonda,
575 1727 1460 1797 tro della realtä e del sogno, dell’illusione
1461 1774 2330 1820 quale lei se lo raffigura di attimo in atti¬
2335 1773 2489 1831 che la
583 1767 1463 1837 e della vita, apparenza che si coagula in
1465 1813 2322 1862 mo, nella febbre, del suo cervello sconvolto.
2340 1815 2508 1871 per ton
578 1822 1458 1878 sostanza, sostanza clie svapora in apparen¬
1464 1850 2327 1920 Nella sua negazione di ogni obbiettivismo
2339 1855 2509 1911 Blaner-
572 1864 1452 1926 za, senza che si possa mai dire con preci¬
1516 1895 2322 1952 naturalismo esteriore o psicologico,
2341 1891 2506 1959 piecola
581 1903 1466 1977 sione dove passi la linea di confine fra le
2336 1933 2497 1997 aiscest
1475 1942 2322 1987 Schnitzler non si 6 mai spinto tanto lon¬
579 1949 1455 2001 due. Vanamente i personaggi desiderano
2363 1975 2486 2040 La 1
1470 1983 2328 2036 tano quanto in questa Siynorina Eisa, che
578 1992 1462 2067 la scierza che permetta loro finalmente di
2344 2021 2492 2074 allorels
1463 2033 2329 2096 perció entra di pieno diritto nel quadro
572 2039 1458 2104 porre il piede sulla terraferma dell’assolu¬
2338 2064 2490 2115 malaug
1468 2073 2322 2133 delle correnti piü vive dell'arte narrativa
582 2079 1454 2156 to e della certezza: essi non usciranno mai
2337 2102 2490 2155 e scivt
1464 2113 2335 2169 contemporanea. Per strappare il denaro a
581 2124 1467 2183 a riva dal mobile mare di nebbia della re¬
2339 2135 2526 2207 si tro#
1473 2152 2320 2211 quel tale senza dargliela vinta Elsa si mo¬
581 2172 1459 2242 latività e del dubbio. Essi si stanno a fron¬
2334 2180 2531 2238 sima Da
1475 2198 2330 2255 stra nuda a tutto l'albergo e sviene. Poi
587 2207 1460 2271 te etermamente separati dai muri delle il¬
2334 2225 2545 2282 aleun ost
1474 2242 2321 2299 all’enorme vergogna cerca scampo nella
2333 2266 2552 2322 fatale. Di
575 2261 1459 2330 Jusioni di cut ciascnno 6 piü o meno in¬
1465 2291 2325 2352 morte liberatrice. Come tutti i personaggi
2337 2288 2561 2357 legava ab
572 2301 1460 2379 consapevole prigioniero. Questo relativi¬
1476 2337 2329 2386 di Schnitzler, anche Elsa evade nella mor¬
2336 2344 2543 2402 disgrazialt
582 2343 1461 2401 smo estremo assume forma comica in una
1472 2378 2324 2425 te da una vita ehe non sarebbe piü per
2331 2382 2571 2446 in un mor
576 2385 1456 2452 digertente commedia, Fink e Kliederbusch,
1470 2423 2320 2481 lei che decadenza e miserabile fluire quo¬
2334 2428 2575 2484 resistenza
584 2433 1463 2493 11 protagonista della quale serive su due
1472 2464 1851 2529 tidiano di giornt.
2342 2469 2461 2528 6861.
575 2475 1458 2533 giornali di partiti opposti con due nomi
1812 2480 2310 2570 ABRIANO TILCHER.
2353 2482 2566 2556 II Mezze
580 2510 1465 2593 diversi e, per un intreccio di casi, 6 co¬
2329 2542 2575 2612 buon tratti
572 2564 1469 2623 stretto a scendere sul terreno contro s0
1553 2556 2320 2655 SchsirztEn. Modemoiselle Else — Paris,
2339 2582 2569 2658 gliato conk
583 2603 1469 2674 stesso. (E' lo stesso soggetto trattato da
1477 2615 1713 2673 Stock, 1926.
2333 2633 2559 2696 cia, sulia
588 2649 1470 2710 Tristan Bernard ne Lu F#nccola e 1l Paro).
2323 2660 2546 2729 erimase
586 2707 1469 2762 Quando Fliederbusch-Fink decide di ##ue¬
1494 2692 2306 2784 II supplizio delle formiche
2330 2713 2560 2762 compagni
587 2731 1464 2799 cidere v 1l suo altro se stesso, un politico
1913 2756 2319 2816 Budapest, 9, notte,
2321 2742 2579 2810 ferite laceh
592 2782 1465 2856 ultra-conservatore, il conte Niederhof, lo
2348 2797 2567 2853 Oliva rimar
1494 2790 2339 2849 Un atto di ferocia inandita viene segna¬
1474 2833 2333 2883 lato dal Comune di Sajk. Cacciatori di fro¬
591 2837 849 2907 sconsiglia:
2346 2839 2552 2890 mento di
1480 2874 2324 2918 do da un pezzo tenevano d’occhio la guar¬
2339 2873 2573 2948 Cercaronon
632 2865 1458 2937 a In fine il signor Fliederbusch difende
1470 2906 2332 2947 din lerestale Szombath, incaricata desa cu¬
2340 2921 2562 2972 duto, ma.
570 2925 1461 2986 II suo punto di vista, come Lei, signor
1470 2937 2296 2980 stodia dei possedimenti del conte Enlödy,
2337 2962 2568 3014 ogni curag
581 2967 1466 3027 Fink, il zuo. Forse egli ha esagerato un po'
1470 2973 2335 3016 loro nemniee neerrimo, Jeri notte, incontrutosl
2345 2997 2566 3065 ern epiratt
1473 3011 2340 3056 10 Szombath von un paio di bracconieri, que¬
579 3007 1462 3071 nella forma: ma il suo punto di #ista ha
1477 3043 2335 3086 sti lo spogliarono nudo e lo legurono 2 un
2416 3031 2571 3114 All:
591 3053 1460 3109 in fondo la sua ginstificazione, come 11 Jno.
1471 3080 2335 3124 nbero sotto il quale si trovava un fornl¬
660 3099 1468 3162 Fliederbusch — E il Suo, signor conte.
1479 3100 2344 3153 calo. In questa posizione disperata la di¬
2337 3141 2574 3198 di perplese
661 3150 2321 3195 Conte — Gia. Non piu giustificazione esgrazinta guardia fu abbandonata al suo##
1469 3188 2324 3225 ste destino. II disgraziato, martordato per tit¬
2339 3185 2552 3234 davere de¬
588 3184 1465 3248 non meno. Verità assclute non ce ne sonon.
1474 3216 2330 3266 ia ln notte dagl’insetti, grido disperatamente
2341 3210 2570 3280 dloveva rin
631 3228 1451 3292 Si spiega perciö facilmente come, mal¬
1477 3248 2336 3302 Unelie oggi, verso mezzoglorno, egli fu rin¬
2350 3259 2564 3316 sciar andi“
1469 3287 2321 3336 venmito tutto coperte di bestiole, II corpo del
588 3269 1464 3339 grado l’età non piü giovanile, Schnitzler
2334 3292 2568 3358 poteva rin¬
1472 3321 2326 3358 disgraziato fu ridotto in istato compassiolle¬
577 3313 1469 3365 ma stato il solo dei poeti e drammaturghi
2335 3335 2567 3402 condizionit
592 3363 1469 3423 tedeschi che le generazioni venute su du¬
2344 3385 2569 3437 conto delg
1468 3387 2331 3432 corde che lo tenevano legato, egli cacdle a
591 3398 1456 3461 rantee dopo il gran cataclisma della guer¬
1465 3426 2326 3466 terra estenuato, ed, in istato gravissimo, fü
2336 3420 2558 3477 decisero 6
1471 3453 2327 3513 trasportato all’ospedale. Dei malfattori man¬
587 3449 1469 3502 rae del dopoguerra non abbiano respinto
2336 3459 2570 3519 doche T’Ol.
1479 3491 1803 3542 ca ogni tracci.
586 3504 1477 3554 cone irrimediabilmente superato e invec¬
2324 3507 2564 3561 punti men¬
1794 3503 1954 3565 ——
1971 3521 2050 3561 —
2337 3537 2561 3598 erano sott
586 3541 1469 3593 chiato. La sua arte ha saputo immedliata¬
1521 3552 2285 3636 II cagnolino e gli elefanti
2335 3584 2563 3636 tragiea fin
589 3575 1466 3655 mente intonarsi ai nuovi tempi e ai nuovi
1902 3613 2319 3665 Londra, 9, mattino.
2362 3618 2561 3678 Cosi ven
590 3620 1480 3691 gusti. Ma egli è e rimane soprattutto il
1504 3650 2328 3698 Un fatto curiosc é segnalato da Edmoditon:
2335 3662 2569 3716 Feur, mer
590 3667 1474 3743 pocta della Vienna imperiale della deca¬
1471 3698 2332 3739 14 elefanti appartenenti ad un serraglio di un
2340 3704 2570 3761 oggetto de
596 3708 1470 3762 denza, che nella sua arte si rillette come
1477 3729 2327 3770 Circo. presi improvvisamente dallo spavento,
2347 3746 2559 3796 dei sanita
1463 3767 2330 3806 #nell’udire abbaiare un cagnolino, gettarono
587 3764 1464 3817 in uno specchio di mirabile trasparenza:
1481 3789 2569 3835 al suelo due cnormi furgoni automobili con.Igräfare ab
598 3809 1461 3865 il poeta di un mondo bello ma gracile,
1484 3830 2539 3878 tenenti le casse delle tigri, dandosi quindi veitta per
590 3854 1465 3911 squisito ma internamente vizzo, dolce e
1470 3862 2328 3907 alla fugn attraverso la cittä e spargendo i
2341 3862 2542 3917 inesatte.
594 3887 1469 3954 malinconico come un lungo crepuscolo d’au¬
1482 3894 2326 3940 panico fra tutti gli abitanti. Grazie all’in¬
2373 3897 2558 3954 Vennie
1484 3927 2335 3978 iervento del personale del Circo e della po¬
597 3933 1475 3981 tunno, persuaso della irrimediabilità e im¬
2346 3943 2566 4012 otto gulde
1475 3964 2336 4003 lzia non si hannota deplorare disgrazie al¬
594 3976 1463 4025 minenza della sua fine, eche per stordirsi
2344 3989 2560 4042 cho partir
1484 3999 2337 4044 le persone, I padroni del serraglio riuscirono
595 4031 2216 4090 Bi butta en piacere e insegue l’ebbrezza, mala far rientrare nelle gabbie le bestie.
2337 4027 2553 4086 I’Aiguille
2903 4083 3136 4152 esh
