3392 4256
906 119 1342 221 box 38/1
154 119 760 229 2. Guttings
2018 1378 2152 1460 Peie
1516 1367 1680 1456 M
2160 1352 2683 1497 Fertigfabrilarus
231 1429 1625 1509 ursprünglich war der 1. Jänner 1928 Rollen begleiet.
1178 1545 3151 1592 Es ist für die Kulturzustände im zivilisierten und Schönherr, Salus und Halbe, Schnitzler
176 1543 1156 1604 schlichen wir zwischen blühendem Korn und
1171 1587 3157 1653 Zentraleuropa sehr bezeichnend, daß daselbst und Hauptmann verhältnismäßig zu wenig
173 1597 1161 1653 duftendem Flieder weit draußen auf dem
2168 1628 3159 1697 gespielt werden. Die Kultur der illustrierten
1182 1619 2156 1686 Jazz= Operetten und Revuen schlimmster
169 1634 1164 1708 Feldweg mit klopfenden Herzen voll Ban¬
1192 1681 2158 1733 Sorte die ebenbürtigen Zuhörer begeistern,
2179 1677 3150 1731 Zeitungen gleicht einer Art geistiger Ver¬
166 1678 1157 1744 gigkeit. Ein einsamer Wanderer kam uns
2174 1722 3152 1776 legenheitstätigkeit und hat der neuzeitliche
1176 1715 2152 1787 während im bolschewistischen Rußland ver¬
168 1717 1168 1797 entgegen, du verbargst dein Antlitz vor ihm
2176 1770 3164 1810 Verkehrsrummel nicht in einem neuen Geiste
1176 1764 2156 1834 gleichsweise Schnitzlers bereits 1895 ent¬
177 1765 1163 1825 in dem Strauß Margeriten, den du im
2178 1808 3152 1873 im öffentlichen Leben ein Gegenstück. Es
1185 1812 2149 1863 standenes Schauspiel „Das Märchen“ als
176 1824 1162 1877 Arme hielist. Nur die Sterne verklärten den
2167 1853 3167 1910 genießen dieselben Menschen, die vor Ver¬
1185 1845 2160 1904 vollwertiges Tendenzwerk ebenso die Theater
172 1857 1163 1917 holdseligen Wahn, der uns umfing und
2180 1900 3155 1942 kehrstürmen, neuen Radiomöglichkeiten usw.
1184 1892 2155 1953 ständig füllt, wie etwa Lecocgs musikalisch
166 1915 1166 1968 begrub. Doch der nächste Tag fand uns
2223 1949 3147 1997 inerlich erschauern, in den Lichtspielhäu¬
1185 1944 2143 1998 wertvolle Operette „Mademoiselle Angot“,
162 1938 1164 2019 zage und müd wie weinende Kinder am
2184 1987 3153 2043 sern und Revuen mit demselben Vergnügen
1186 1993 2153 2058 die bereits 1872 in Paris die Uraufführung
167 1986 1163 2045 Weg, die Blumen pflücken für das Grab
2177 2021 3155 2086 den Kitsch, an dem sich unsere noch mit
1188 2034 1367 2091 erlebte.
176 2033 585 2107 ihrer Mutter...
2181 2070 3154 2122 der Pferdebahn reisenden Großväter erbaut
1228 2050 2157 2131 Es ist mit der Auffassung des Dramati¬
233 2062 1162 2136 Heute ist draußen wieder alles, wie es
2169 2114 3153 2189 haben. Der Rückschritt auf allen künstleri¬
1185 2106 2165 2179 schen etwa wie mit der Deutung der Sitten.
166 2105 1172 2185 einmal war: Kinder und Blumen und
2171 2166 3150 2219 schen Gebieten in der durch moderne Tänze
1182 2167 1269 2213 in
1262 2158 2156 2211 Schillers Gozzis „Turandot“. Länder,
168 2157 1166 2237 Sonne und Jubel und Fahnen im Winde
2177 2202 3163 2267 noch nervöser gewordenen Nachkriegszeit be¬
1179 2208 2157 2262 Epochen, Moden verschieben fortwährend
178 2216 1164 2265 und lachende Augen. Aber drinnen ist's
2176 2255 3157 2303 weist, daß die ganzen technischen großarti¬
1189 2253 2163 2305 Begriffe und Gesetze. Zu den Problemen
172 2252 1157 2312 still geworden, so einsam und still wie der
2180 2294 3163 2343 gen Erfindungen der Neuzeit nicht imstande
1183 2297 2159 2346 der tragischen Schuld und der inneren
177 2289 1158 2365 Raum, von dem ich hinunterschaue auf den
2182 2338 3165 2408 waren, die gemütslose Oberflächlichkeit der
1181 2339 2152 2398 Wandlung gesellen sich die Gemütszustände,
167 2340 1160 2395 Zug, der eben vorüberwallt, bunt und ver¬
2168 2378 2818 2444 breiten Massen zu beheben.
1178 2384 2159 2443 welche Heroisches, Dämonisches, Romanti¬
172 2390 1158 2455 gänglich wie alles: die Jugend, das Glück
1185 2428 2156 2475 sches, aber auch Alltägliches und Symboli¬
2225 2432 3152 2490 Bei Schnitzler entfaltet sich in seinen
181 2438 630 2507 und das Leben...
1187 2470 2163 2527 sches bedeuten. Kommi noch der Humor
2177 2475 3151 2531 reissten Werken der Hauptcharakter stets aus
1179 2517 2160 2573 und die Satire, Historisches und Philoso¬
2185 2519 3156 2573 dessen ganzem früheren Lebenslauf, aus den
338 2522 1036 2615 Artur Schnitzler.
1180 2561 2161 2618 phisches hinzu, so ist der Umfang des Dra¬
2178 2573 3156 2632 inneren und äußeren Erlebnissen der Per¬
1194 2607 2157 2662 mas noch nicht erschöpft. Das Theater ist
232 2591 1126 2660 Von Dr. Robert Reinhard (Prag).
2189 2614 3160 2672 sonen und indem wir denselben gleichsam
1185 2641 2164 2694 wie ein dargestelltes Feuilleton. Meist ist
2174 2651 3157 2724 ins Herz schauen, erfahren wir, was und
225 2657 1172 2723 In möglichst kurzen Umrissen sei das
1177 2696 2155 2748 ein schlagendes Theaterstück nur schlechte
2174 2687 3167 2770 wie sie geworden sind. („Liebelei", „Der
173 2684 1160 2761 Leben und Schaffen eines Dichters geschil¬
1182 2725 2151 2789 Literatur, dagegen ein literarisches Meister¬
2182 2738 2990 2797 grüne Kakadu“, „Literatur“ usw.).
177 2746 1168 2816 dert, dessen Werke schon heute klassische Gel¬
1185 2774 2013 2847 werk oft ein schwaches Bühnenstück.
2241 2775 3165 2852 Artur Schnitzler wurde am 15. Mai 1862
179 2786 1167 2845 tung besitzen, welche auch vielfach in die
2178 2816 3159 2870 als Sohn des bekannten Universitäts=Pro¬
1237 2822 2164 2878 Der Phrase und den äußerlichen Symp¬
174 2831 1172 2899 meisten europäischen Sprachen, ja selbst ins
2182 2885 3168 2933 fessors u. Laryngologen Dr. Johann Schnitz¬
1183 2884 2159 2936 tomen erliegt leider heutzutage ein großer
173 2874 1171 2949 Japanische übertragen worden sind. Die
2179 2920 3172 2981 ler in Wien geboren. Im Hause seiner
1187 2916 2165 2966 Teil des Publikums und es ist kein Wunder,
173 2920 1173 2988 deutschen Bühnen greifen leider seit Jahren
2175 2957 3173 3035 Eltern gingen Bühnenkünstler aus und ein
177 2962 2168 3039 viel zu selten auf diese Kammerkunst zurück. daß die wertvollen Stücke von Anzengruber
1866 3085 1942 3152 4
973 3111 1536 3233 The u
