3392 4256
2050 75 2257 131 —.—
908 143 1369 241 box 38/1
177 135 771 251 2. guttings
2705 412 2941 492 Ne
1952 426 2582 503 M
2209 487 2470 539 —
2028 522 2925 634 Argus Suisse ei International de in Prese 8. Al.
2172 607 2787 686 23, Rue dit Rhöne - GENEVE
1996 650 2968 739 Adr. télégr.: Coupures-Genéve — Tél. Stand 40.05
2017 742 2956 815 Bureau International de coupures de journaux.
2121 793 2871 861 Tradactions de et en tontes langues.
1961 788 3008 916 ——
1170 817 1954 935 Fädische n
1691 908 2950 1000 eben nur an Correspondants dans toutes ies grandes villes.
756 950 1405 1058 Arthur Schnitzler
1700 991 1974 1049 war, und t
1692 1031 1966 1090 Schnitzler el
1976 1036 2398 1108 Extrait du Journal
783 1030 1351 1116 Von Doris=Wiliner.
2336 1034 2947 1142 Judisch libersie
1692 1076 1956 1135 Göttern des
1687 1123 1947 1186 lügt sovi
541 1087 1677 1173 Arthur Schnitzler, um dessen Haupt gegehwättig ein
2448 1110 2743 1190 zeitung
1976 1140 2187 1203 Adresse:
451 1163 1674 1222 trauriger Glorienschein menschlichen Märtytertuns seinen
1702 1168 1966 1227 sche einmal g
2325 1146 2920 1272 BUR LIN 24-8-26
454 1201 1677 1262 blassen Heiligenschein webt, wurde, obzwar ein echtbürtiger
1697 1213 1961 1268 über den ju
1987 1227 2135 1303 Date:
468 1250 1673 1303 und echtblütiger Wiener, mit Fug vor etwa zwei Jahren
1696 1253 1966 1310 jedermann (1
469 1291 1673 1348 in die Preußische Dichterakademie gewählt. Denn nur wenige,
1702 1299 1972 1360 Bände kauft
468 1338 1682 1389 besonders begnadete Mitglieder der jungen Korporation haben
1704 1338 1956 1403 aufzuhalten
464 1383 1679 1436 für das deutsche Schrifttum in so schöpferischem, bereichern¬
1693 1387 1975 1448 berg der deu
469 1425 1673 1479 dem Sinne gewirkt, wie dieser Sohn der Donaustadt, der
1701 1432 1974 1489 wagte es die
455 1463 1683 1525 vorgeschobensten Bastion gen Osten, in der vielfältige Rassen
1693 1472 1974 1533 losesten der,
537 1509 1677 1562 die deutsche, die romanische, die slawische — zusammen¬
1697 1519 1974 1576 bekümmert 1
478 1560 1676 1624 flossen und vielleicht eben oarum dem Charakter der von
1698 1563 1977 1622 unterdessen 1
1711 1572 2968 1673 etwas brenz Taxe d’inscript 1.50 — Tarif 0.40 p. coupure.
466 1604 1678 1669 uns allzeit mit Liebe und Sehnsucht umfangenen Metropole
2460 1632 3014 1715 par 100 coupures Fr. 30.
467 1641 1688 1701 zu einer besonders verführerischen Eigenart verhalfen. Man
1711 1650 1977 1711 „Der Weg
2882 1677 3035 1733 67 50
2536 1687 2640 1737 250
1713 1668 2443 1753 serer Eig Tarif réduit, payement
478 1687 1682 1761 hat oft und viel über den Begriff des „Oesterreichers“,
2859 1712 2980 1772 130.—
1990 1721 2432 1775 d’avance sans période
2529 1733 2643 1777 500
473 1737 1680 1809 gestritten; man hat ihm Wohlwollen oder Abneigung ent¬
1706 1744 1974 1806 regungen
2694 1761 3024 1823 „ " 250.—
2046 1760 2398 1825 de temps limitée.
2511 1772 2656 1838 1000
478 1775 1688 1838 gegengebracht, und die konsequentesten Denker gelangten da¬
1713 1786 1977 1840 werte Le
477 1816 1682 1878 hin, den Begriff als solchen überhaupt zu negieren. Vielleicht
1710 1825 1971 1888 beispielsweise
1985 1814 3036 1909 Or traite à forfait, au mois, an trimestre, à l’année
469 1873 1679 1923 auch mit Recht, da der Repräsentant eines Nationalitäten¬
1710 1872 1991 1934 berechtigt
472 1905 1687 1972 staates (mit zehn oder zwölf Kronländern) statt eines Na¬
1693 1914 1997 1979 Lisch vers
478 1950 1681 2025 tionalstaates kaum je einen einheitlichen, organisch gefügten
2060 1944 2687 2028 Seetlags--SeidnngenundeTpott
1705 1956 2013 2014 Und er, der
1706 1965 2930 2046 lungen, die „zwischen den Rassen ausgetragen =wurdenzmnicht
1712 2048 2923 2093 nur vom Hörensagen kannte, sondern sie in seinem eigenen
1703 2092 2919 2140 tausendjährigen Blut schmerzhaft fühlte, er teilte mit salomo¬
1706 2122 2923 2176 nischer Weisheit die Wiener Juden seiner Blüte¬
1713 2171 2928 2229 zeit in zwei große Gruppen ein: in die eine,
1706 2220 2919 2271 die immer in der Frucht lebt, bei ihrer sorglich ver¬
813 2221 1363 2315 Photographien
1705 2256 2928 2310 hehlten und durch reichliche Assimilierung überzucker¬
1710 2310 2923 2360 ten Abstammung meuchlings ertappt zu wer¬
1706 2345 2930 2402 den, und in die andere, die jedem Neutralen
699 2321 1493 2418 von der Veltkonferenz
1719 2390 2926 2447 und Unbefangenen ungefragt sofort mit dem
554 2406 1691 2485 Das Atelier Eiite, Leipziger Straße 119=20, teilt uns mit,
1703 2435 2924 2488 fatalen Bekenntnis zur eigenen Rasse ins
482 2485 1684 2534 daß von den am Eröffnungsabend der Konferenz gemachten Aufnahmen
1717 2490 2933 2535 Gesicht springt, und durch diese unangebrachte Be¬
1711 2533 2927 2581 kennerwut (die von stolzem Bekennermut ebenso weit
483 2524 1688 2588 noch Abzüge in Größe 18x24 à Mk. 1,— zu haben sind. Ebenso sind
1717 2561 2924 2626 entfernt ist wie die Verleugnungsmethode) den arglosen: Part¬
488 2585 1664 2643 von Cl. G. Montefiore und Miß Montagu noch Bilder à Mk. 1,—
1710 2610 2935 2661 ner nur in eine unmotivierte Verlegenheit versetzt. Jahre
490 2624 927 2696 und Mk. 3,— vorrätig.
1708 2661 2929 2709 um Jahre sind über diesen brennenden Zeit= und Streit¬
568 2673 1699 2745 Gleichzeitig weist das Atelier Elite darauf hin, daß Bilder der von
1713 2696 2935 2757 fragen, wie sie sich in einem seiner Epoche weit vorangeeilten
490 2728 1690 2798 ihr aufgenommenen prominenten Persönlichkeiten der Konferenz in ihren
1713 2743 2621 2810 Dichterhirn und Herzen spiegelten, verstrichen.
489 2790 1151 2857 Schaukästen zur Ausstellung kommen.
1797 2785 2927 2860 Arthur Schnitzlers Kunst am Worte aber ward immer
1712 2838 2931 2904 liebevoller, erlesener, wie von jeglicher Erdenschwere befreit.
1726 2903 2938 2957 Im ganzen deutschen Reiche schrieb kaum ein anderer Dichter
1716 2950 2941 2999 ein so gepflegtes, graziles, über den Menschen und Dingen
1723 2994 2933 3047 gleichsam schwebendes Deutsch. Dergleichen kannte man allen¬
1729 3022 2930 3087 falls in Frankreich oder Italien, wo die Erziehung zur
486 3043 1702 3116 Typus darzustellen vermochte. Und dennoch, wenn auch ethno¬
1724 3060 2941 3129 künstlerischen Form durch jahrhundertealte Tradition Gesetz
487 3095 1699 3157 logisch ein Unsinn, eine contradictio=in=adjecto: körperlich,
1724 3114 2930 3180 war. Es blieb auch gleich, welche Kunstgattungen Arthur
487 3151 1697 3212 geistig, seelisch und moralisch hat es ihn trotzdem gegeben
1719 3164 2934 3226 Schnitzler gelegentlich bevorzugte; die tänzerische Seele seiner
483 3194 1695 3250 und gibt es ihn noch heute, den vielumstrittenen, viel be¬
1724 3203 2942 3257 Schöpfungen blieb all seinen Werken — mochten es Romane,
487 3239 1699 3304 fehdeten, scheinbar nicht existenten „Oesterreicher“. Niemand
1720 3246 2939 3306 Dramen oder die von ihm besonders geliebte und meisterlich
495 3284 1700 3343 hat das in schöneren, klareren und überzeugenderen Worten
1724 3296 2937 3357 beherrschte Form der Novelle sein — zu eigen. Die Stoffe
485 3328 1705 3388 zu beweisen gewußt, als der Auch=Oesterreicher Felix Salten
1729 3351 2936 3400 aber, denen er seine inkommsensurable Kunst angedeihen ließ,
496 3371 1699 3435 in seinem mit Herzblut geschriebenen Buch: „Das österreichische
1726 3396 2955 3441 pendelten stets zwischen den beiden Polen: lebenerzeugende
501 3419 1705 3462 Antlitz“. Denn gerade jene vermeintlichen Mängel, die in
1720 3432 2948 3492 Liebe und — Tod, Entstehen und Vergehen hin
482 3456 1696 3507 den Augen des pedantischen und unerbittlichen Volks=, Sprach=,
1719 3469 2953 3530 und her. Vielleicht war das ein biologischer Atavismus des
495 3510 1704 3557 Stammes= und Geschichtsforschers dem Oesterreicher anhafte¬
1721 3509 2941 3566 selbst zum Mediziner bestimmt Gewesenen, der einer Familie
498 3546 1704 3603 ten oder überhaupt den Garaus machten, liehen ihm in
1730 3564 2943 3617 angesehener Aerzte entstammte. In seinem ausschließlich n
487 3600 1710 3643 jedem vielleicht weniger buch= und buchstabengelehrten Sinn
1728 3610 2944 3659 der Sphäre zwischen Tod und Leben spielenden „Professor
500 3639 1702 3698 seine besondere Eigenart und seine individuellen, unnach¬
1729 3640 2947 3702 Bernhardi“ packte er wieder mit kühner Hand die Tages¬
506 3679 1701 3731 ähmlichen Vorzüge. Künstler würden sich ruhig zu dem
1720 3679 2943 3759 frage der konfessionellen „Zuständigkeit“ am
493 3738 1706 3786 freudig bejahenden Wort: „Reize“ versteigen. Denn gerade,
1727 3735 2938 3793 Sterbebett an und entfachte durch seine milde gütige Toleranz,
501 3776 1701 3826 daß der besagte „Oesterreicher“ ein „sujet mixte“ war, aus
1731 3767 2940 3840 die Schwester der echten Charitas, wieder einmal die Empö¬
500 3813 1708 3862 deutscher Herbheit, Kühle, Willenskraft und Selbstbeherr¬
1729 3824 2939 3879 rung einer ebenso engstirnigen wie subalternen Widersacher¬
500 3852 1710 3911 schung sowie aus romanischer Formbegabung, musischer
1730 3858 2950 3923 Gemeinde. Sie ließ ihn kühl. Konnte ihn kühl lassen, denn
504 3906 1706 3955 Trunkenheit und leichterer, beschwingterer, gleichsam tänze¬
1733 3924 2951 3969 er wußte es besser. Zu der eigenen beruflichen Anschauung
503 3961 1714 3998 rischer Lebensauffassung, zu guterletzt aber auch aus slawi¬
1735 3957 2939 4020 des Heilkundigen gesellte sich in Schnitzler immer mehr und
501 3995 1711 4052 scher Weichheit und Verträumtheit, Versonnenheit und Ver¬
1728 3989 2945 4051 mehr jene letzte künstlerische Intuition, die ihn in der
506 4023 1710 4100 sponnenheit, nebst einer gegenstandslosen, um alle Dinge
1719 4032 2942 4100 Ueberzeugung stärkte, daß Liebe und Tod vielleicht selt¬
