3344 4384
145 246 739 356 2. Cuttings
894 242 1335 344 box 38/1
1015 1213 2239 1284 Legende, von Mystik und Frömmigkeit durchwirkt ist.
1020 1288 2250 1333 So bearbeitete Max Mell das alte Halleiner Weih¬
1015 1320 2251 1389 nachtsspiel, ehe er es unternahm, selbst Dramen zu
1029 1358 2253 1425 schreiben, die demütig beim Volk in die Schule
1027 1405 2255 1481 gegangen sind; sein wundersames „Apostelspiel“ und
1035 1457 2252 1516 sein „Schutzengelspiel“ dem sich als eine ganz reife und
1029 1508 2226 1578 überzeitliche Dichtung das „Nachfolge=Christi=Spiel“
1023 1570 2248 1613 anfügte. Billinger, der in seinen Gedichten den bäueri¬
1023 1610 2251 1660 schen Jahreskreis besungen hatte, machte sich in seinem
1029 1650 2247 1712 „Perchtenspiel“ vollkommen dem bäuerischen Volks¬
1021 1705 2257 1759 brama untertan. Und Ortner endlich schuf eine Einheit
1024 1740 2255 1810 aus Legende und Anzengruberschem Bauernstück, die in
1036 1770 2271 1864 hohem Grade mustergültig für österreichisches Denken
1034 1841 1835 1893 und Schauen genannt werden muß.
1137 1871 2275 1945 So weit man schaut: man findet im Augenblick
1026 1928 2271 1989 keinen andern, der diesen drei Dichtern an die
1035 1981 2263 2045 Seite zu stellen wäre. Wien hat keinen Wiener
1038 2014 2259 2079 Romancier, keinen Wiener Dramatiker mehr. Und die
1037 2063 2253 2132 Provinz ihrerseits hat sich von der Tradition auch mehr
1033 2122 2256 2180 losgemacht, als ihr gut ist, was sogar von einem Manne
1025 2166 2255 2229 wie Schönherr gilt: sein „Weibsteufel“ ist nicht mehr
1029 2223 2273 2276 tirolisch, er könnte ganz ebenso aus plattdeutschem Geist
1035 2261 2274 2327 geboren sein, und es ist nicht belanglos, daß man ihm
1042 2312 2276 2365 im Ausland so sehr gerecht wird und daß etwas
1041 2350 2265 2421 italienische Bühnen ihn so eifrig spielen. Mell, Billinger
1040 2405 2269 2475 und Ortner aber werden zu allererst von Oesterreichern
1033 2451 2265 2512 begriffen werden können, wie ja auch nur dem Oester¬
1027 2498 2263 2562 reicher das tiefste Geheimnis Raimundscher Kunst sich
1037 2554 2261 2610 erschließt. Und indem sich ihre Werke dem Besitz der
1037 2595 2257 2660 Deutschen einfügen, erhebt wieder einmal der öster¬
1039 2642 2265 2724 reichische Stamm seine Stimme unter allen deutschen
1040 2702 1295 2770 Stämmen.
1129 2721 2263 2795 Man mußte also Billinger und Ortner vortreten
1037 2790 2266 2853 lassen und den abwesenden Max Mell nennen, wenn¬
1027 2838 2257 2893 man Gerhart Hauptmann zeigen wollte, welche unter
1036 2873 2262 2941 so vielen Dichtern heute die wahrhaft österreichischen
1047 2939 2258 2993 sind. Und es ist vielleicht gar nicht so wenig, wenn ein
1033 2992 2257 3037 Volk drei Männer nennen darf, die sich ganz und
1042 3016 2261 3089 demütig zu seiner Art mit aller ihrer Enge und allem
1040 3079 1657 3139 ihrem Reichtum bekennen.
1566 3108 2227 3200 Erwin H. Rainalter.
