<?xml version="1.0" encoding="UTF-8" standalone="yes"?>
<PcGts xmlns="http://schema.primaresearch.org/PAGE/gts/pagecontent/2013-07-15" xmlns:xsi="http://www.w3.org/2001/XMLSchema-instance" xsi:schemaLocation="http://schema.primaresearch.org/PAGE/gts/pagecontent/2013-07-15 http://schema.primaresearch.org/PAGE/gts/pagecontent/2013-07-15/pagecontent.xsd">
    <Metadata>
        <Creator>prov=University of Rostock/Institute of Mathematics/CITlab/Gundram Leifert/gundram.leifert@uni-rostock.de:name=ONB_Newseye_GT_M1+(htr_id=10810)::::v=2.4.2
prov=University of Rostock/Institute of Mathematics/CITlab/Tobias Gruening/tobias.gruening@uni-rostock.de:name=de.uros.citlab.module.baseline2polygon.B2PSeamMultiOriented:v=2.4.2
prov=University of Rostock/Institute of Mathematics/CITlab/Tobias Gruening/tobias.gruening@uni-rostock.de:name=/mnt/transkribus/LA/DEA/URO/LA_news_onb_att.pb:de.uros.citlab.segmentation.CITlab_LA_ML:v=2.4.2
Transkribus</Creator>
        <Created>2019-10-07T15:18:31.334+02:00</Created>
        <LastChange>2019-10-09T01:47:01.519+02:00</LastChange>
        <TranskribusMetadata docId="224260" pageId="9516070" pageNr="49" tsid="16618583" status="IN_PROGRESS" userId="40391" imgUrl="https://files.transkribus.eu/Get?id=XBTJMIRZUGROEWODPHPEZYNH&amp;fileType=view" xmlUrl="https://files.transkribus.eu/Get?id=QEDNLJSPRUWTULSJDPOKRZGQ" imageId="6204197"/>
    </Metadata>
    <Page imageFilename="224260_0049.jpeg" imageWidth="3344" imageHeight="4384">
        <ReadingOrder>
            <OrderedGroup id="ro_1711443223397" caption="Regions reading order">
                <RegionRefIndexed index="0" regionRef="r1"/>
                <RegionRefIndexed index="1" regionRef="r2"/>
            </OrderedGroup>
        </ReadingOrder>
        <TextRegion orientation="0.0" id="r1" custom="readingOrder {index:0;}">
            <Coords points="150,228 150,401 726,401 726,228"/>
            <TextLine id="r1l1" custom="readingOrder {index:0;}">
                <Coords points="140,348 272,346 359,374 447,358 534,382 601,360 735,365 737,309 687,286 496,286 459,264 372,284 320,270 248,315 171,268 142,275"/>
                <Baseline points="150,328 178,331 207,333 236,335 265,337 294,340 322,342 351,343 380,345 409,346 438,347 466,348 495,349 524,349 553,350 582,350 610,350 639,351 668,351 697,350 726,350"/>
                <TextEquiv>
                    <Unicode>2. Cuttings</Unicode>
                </TextEquiv>
            </TextLine>
            <TextEquiv>
                <Unicode>2. Cuttings</Unicode>
            </TextEquiv>
        </TextRegion>
        <TextRegion orientation="0.0" id="r2" custom="readingOrder {index:1;}">
            <Coords points="807,200 807,3510 2347,3510 2347,200"/>
            <TextLine id="r2l1" custom="readingOrder {index:0;}">
                <Coords points="1908,274 1951,259 2006,263 2061,243 2123,271 2160,241 2198,265 2262,262 2262,207 2000,218 1908,203"/>
                <Baseline points="1917,232 1942,231 1968,231 1994,231 2020,231 2045,232 2071,232 2097,233 2123,233 2148,233 2174,233 2200,232 2226,230 2252,229"/>
                <TextEquiv>
                    <Unicode>—</Unicode>
                </TextEquiv>
            </TextLine>
            <TextLine id="r2l2" custom="readingOrder {index:1;}">
                <Coords points="874,336 1005,355 1079,337 1139,363 1164,348 1210,381 1254,355 1330,346 1331,274 1318,270 1159,294 1131,276 1089,311 1061,292 1005,304 875,266"/>
                <Baseline points="883,335 908,334 934,334 960,334 986,335 1011,335 1037,336 1063,337 1089,338 1114,339 1140,340 1166,340 1192,341 1217,341 1243,341 1269,340 1295,339 1321,337"/>
                <TextEquiv>
                    <Unicode>box 38/1</Unicode>
                </TextEquiv>
            </TextLine>
            <TextLine id="r2l3" custom="readingOrder {index:2;}">
                <Coords points="2182,1082 2210,1080 2242,1087 2263,1080 2269,1085 2284,1081 2289,1087 2308,1085 2308,1019 2293,1019 2270,1006 2235,1027 2201,1038 2182,1037"/>
                <Baseline points="2192,1073 2218,1069 2245,1069 2271,1070 2298,1071"/>
                <TextEquiv>
                    <Unicode>275</Unicode>
                </TextEquiv>
            </TextLine>
            <TextLine id="r2l4" custom="readingOrder {index:3;}">
                <Coords points="1187,1086 1890,1089 1929,1083 1929,1043 1714,1012 1549,1044 1228,1030 1187,1051"/>
                <Baseline points="1196,1077 1232,1077 1268,1077 1304,1077 1340,1077 1377,1077 1413,1077 1449,1078 1485,1078 1521,1078 1558,1078 1594,1077 1630,1077 1666,1077 1702,1077 1739,1077 1775,1077 1811,1076 1847,1076 1883,1075 1920,1075"/>
                <TextEquiv>
                    <Unicode>MODERNE OSTRIGSK LITTERATUR</Unicode>
                </TextEquiv>
            </TextLine>
            <TextLine id="r2l5" custom="readingOrder {index:4;}">
                <Coords points="802,1218 2157,1217 2302,1205 2322,1158 802,1167"/>
                <Baseline points="812,1198 887,1198 962,1197 1037,1197 1112,1196 1187,1196 1262,1195 1337,1195 1412,1194 1487,1194 1562,1193 1637,1193 1712,1192 1787,1192 1862,1191 1937,1191 2012,1191 2087,1190 2162,1190 2237,1190 2312,1190"/>
                <TextEquiv>
                    <Unicode>har i det musikelskende Ostrig bidraget til, at hans Navn er trangt ud i</Unicode>
                </TextEquiv>
            </TextLine>
            <TextLine id="r2l6" custom="readingOrder {index:5;}">
                <Coords points="806,1263 1545,1266 1544,1228 1501,1213 806,1218"/>
                <Baseline points="815,1251 851,1252 887,1253 923,1253 959,1254 995,1254 1031,1254 1067,1255 1103,1255 1139,1255 1175,1255 1211,1254 1247,1254 1283,1254 1319,1254 1355,1253 1391,1253 1427,1252 1463,1252 1499,1252 1536,1251"/>
                <TextEquiv>
                    <Unicode>Krese, hvor det ikke fer var kendt.</Unicode>
                </TextEquiv>
            </TextLine>
            <TextLine id="r2l7" custom="readingOrder {index:6;}">
                <Coords points="869,1314 2116,1333 2278,1319 2319,1264 869,1286"/>
                <Baseline points="879,1313 950,1313 1022,1312 1093,1312 1165,1311 1237,1311 1308,1311 1380,1310 1451,1310 1523,1310 1595,1309 1666,1309 1738,1309 1809,1309 1881,1308 1953,1308 2024,1308 2096,1307 2167,1307 2239,1306 2311,1305"/>
                <TextEquiv>
                    <Unicode>Ur-Opfereisen af hans ferste selvstandige dramatiske Arbejde, Tra¬</Unicode>
                </TextEquiv>
            </TextLine>
            <TextLine id="r2l8" custom="readingOrder {index:7;}">
                <Coords points="805,1388 2325,1377 2195,1323 805,1339"/>
                <Baseline points="815,1374 890,1374 965,1374 1040,1373 1115,1373 1190,1372 1265,1371 1340,1371 1415,1370 1490,1369 1565,1368 1640,1368 1715,1367 1790,1367 1865,1366 1940,1366 2015,1365 2090,1365 2165,1365 2240,1365 2315,1366"/>
                <TextEquiv>
                    <Unicode>gedien „Bukke-Sang“, fandt Sted paa Raimundteatret i Wien 1922 og</Unicode>
                </TextEquiv>
            </TextLine>
            <TextLine id="r2l9" custom="readingOrder {index:8;}">
                <Coords points="797,1432 2234,1444 2311,1396 796,1404"/>
                <Baseline points="807,1431 881,1431 956,1432 1031,1431 1105,1431 1180,1431 1255,1430 1329,1430 1404,1429 1479,1428 1554,1428 1628,1427 1703,1426 1778,1426 1852,1425 1927,1425 2002,1424 2076,1424 2151,1424 2226,1424 2301,1424"/>
                <TextEquiv>
                    <Unicode>vakte Opmarksomhed gennem Stykkets romantisk-fantastiske Handling og</Unicode>
                </TextEquiv>
            </TextLine>
            <TextLine id="r2l10" custom="readingOrder {index:9;}">
                <Coords points="801,1502 2312,1500 2312,1441 801,1470"/>
                <Baseline points="810,1492 884,1492 959,1491 1033,1490 1108,1490 1183,1489 1257,1489 1332,1488 1407,1487 1481,1487 1556,1486 1631,1485 1705,1484 1780,1484 1855,1483 1929,1483 2004,1482 2079,1482 2153,1482 2228,1481 2303,1481"/>
                <TextEquiv>
                    <Unicode>der vegtige Tankeindhold. Skent Skuespillet foregaar i en sydslavisk</Unicode>
                </TextEquiv>
            </TextLine>
            <TextLine id="r2l11" custom="readingOrder {index:10;}">
                <Coords points="808,1573 2213,1560 2307,1519 807,1505"/>
                <Baseline points="818,1554 892,1552 966,1551 1040,1550 1114,1549 1188,1548 1262,1548 1336,1547 1410,1547 1484,1546 1558,1546 1632,1545 1706,1545 1780,1544 1854,1544 1928,1543 2002,1542 2076,1541 2150,1540 2224,1538 2298,1536"/>
                <TextEquiv>
                    <Unicode>Landsby i det 18. Aarhundrede, opfattedes det som et Forseg paa at klar¬</Unicode>
                </TextEquiv>
            </TextLine>
            <TextLine id="r2l12" custom="readingOrder {index:11;}">
                <Coords points="807,1610 2257,1617 2327,1571 806,1574"/>
                <Baseline points="816,1613 891,1612 966,1610 1041,1609 1116,1608 1191,1607 1266,1606 1341,1605 1416,1605 1491,1604 1566,1603 1641,1603 1716,1602 1791,1602 1866,1601 1941,1600 2016,1599 2091,1598 2166,1597 2241,1596 2317,1595"/>
                <TextEquiv>
                    <Unicode>lagge et saa moderne Tidsfanomen som Kommunismens Vesen. — Paa</Unicode>
                </TextEquiv>
            </TextLine>
            <TextLine id="r2l13" custom="readingOrder {index:12;}">
                <Coords points="809,1684 2191,1679 2312,1672 2311,1620 808,1647"/>
                <Baseline points="818,1669 892,1669 966,1668 1040,1668 1115,1667 1189,1666 1263,1666 1337,1665 1412,1664 1486,1664 1560,1663 1634,1662 1709,1661 1783,1661 1857,1660 1931,1659 2006,1659 2080,1658 2154,1657 2228,1657 2303,1656"/>
                <TextEquiv>
                    <Unicode>lignende Maade siger Werfel en hel Del almene Sandheder om Jedefol¬</Unicode>
                </TextEquiv>
            </TextLine>
            <TextLine id="r2l14" custom="readingOrder {index:13;}">
                <Coords points="809,1745 2310,1727 2231,1669 809,1684"/>
                <Baseline points="818,1729 892,1728 966,1727 1040,1726 1114,1726 1188,1725 1262,1724 1337,1723 1411,1723 1485,1722 1559,1721 1633,1721 1707,1720 1781,1719 1856,1719 1930,1718 2004,1717 2078,1717 2152,1716 2226,1716 2301,1715"/>
                <TextEquiv>
                    <Unicode>ket i sit nyeste sceniske Arbejde „Paulus mellem Jederne“, en drama¬</Unicode>
                </TextEquiv>
            </TextLine>
            <TextLine id="r2l15" custom="readingOrder {index:14;}">
                <Coords points="815,1809 2167,1796 2312,1787 2312,1749 814,1745"/>
                <Baseline points="824,1788 901,1787 979,1786 1057,1785 1135,1784 1213,1783 1291,1782 1368,1781 1446,1781 1524,1780 1602,1779 1680,1778 1758,1778 1835,1777 1913,1776 1991,1775 2069,1774 2147,1773 2225,1772 2303,1770"/>
                <TextEquiv>
                    <Unicode>#lisk Legende, hvis starkt bevegede Handling er henlagt til Kejser Cali¬</Unicode>
                </TextEquiv>
            </TextLine>
            <TextLine id="r2l16" custom="readingOrder {index:15;}">
                <Coords points="805,1848 2216,1851 2327,1832 2327,1780 805,1833"/>
                <Baseline points="815,1850 890,1848 965,1846 1040,1845 1115,1843 1190,1842 1265,1841 1340,1840 1415,1839 1490,1838 1566,1838 1641,1837 1716,1836 1791,1836 1866,1835 1941,1834 2016,1834 2091,1833 2166,1832 2241,1831 2317,1830"/>
                <TextEquiv>
                    <Unicode>gulas Tid, og som blev en litterer Sukces paa selve Burgteatret. Det er i</Unicode>
                </TextEquiv>
            </TextLine>
            <TextLine id="r2l17" custom="readingOrder {index:16;}">
                <Coords points="813,1908 2324,1905 2323,1837 813,1876"/>
                <Baseline points="822,1906 896,1904 971,1903 1045,1902 1120,1902 1195,1901 1269,1900 1344,1899 1418,1899 1493,1898 1568,1897 1642,1897 1717,1896 1791,1895 1866,1895 1941,1894 2015,1893 2090,1893 2164,1892 2239,1891 2314,1890"/>
                <TextEquiv>
                    <Unicode>dette Drama, han bl. a. udtaler: „Ingen eisker Israel, ikke engang Israel</Unicode>
                </TextEquiv>
            </TextLine>
            <TextLine id="r2l18" custom="readingOrder {index:17;}">
                <Coords points="807,1969 2165,1974 2321,1932 807,1947"/>
                <Baseline points="816,1963 890,1962 965,1961 1040,1960 1115,1960 1190,1959 1264,1958 1339,1958 1414,1958 1489,1957 1564,1957 1638,1957 1713,1956 1788,1956 1863,1956 1938,1955 2012,1955 2087,1954 2162,1954 2237,1953 2312,1952"/>
                <TextEquiv>
                    <Unicode>selv.“ — I hans eksotisk farvede „dramatiske Historie“ „Juarez og Maxi¬</Unicode>
                </TextEquiv>
            </TextLine>
            <TextLine id="r2l19" custom="readingOrder {index:18;}">
                <Coords points="809,2027 2316,2006 2315,1972 808,1978"/>
                <Baseline points="818,2023 892,2022 966,2020 1041,2019 1115,2019 1190,2018 1264,2017 1339,2017 1413,2017 1488,2016 1562,2016 1636,2016 1711,2015 1785,2015 1860,2015 1934,2014 2009,2014 2083,2013 2158,2012 2232,2011 2307,2010"/>
                <TextEquiv>
                    <Unicode>milian“ fejrede hans dramatiske Teknik Triumfer, skendt han tilsynela¬</Unicode>
                </TextEquiv>
            </TextLine>
            <TextLine id="r2l20" custom="readingOrder {index:19;}">
                <Coords points="818,2086 2321,2087 2288,2031 817,2045"/>
                <Baseline points="826,2081 900,2080 974,2080 1048,2079 1123,2078 1197,2077 1271,2077 1345,2076 1420,2075 1494,2075 1568,2074 1642,2074 1717,2073 1791,2073 1865,2072 1939,2072 2014,2071 2088,2070 2162,2070 2236,2069 2311,2069"/>
                <TextEquiv>
                    <Unicode>dende krenker Scenens Love. Gennem hele det lange Skuespil herer man</Unicode>
                </TextEquiv>
            </TextLine>
            <TextLine id="r2l21" custom="readingOrder {index:20;}">
                <Coords points="816,2160 2092,2151 2336,2096 816,2105"/>
                <Baseline points="825,2139 900,2138 975,2137 1050,2137 1125,2136 1200,2136 1275,2135 1350,2135 1425,2134 1500,2134 1576,2133 1651,2133 1726,2132 1801,2132 1876,2131 1951,2130 2026,2130 2101,2129 2176,2127 2251,2126 2327,2125"/>
                <TextEquiv>
                    <Unicode>kun tale om Juarez, men ser ham ikke; og da man endelig er sikker</Unicode>
                </TextEquiv>
            </TextLine>
            <TextLine id="r2l22" custom="readingOrder {index:21;}">
                <Coords points="812,2205 2302,2213 2330,2158 812,2173"/>
                <Baseline points="821,2199 896,2198 971,2197 1046,2196 1121,2195 1196,2194 1271,2193 1346,2193 1421,2192 1496,2191 1571,2191 1646,2190 1721,2190 1796,2189 1871,2189 1946,2188 2021,2188 2096,2187 2171,2187 2246,2186 2321,2185"/>
                <TextEquiv>
                    <Unicode>paa, at nu kommer han, faar man ham dog ikke at se, — men skuffes</Unicode>
                </TextEquiv>
            </TextLine>
            <TextLine id="r2l23" custom="readingOrder {index:22;}">
                <Coords points="820,2281 2191,2267 2334,2249 2334,2209 819,2232"/>
                <Baseline points="829,2256 903,2256 978,2255 1053,2254 1128,2254 1203,2253 1277,2252 1352,2251 1427,2250 1502,2250 1577,2249 1651,2248 1726,2248 1801,2247 1876,2247 1951,2246 2025,2246 2100,2246 2175,2246 2250,2247 2325,2247"/>
                <TextEquiv>
                    <Unicode>alligevel ikke. Man behover ikke at have leest ret meget af Werfel for at</Unicode>
                </TextEquiv>
            </TextLine>
            <TextLine id="r2l24" custom="readingOrder {index:23;}">
                <Coords points="820,2323 2214,2326 2337,2275 820,2283"/>
                <Baseline points="830,2315 904,2314 979,2313 1054,2312 1129,2311 1204,2311 1279,2310 1354,2310 1429,2310 1504,2309 1579,2309 1653,2309 1728,2309 1803,2309 1878,2308 1953,2308 2028,2308 2103,2308 2178,2307 2253,2307 2328,2307"/>
                <TextEquiv>
                    <Unicode>fatte, at han er kommen til at staa som en Slags Ordferer for Ostrigs ny</Unicode>
                </TextEquiv>
            </TextLine>
            <TextLine id="r2l25" custom="readingOrder {index:24;}">
                <Coords points="822,2380 2163,2384 2176,2341 821,2329"/>
                <Baseline points="831,2369 897,2370 964,2370 1031,2370 1098,2370 1164,2370 1231,2370 1298,2370 1365,2369 1431,2368 1498,2368 1565,2367 1632,2367 1698,2366 1765,2366 1832,2365 1899,2365 1965,2364 2032,2364 2099,2364 2166,2365"/>
                <TextEquiv>
                    <Unicode>Ungdom. (Hans Grundsyn kan minde om Jukob Wassermanns).</Unicode>
                </TextEquiv>
            </TextLine>
            <TextLine id="r2l26" custom="readingOrder {index:25;}">
                <Coords points="885,2430 2268,2443 2328,2428 2328,2379 885,2417"/>
                <Baseline points="895,2432 966,2432 1037,2432 1108,2432 1179,2431 1251,2431 1322,2430 1393,2430 1464,2429 1535,2428 1607,2428 1678,2427 1749,2426 1820,2426 1891,2425 1963,2424 2034,2424 2105,2423 2176,2422 2247,2422 2319,2422"/>
                <TextEquiv>
                    <Unicode>Allerede disse Antydninger viser, hvor magtig en Forskel der er paa</Unicode>
                </TextEquiv>
            </TextLine>
            <TextLine id="r2l27" custom="readingOrder {index:26;}">
                <Coords points="822,2490 2331,2498 2331,2443 2169,2433 822,2445"/>
                <Baseline points="832,2490 906,2490 981,2490 1055,2490 1130,2490 1204,2489 1279,2489 1353,2489 1428,2489 1502,2489 1577,2489 1651,2488 1726,2488 1800,2488 1875,2487 1949,2486 2024,2486 2098,2485 2173,2484 2247,2483 2322,2482"/>
                <TextEquiv>
                    <Unicode>Werfel og Schnitzler, om hvem Josef Körner saa traffende skriver i sin</Unicode>
                </TextEquiv>
            </TextLine>
            <TextLine id="r2l28" custom="readingOrder {index:27;}">
                <Coords points="816,2561 2337,2544 2185,2491 816,2499"/>
                <Baseline points="826,2550 901,2550 976,2550 1051,2550 1126,2549 1201,2548 1276,2548 1351,2547 1426,2546 1501,2545 1577,2545 1652,2544 1727,2543 1802,2542 1877,2542 1952,2541 2027,2541 2102,2541 2177,2541 2252,2541 2328,2542"/>
                <TextEquiv>
                    <Unicode>Monografi: „Arthur Schnitzlers Skikkelser og Problemer“: „Hans Rige er</Unicode>
                </TextEquiv>
            </TextLine>
            <TextLine id="r2l29" custom="readingOrder {index:28;}">
                <Coords points="824,2623 2290,2614 2337,2559 824,2578"/>
                <Baseline points="834,2613 908,2611 983,2609 1057,2608 1132,2607 1207,2605 1281,2604 1356,2604 1431,2603 1505,2603 1580,2603 1655,2602 1729,2602 1804,2602 1879,2602 1953,2602 2028,2602 2103,2602 2177,2602 2252,2601 2327,2601"/>
                <TextEquiv>
                    <Unicode>af denne Verden. Livet er for ham det hojeste Gode ... Han er Sen af</Unicode>
                </TextEquiv>
            </TextLine>
            <TextLine id="r2l30" custom="readingOrder {index:29;}">
                <Coords points="825,2675 2274,2677 2340,2623 825,2633"/>
                <Baseline points="834,2672 908,2670 983,2669 1058,2668 1133,2668 1208,2667 1283,2666 1357,2665 1432,2665 1507,2664 1582,2664 1657,2663 1732,2663 1807,2662 1881,2661 1956,2661 2031,2660 2106,2659 2181,2658 2256,2657 2331,2655"/>
                <TextEquiv>
                    <Unicode>en positivistisk Epoke, Adept af den naturalistiske Verdensanskuelse, der</Unicode>
                </TextEquiv>
            </TextLine>
            <TextLine id="r2l31" custom="readingOrder {index:30;}">
                <Coords points="818,2735 2342,2717 2315,2672 817,2691"/>
                <Baseline points="827,2725 902,2726 977,2726 1052,2727 1128,2727 1203,2727 1278,2727 1354,2726 1429,2726 1504,2726 1580,2725 1655,2724 1730,2723 1805,2723 1881,2722 1956,2721 2031,2720 2107,2718 2182,2717 2257,2716 2333,2715"/>
                <TextEquiv>
                    <Unicode>var eneherskende i hans Ungdom.. Ingen metafysisk Drift driver ham</Unicode>
                </TextEquiv>
            </TextLine>
            <TextLine id="r2l32" custom="readingOrder {index:31;}">
                <Coords points="815,2790 2337,2786 2287,2728 814,2756"/>
                <Baseline points="823,2787 898,2786 973,2785 1048,2785 1123,2784 1199,2784 1274,2784 1349,2784 1424,2784 1499,2783 1575,2783 1650,2783 1725,2783 1800,2783 1875,2782 1951,2782 2026,2781 2101,2780 2176,2779 2251,2778 2327,2776"/>
                <TextEquiv>
                    <Unicode>ud over Erkendelsen ... Om Werfel kan man nasten sige det stik mod¬</Unicode>
                </TextEquiv>
            </TextLine>
            <TextLine id="r2l33" custom="readingOrder {index:32;}">
                <Coords points="826,2851 857,2856 870,2853 898,2862 907,2854 930,2859 943,2851 949,2855 964,2845 977,2845 977,2819 960,2821 944,2810 931,2814 912,2801 893,2803 884,2813 873,2811 867,2817 826,2815"/>
                <Baseline points="835,2844 861,2843 888,2842 914,2842 941,2841 968,2843"/>
                <TextEquiv>
                    <Unicode>satte!</Unicode>
                </TextEquiv>
            </TextLine>
            <TextLine id="r2l34" custom="readingOrder {index:33;}">
                <Coords points="898,2919 2267,2911 2327,2906 2327,2840 897,2859"/>
                <Baseline points="907,2899 977,2900 1048,2900 1118,2901 1189,2901 1259,2901 1330,2900 1400,2900 1471,2900 1541,2899 1612,2899 1682,2898 1753,2897 1823,2897 1894,2896 1964,2895 2035,2894 2105,2893 2176,2892 2246,2891 2317,2890"/>
                <TextEquiv>
                    <Unicode>Richard Specht, hvis udmarkede Veerk om Schnitzler jeg allerede har</Unicode>
                </TextEquiv>
            </TextLine>
            <TextLine id="r2l35" custom="readingOrder {index:34;}">
                <Coords points="831,2971 2165,2981 2327,2962 2327,2925 831,2934"/>
                <Baseline points="840,2961 913,2961 987,2961 1061,2961 1135,2960 1209,2960 1283,2959 1356,2959 1430,2958 1504,2958 1578,2957 1652,2956 1726,2956 1800,2955 1873,2954 1947,2953 2021,2952 2095,2952 2169,2951 2243,2950 2317,2950"/>
                <TextEquiv>
                    <Unicode>omtalt, har ogsaa skrevet en stor Biografi om Werfel ud fra det Syns¬</Unicode>
                </TextEquiv>
            </TextLine>
            <TextLine id="r2l36" custom="readingOrder {index:35;}">
                <Coords points="818,3045 2171,3032 2336,3014 2336,2974 818,2994"/>
                <Baseline points="827,3026 902,3024 977,3022 1052,3021 1127,3020 1202,3020 1277,3019 1352,3018 1427,3018 1502,3017 1577,3017 1652,3016 1727,3016 1802,3015 1877,3014 1952,3013 2027,3012 2102,3011 2177,3009 2252,3008 2327,3005"/>
                <TextEquiv>
                    <Unicode>punkt, at denne Digter i en ung Alder har ydet mere end nogen anden</Unicode>
                </TextEquiv>
            </TextLine>
            <TextLine id="r2l37" custom="readingOrder {index:36;}">
                <Coords points="833,3086 1956,3102 2326,3075 2326,3036 832,3037"/>
                <Baseline points="841,3082 914,3081 988,3080 1062,3080 1136,3079 1210,3078 1283,3077 1357,3077 1431,3076 1505,3075 1579,3074 1652,3073 1726,3073 1800,3072 1874,3071 1948,3070 2021,3069 2095,3068 2169,3067 2243,3067 2317,3066"/>
                <TextEquiv>
                    <Unicode>indenfor sin Generation og derfor med Rette kan veelges som represen¬</Unicode>
                </TextEquiv>
            </TextLine>
            <TextLine id="r2l38" custom="readingOrder {index:37;}">
                <Coords points="826,3141 2346,3135 2270,3078 825,3124"/>
                <Baseline points="835,3140 910,3139 985,3139 1060,3138 1135,3137 1210,3136 1285,3136 1360,3135 1435,3135 1510,3134 1586,3134 1661,3133 1736,3133 1811,3132 1886,3131 1961,3131 2036,3130 2111,3129 2186,3128 2261,3127 2337,3126"/>
                <TextEquiv>
                    <Unicode>tativ Skikkelse, naar man vil forsege at afspejle vor moderne Tid. Ny.</Unicode>
                </TextEquiv>
            </TextLine>
            <TextLine id="r2l39" custom="readingOrder {index:38;}">
                <Coords points="826,3224 2054,3212 2348,3163 826,3171"/>
                <Baseline points="835,3199 910,3197 985,3197 1060,3196 1135,3195 1211,3195 1286,3194 1361,3194 1436,3194 1511,3193 1587,3193 1662,3193 1737,3192 1812,3192 1887,3191 1963,3190 2038,3190 2113,3188 2188,3187 2263,3185 2339,3183"/>
                <TextEquiv>
                    <Unicode>dansk Litteratur teller nappe nogen enkelt Forfatterpersonlighed af saa</Unicode>
                </TextEquiv>
            </TextLine>
            <TextLine id="r2l40" custom="readingOrder {index:39;}">
                <Coords points="838,3270 1345,3258 1441,3281 1778,3242 1762,3208 1587,3204 837,3234"/>
                <Baseline points="848,3256 894,3256 940,3256 986,3255 1032,3255 1078,3255 1124,3255 1170,3254 1216,3254 1262,3254 1308,3253 1354,3253 1400,3252 1446,3252 1492,3251 1538,3250 1584,3249 1630,3248 1676,3247 1722,3245 1769,3244"/>
                <TextEquiv>
                    <Unicode>stort et Format og med saa ideel en Streben.</Unicode>
                </TextEquiv>
            </TextLine>
            <TextLine id="r2l41" custom="readingOrder {index:40;}">
                <Coords points="897,3317 2346,3305 2110,3263 897,3290"/>
                <Baseline points="907,3319 978,3317 1050,3315 1121,3314 1193,3314 1264,3314 1336,3313 1407,3314 1479,3314 1550,3314 1622,3314 1693,3314 1765,3314 1836,3314 1908,3313 1979,3312 2051,3311 2122,3310 2194,3307 2265,3304 2337,3300"/>
                <TextEquiv>
                    <Unicode>At kalde Werfel for Ekspressionist vilde vare misvisende; han lader</Unicode>
                </TextEquiv>
            </TextLine>
            <TextLine id="r2l42" custom="readingOrder {index:41;}">
                <Coords points="825,3374 2345,3371 2303,3319 824,3340"/>
                <Baseline points="833,3375 908,3376 983,3376 1058,3376 1133,3375 1208,3375 1283,3375 1359,3374 1434,3374 1509,3373 1584,3372 1659,3371 1734,3370 1809,3370 1885,3369 1960,3368 2035,3366 2110,3365 2185,3365 2260,3364 2336,3363"/>
                <TextEquiv>
                    <Unicode>sig ikke saadan rubricere; og som Anatole France saa vittigt pointerer i</Unicode>
                </TextEquiv>
            </TextLine>
            <TextLine id="r2l43" custom="readingOrder {index:42;}">
                <Coords points="831,3452 2357,3420 2208,3376 831,3401"/>
                <Baseline points="841,3432 916,3433 991,3434 1066,3434 1142,3434 1217,3434 1292,3434 1368,3433 1443,3433 1518,3432 1594,3431 1669,3430 1744,3429 1819,3428 1895,3426 1970,3425 2045,3424 2121,3423 2196,3422 2271,3421 2347,3420"/>
                <TextEquiv>
                    <Unicode>en beromt Dialog om Chefen for den naturalistiske Skole, Emile Zola:</Unicode>
                </TextEquiv>
            </TextLine>
            <TextLine id="r2l44" custom="readingOrder {index:43;}">
                <Coords points="838,3512 2353,3480 2022,3432 838,3478"/>
                <Baseline points="847,3495 921,3496 996,3496 1071,3496 1146,3496 1221,3495 1296,3495 1370,3494 1445,3493 1520,3492 1595,3490 1670,3489 1745,3488 1820,3486 1894,3485 1969,3483 2044,3482 2119,3481 2194,3480 2269,3480 2344,3480"/>
                <TextEquiv>
                    <Unicode>„Det er sjaldent, at en Mester i lige saa hej Grad som sine Disciple til¬</Unicode>
                </TextEquiv>
            </TextLine>
            <TextEquiv>
                <Unicode>—
box 38/1
275
MODERNE OSTRIGSK LITTERATUR
har i det musikelskende Ostrig bidraget til, at hans Navn er trangt ud i
Krese, hvor det ikke fer var kendt.
Ur-Opfereisen af hans ferste selvstandige dramatiske Arbejde, Tra¬
gedien „Bukke-Sang“, fandt Sted paa Raimundteatret i Wien 1922 og
vakte Opmarksomhed gennem Stykkets romantisk-fantastiske Handling og
der vegtige Tankeindhold. Skent Skuespillet foregaar i en sydslavisk
Landsby i det 18. Aarhundrede, opfattedes det som et Forseg paa at klar¬
lagge et saa moderne Tidsfanomen som Kommunismens Vesen. — Paa
lignende Maade siger Werfel en hel Del almene Sandheder om Jedefol¬
ket i sit nyeste sceniske Arbejde „Paulus mellem Jederne“, en drama¬
#lisk Legende, hvis starkt bevegede Handling er henlagt til Kejser Cali¬
gulas Tid, og som blev en litterer Sukces paa selve Burgteatret. Det er i
dette Drama, han bl. a. udtaler: „Ingen eisker Israel, ikke engang Israel
selv.“ — I hans eksotisk farvede „dramatiske Historie“ „Juarez og Maxi¬
milian“ fejrede hans dramatiske Teknik Triumfer, skendt han tilsynela¬
dende krenker Scenens Love. Gennem hele det lange Skuespil herer man
kun tale om Juarez, men ser ham ikke; og da man endelig er sikker
paa, at nu kommer han, faar man ham dog ikke at se, — men skuffes
alligevel ikke. Man behover ikke at have leest ret meget af Werfel for at
fatte, at han er kommen til at staa som en Slags Ordferer for Ostrigs ny
Ungdom. (Hans Grundsyn kan minde om Jukob Wassermanns).
Allerede disse Antydninger viser, hvor magtig en Forskel der er paa
Werfel og Schnitzler, om hvem Josef Körner saa traffende skriver i sin
Monografi: „Arthur Schnitzlers Skikkelser og Problemer“: „Hans Rige er
af denne Verden. Livet er for ham det hojeste Gode ... Han er Sen af
en positivistisk Epoke, Adept af den naturalistiske Verdensanskuelse, der
var eneherskende i hans Ungdom.. Ingen metafysisk Drift driver ham
ud over Erkendelsen ... Om Werfel kan man nasten sige det stik mod¬
satte!
Richard Specht, hvis udmarkede Veerk om Schnitzler jeg allerede har
omtalt, har ogsaa skrevet en stor Biografi om Werfel ud fra det Syns¬
punkt, at denne Digter i en ung Alder har ydet mere end nogen anden
indenfor sin Generation og derfor med Rette kan veelges som represen¬
tativ Skikkelse, naar man vil forsege at afspejle vor moderne Tid. Ny.
dansk Litteratur teller nappe nogen enkelt Forfatterpersonlighed af saa
stort et Format og med saa ideel en Streben.
At kalde Werfel for Ekspressionist vilde vare misvisende; han lader
sig ikke saadan rubricere; og som Anatole France saa vittigt pointerer i
en beromt Dialog om Chefen for den naturalistiske Skole, Emile Zola:
„Det er sjaldent, at en Mester i lige saa hej Grad som sine Disciple til¬</Unicode>
            </TextEquiv>
        </TextRegion>
    </Page>
</PcGts>
