3436 4256
188 196 1392 309 2. Cuttings box 38/1
783 790 1028 896 8
781 1098 1409 1192 AH.
1478 1107 2784 1204 Darrilic
1141 1193 3285 1361 Organ der Vereinigung für das liberale Judentum e. V.
382 1363 1433 1428 Bezugspreis durch die Geschäftsstelle ¼ jährlich R. 2.30
2980 1371 3349 1444 Anzeigenprei
1473 1360 2944 1455 Die „Jüdisch-übereie Seitung“ erscheint jeden Freitso.
2987 1428 3343 1503 0,45 Goldmark, di
388 1427 1437 1500 Einzelnummer 0,20. Bei freier Zusendung i. Inland 0.25
1474 1445 2942 1498 Redaktion u. Geschäftsstelle: Berlin SW, Wilhelmstr. 147.
3006 1466 3181 1522 n a 3
383 1487 1439 1553 Für die Mitglieder der Vereinigung ist der Bezugsprete
1482 1501 2948 1580 Terneuft Gasenheibe 3356, 3350 Nachporuch füntlicher originet- veitäge
2993 1509 3281 1583 Anzeigena
454 1540 1394 1612 ::: m Mitgliedsbeitrage enthalten. :
1488 1563 2952 1616 Dostschemkonto: Berlin nwr Nr. isroce nur mit vorheriger Gonähmigung der
2995 1568 3349 1622 Inseratenabteilung
2357 1610 2770 1650 Redaktion gestattet.
388 1590 1429 1676 Verankwortl. Redakteur: Brüno Woyda.
1482 1604 2218 1646 (Voreinigung für dus lberale Judentum
2988 1612 3349 1670 (Hasenheide: 3358—
388 1749 649 1850 Nr. 51
1753 1772 2703 1852 Berlin, 17. Dezember 1926
1054 2215 1132 2291 ∆
531 2204 922 2307 Jus
2153 2191 3059 2303 Deutschen
1441 2202 1772 2301 Sed
1148 2214 1336 2296 e
2811 2350 3348 2425 sagen kannte, sondern #
1614 2358 2816 2422 eines Nationalstaates, laum je einen einheitlichen,
537 2339 1450 2462 Die jüdischen Mitglieder der
2830 2411 3356 2472 Blute schmerzhaft erspüren
1617 2407 2805 2460 organisch gefügten Typus darzustellen vermochte. Und denn¬
2812 2447 3347 2505 Weisheit die Wiener
1615 2451 2813 2508 noch, wenn auch ethavlogisch ein Unsinn, eine contradictio in
711 2430 1289 2529 Dichter=Akademie.
2824 2485 3353 2538 große Gruppen ein: in d
1621 2483 2814 2544 adjecto; körperlich, geistig, seelisch und moralisch hat es ihn
695 2504 1306 2570 Von Doris Wittner.
2818 2524 3350 2569 lebte, bei ihrer forglich vel
1621 2525 2804 2573 trotzdem gegeben und gibt es ihn noch heute, den vielbeseh¬
2580 2557 2814 2617 Niemand
2831 2563 3358 2613 milierung überzuckerten M
1618 2571 2584 2616 deten, scheinbar nicht existenten „Oesterreicher“
460 2553 1604 2621 Der Anteil jüdischer Staatsbürger deutscher Nation
2828 2604 3355 2662 werben, und in die auber
1618 2608 2803 2656 hat das in schöneren, klareren und einleuchtenderen Worten
398 2616 1600 2675 betrug nach den im Jahre 1900 ermittelten Statistiken
2815 2640 3355 2696 fangenen sofort mit dem
1620 2638 2813 2704 zu beweisen gewußt als der „Auch=Oesterreicher“ Felix Sal¬
397 2652 1596 2708 ra. 587 000, also noch nicht einmal ein Prozent der ge¬
2819 2675 3349 2730 Rasse ungefragt ins Ges
1616 2678 2810 2731 ten in seinem mit Herzblut geschriebenen Buche: „Das öster¬
389 2694 1606 2766 samten Bevölkerung des damaligen Deutschen Reiches.
2828 2719 3349 2774 kennen: ein Drittes, nämlie
1618 2721 2817 2769 reichische Antlitz“. Denn gerade jene vermeintlichen Mängel,
388 2744 1597 2802 Uuterdessen sind, nach dem Friedensschluß von Ver¬
2823 2756 3357 2812 liches gutes Euroväertum
1611 2748 2810 2809 die in den Augen des pedantischen und unerbittlichen Volks=,
382 2786 1599 2847 sailles große und stark bevölkerte Gebiete deutschen
2828 2792 3350 2854 der Antisemitismus im
1616 2785 2809 2854 Sprach=, Stammes= und Geschichtsforschers dem Oesterreicher
2817 2823 3368 2881 Monarchie in hellen Fla#
388 2824 1608 2890 Landes abgetrennt worden. Siehe Elsaß=Lothringen,
1620 2845 2808 2887 anhafteten oder ihm überhaupt den Garaus machten, liehen
2821 2868 3356 2932 wenn er ein freier, kür#
1611 2875 2823 2924 ihm in jedem vielleicht weniger auch= und buchstabengelehr¬
395 2880 1604 2920 dte ehemalige Provinz Posen, erhebliche Teile Ober¬
2819 2911 3354 2967 nicht. Schuttzler hat seh
1605 2915 2809 2953 #ten Sinn seine besondere Eigenart und seine individuellen,
381 2920 1596 2974 schlesiens, Danzig, das Memelland und andere Gebiete
2821 2938 3361 3006 eigenen Existenz nur diese
1609 2953 2810 3009 unnschahmlichen Vorzüge, Künstler würden sich ruhig zu
380 2967 1592 3017 mehr. Der Auschluß der deutschsprachigen Gébiete der
2822 2989 3351 3040 weitsichtigsten und keitisch
1604 2991 2811 3049 dem freudig bejahenden Wort „Reize“ versteigen. Denn
389 3002 1595 3066 ehemaligen habsburgischen Monarchie blieb vorläufig
2822 3026 3370 3079 und sein Roman fand nebe
1610 3033 2803 3076 gerade, daß der besagte „Oesterreicher“ ein „sujet wixte“ war
383 3053 1593 3109 politische Utopie. Aber selbst die etwaige staatliche
2819 3065 3337 3127 lische Anerkennung des
1602 3062 2823 3119 aus deutscher Herbheit, Kühle, Willenskraft und Selbstbe¬
394 3095 1596 3158 Vereinigung hätte an dem Prozentsatz der jüdischen
2805 3080 3366 3164 Lagers. Er hatte unersche
1613 3109 2799 3154 herrichung sowie aus romanischer Formbegabung, musischer
2824 3141 3348 3199 gekündet; aber eben die
382 3124 1181 3196 Bevölkerung kaum viel geändert.
1607 3136 2812 3202 Trunkenheit und leichterer, beschwingierer, gleichsam tänze¬
2825 3176 3357 3243 war es, die verblüffte un
1605 3171 2811 3235 rischer Lebensauffassung, zu guterletzt aber auch aus slavi¬
463 3164 1601 3238 Im Gegensatz zu der geringen Kopfzahl der jüdi¬
2871 3215 3361 3277 Nachdem er diesen sei
1609 3224 2805 3271 scher Weichheit und Verträumtheit, Versonnenheit und Ver¬
383 3221 1595 3282 schen Mitbürger steht ihr lebendiger und lebenschaffen¬
2826 3259 3358 3314 den urbauen Formen de
1620 3266 2806 3306 sponnenheit, nebst einer gegenstandslosen, um alle Dinge und
386 3271 1598 3322 der Anteil an dem geistigen und kulturellen Leben der
2817 3292 3355 3340 geführt hatte, griff seine#
1612 3296 2806 3341 Ereignisse des realen Lebens webenden und schwebenden
386 3309 1606 3362 deutschen Nation. Fast alle wissenschaftlichen Diszi¬
2810 3335 3352 3380 der Sturm und Drang de
1625 3338 2815 3386 Trauer und Wehmut, gab seinem Wesen jene letzte subtile
379 3360 1601 3413 plinen haben Jnden als prominenteste Pertreter. (Es
2820 3369 3363 3420 alle verstauhten, vermober
1621 3374 2809 3424 Verseinerung, jene etwas moribunde Süße, die jungen, ein¬
469 3400 1597 3456 überflüssig, daran zu erinnern, daß der erste
376 3401 484 3456 ist
2812 3404 3344 3465 Institutionen seiner enger
1610 3409 2801 3457 heitlichen, gegen fremde Einflüsse noch abgeschlossenen Völ¬
2822 3447 3347 3507 ständigteiten der gesamte
379 3435 1615 3502 „Deutsche, der nach dem Kriege die unbestrittene An¬
1613 3430 2820 3509 ###ern sohlt. und ##. #ech wessricht den letzten Ertraft, die
2824 3475 3353 3538 schäm Reschlissenen Wassel
1613 3477 2804 3537 #tin Neur der Menschheit, schlechthin bedeuten. Und von
386 3486 1601 3541 erkennung der gesamten Kusturwelt diesscles 3n¬
2824 3516 3359 3580 rung in vielgespielten B##
1617 3520 2813 3568 diesen großen Volksverführeren, Rattenfängern wider Wil¬
393 3519 1597 3585 jenseits des Ozeans sand, ein Jude, nämlich Albert
2823 3557 3328 3612 Kakadn“ und „Der j
1611 3556 2807 3628 len war Arthur Schnitzler, der Dichter, einer der verfüh¬
406 3570 1592 3626 Einstein, war.) In allen schöpferischen Künsten hiel¬
2826 3584 3353 3654 Ueberheblichkeit in seinem
1612 3599 2123 3655 rerischsten, bestechendsten.
394 3612 1595 3667 ten fast immer jüdische Köpfe die Täte; ihr Einfluß auf
2831 3630 3355 3688 „Lentnant Gustl“ Hi#
1668 3619 2814 3698 Einer mohlangesehenen Wiener Bürgersamilie entsprossen,
395 3652 1602 3711 das Theater und ihre Leistungen auf den „Brettern,
2818 3657 3339 3731 der Familientyrannei in
1616 3676 2804 3724 wandte sich der früb erwächende Arthur vorerst dem in
395 3703 1597 3769 die die Welt bedeuten“ sind volkstümlich genug, um
2820 3704 3363 3773 Familientag“, „Lieb
1614 3716 2796 3765 seinem Hause traditionellen, von Vater und Bruder ersola¬
390 3738 1595 3802 einer besonderen Erwähnung zu bedürfen. Des¬
1618 3751 3327 3803 reich geübten ärztlichen Berufe zu. Aber er erkanntes „Das weite Land“.
2827 3766 3359 3846 vielen anderen, über alle
399 3780 1601 3844 gleichen ihr Wirten innerhalb der Publizistik ihres
1600 3800 2812 3855 bald, daß die exalte Wissenschaft ihn unbeiriedigt ließ, und so
2820 3826 3362 3885 zug ziehenden Werken meh
1617 3823 2808 3883 wechselte er, nachdem er zuvor noch den medi inischen Doktor.
389 3834 1591 3890 Landes, der sogenannten „öffentlichen Mei¬
2811 3868 3356 3919 der Empörung entfachte se
1615 3862 2800 3921 grab in Ehren bestanden, schweisend und sehnsuchtig von Ang¬
401 3874 1594 3937 nung". Gleichviel, da es immer noch eine unüber¬
2809 3902 3362 3960 in dem er — inmitten des
1617 3907 2805 3953 tomie und Hörsaal zum lockenden, weil noch in ferner Hoheit
396 3914 1595 3963 sehbare und ausrotthare Menge derer gibt, die weder
2877 3943 3370 3997 wagte, die Menschlich
1612 3942 2801 3996 schimmernden Parnaß hinüber. Heute steht er auf dem Gip¬
399 3956 1600 4021 sehen, noch hören wollen, so ist jeder erneute Beweis
2811 3970 3359 4032 verteidigen, und in dem e
1610 3982 2811 4035 sel des heiligen Berges und weiß wohl kaum mehr, wie heiß
397 3994 1598 4059 für die Tatsache, daß der deutsche Jnde in seinen
2822 4019 3354 4070 leise, zart, abgetönt, wie
1612 4024 2811 4082 und schwer der Passionsweg war, den er (Possionsweg
386 4034 1598 4113 geistigen und feelischen Beziehungen Deutscher ist und
2823 4060 3355 4110 Schmerzes, an die konf
1615 4057 2803 4122 im zwiefachen Sinne der Leidenschaft und des Lei¬
2821 4094 3353 4155 selbst vor dem Hause der
386 4092 1598 4145 daß in dem Boden deutsches Volkstumse Wurzeln
1619 4100 2117 4150 dens) zurückgelegt hat.
2919 4130 3329 4172 fahre um Jahre sind
1455 4140 1499 4186 6
2170 4108 2681 4191 11c mi den perigen Indrhn!,
