3344 4384
140 276 731 376 2. Cuttings
1896 200 2010 260 —
880 270 1336 374 box 38/1
2179 993 2308 1076 267
1183 1026 1922 1095 MODERNE OSTRIGSK LITTERATUR
871 1131 2309 1215 Der har veret noget underligt planlest over, hvad der er udkommen af
787 1205 2314 1273 ham paa Dansk, snart paa det ene Forlag, snart paa det andet. Og skont vort
802 1252 2318 1339 kongelige Teater havde stor Fornejelse af Enaktere som „Litteratur“, „Af¬
805 1308 2309 1406 skedssouper“ „Den store Scene“, og af Balletten „Pierrettes Sler“ op¬
805 1371 2324 1453 satte man stadig at give os den store, representative Schnitzler-Forestil¬
806 1425 2333 1506 ling, som Digteren kunde have fortjent. Dr. Mantzius interesserede sig
807 1498 2312 1572 meget for en Opfereise af den smukke Tragikomedie „Das weite Land“;
808 1547 2321 1635 men det blev ved Forberedeiserne; og nu vilde Stykket maaske allerede
810 1608 2315 1687 virke lidt „stavet“. Af Enakterne har den udspekulerede „Groteske“ „Den
806 1656 2322 1760 gronne Kakadue“ nylig varet paa Tale; den er forlangst spillet i Stock¬
812 1720 2329 1800 holm og regnes for at have den sikreste Teatervirkning af alle Schnitzlers
812 1780 2336 1865 Skuespil; saa meget merkeligere er det, at den endnu aldrig er opfert
816 1869 1111 1937 i Kebenhavn
892 1890 2332 1987 Krigens brutale Omkalfatring og Omvurdering af snart sagt alle Li¬
819 1959 2325 2044 vets Forhold har givet visse Partier af Schnitzlers anselige Forfatterskab
823 2010 2321 2119 nasten historisk Patina; man synes, man befinder sig i en svunden Tid,
821 2097 2340 2148 hvis Synsmaader og Tilstande aldrig mere vil blive taalt, naar man
817 2144 2327 2235 leser et socialt Problem-Skuespil som „Freiwild“ med den feeldende
822 2190 2325 2271 Skildring af Officerernes Standshovmod og det glimrende dialektiske Ind¬
812 2255 2328 2337 lag mod Duel-Uvesenet; Grunden til, at jeg navner netop dette Stykke.
830 2313 2338 2396 er den, at man for kort Tid siden har set det herhjemme paa det hvide
816 2375 2343 2469 Lerred, iscenesat af n dansk Instrukter. Filmen var god nok, men
820 2455 1493 2516 Handlingen forekom foreeldet.
925 2490 2348 2576 I de sidste fire Aar har Arthur Schnitzler udgivet ikke mindre end
824 2564 2342 2629 seks nye Arbejder, der alle er gaaet den danske Laseverden forbi; intet
825 2618 2351 2685 af dem er blevet oversat; men naturligvis har en Del af vore mange
837 2681 2346 2761 Schnitzler-Venner ikke forsomt at gere sig bekendt med dem paa Tysk.
825 2722 2352 2816 Nu som fer kreser hans Personer gerne i Tankerne om Begreberne Liv
841 2794 2344 2882 og Ded; og jevnligt mindes man om, at Forfatteren er Lage, „det eneste,
830 2848 2349 2914 man aldrig kan holde op med at vaere,“ som han sagde til mig engang
839 2903 2356 2985 under et Interview, og som han lader en af Hovedpersonerne i „Pro¬
839 2974 2352 3050 fessor Bernhardi“ sige. Denne sterkt personlige Komedie, der er op¬
844 3004 2346 3112 fort som Foreningsforestilling i Koncertpalaet, er forresten en sand Guld¬
845 3066 2347 3175 grube for den, som gerne vil forstaa den specielt ostrigske Mentalitet,
846 3136 2360 3231 der i Virkeligheden er vidt forskellig fra den tyske. Naar Professor
855 3203 2362 3292 Bernhardi i femte Akt pludselig opgiver sin Kamp, saa er det hverken.
844 3257 2369 3348 fordi han anser den for vunden eller tabt, men simpelthen, fordi han
847 3306 2377 3401 vil hape Fred; og det forstaar Wieneren fuldt ud, Kobenhavneren maaske
860 3403 1470 3476 ogsaa, Berlineren slet ikke:
916 3422 2357 3518 Morsomt nok er der i et Par af Schnitzlers nyeste Varker Enkelthe¬
3061 4109 3351 4211 1
