3344 4384
887 251 1339 353 box 38/1
149 253 742 352 2. Cuttings
1404 514 1560 575 SR 4
612 574 1257 671 Tagesbericht.
1318 573 1500 697 177
582 713 1288 815 Dichter Oesterreichs.
437 765 514 823 1
433 767 1564 871 Das Feuilleton, das ich gestern unter diesem Titel
330 842 1555 911 veröffentlichte und das sich mit drei neuen Dichtern
341 893 1547 960 beschäftigte, hat zu Mißverständnissen Anlaß gegeben:
347 941 1554 1000 manche Leser, die nicht erkennen wollten, warum der
340 982 1563 1052 Rahmen bewußt so eng gezogen wurde, meinten, Mell,
338 1033 1555 1107 Billinger und Ortner waren nun als die drei einzigen
339 1060 1566 1152 österreichischen Dichter punziert, und alle andern, vor
348 1116 1558 1191 allem die älteren Autoren, wären somit bedenkenlos
349 1168 1564 1253 preisgegeben. Daß dies nicht der Fall sein sollte, geht
347 1220 1560 1294 schon daraus hervor, daß Artur Schnitzler, also ein
347 1269 1556 1325 Vertreter der älteren Generation, in den Kreis ein¬
350 1314 1556 1386 bezogen wurde; aber freilich muß zugegeben werden,
340 1352 1562 1430 daß auch er nicht ganz hineinpaßte, weil ich ja nur von
339 1407 1561 1475 Dichtern sprach und sprechen wollte, die sich nicht nur
340 1442 1564 1521 aus dem Volkstum — wie Schnitzler in „Liebelei" und
341 1501 1567 1570 im Medardus“ und Schönherr in allen seinen
339 1524 1562 1623 Werken —, sondern aus der literarischen
352 1591 1564 1655 Tradition des Volkstums selbst, somit aus Volks¬
355 1636 1558 1703 spielen, wie wir sie in Passionsstücken und
349 1659 1567 1751 Weihnachtsstücken dankbar besitzen, erneuerten
346 1722 1565 1810 und erneuern. Wer das Mißverständnis, von dem früher
355 1781 1568 1848 gesprochen wurde, wirklich festhalten wollte, für den
342 1824 1559 1891 könnte ja auch Saar kein österreichischer Dichter sein, und
353 1878 1162 1927 wie sehr er es war, wissen wir alle.
440 1926 1577 1975 Diese Zeilen werden geschrieben, weil das groteske
343 1962 1577 2036 Mißverständnis aufgetaucht ist, ich hätte Karl Schön¬
344 2007 1575 2074 herr irgendwie verkleinern wollen. Dagegen sprechen
355 2048 1571 2118 natürlich schon die Kritiken, die ich in diesem Blatte
352 2092 1574 2164 über Schonherr veröffentlicht habe. Aber darüber
348 2138 1578 2213 hinaus: muß man wirklich erst sagen, daß man Schön¬
361 2177 1578 2255 herr heute nicht überschätzen, sondern nur unterschätzen
353 2243 1582 2295 könnte? Er kann aus der Entwicklung der öster¬
357 2285 1583 2352 reichischen Dichtung gar nicht mehr weggedacht werden,
367 2326 1579 2397 was er schrieb, ist fester Besitz des Volkes geworden.
359 2380 1586 2442 Aber sein Oesterreichertum liegt auf einer andern
352 2428 1571 2487 Ebene als das Oesterreichertum Mells, Billingers
349 2474 1573 2527 und Ortners: es schöpft aus dem Volke, aber nicht aus
346 2528 1589 2588 der naiven Volksdichtung selbst. Eine junge Generation
349 2559 1582 2626 aber knüpft bewußt an diese urtümliche Volksdichtung
371 2619 1573 2681 selbst an, und wenn man sich eine vielleicht nicht einmal
361 2667 1586 2723 allzu kühne Hypothese erlauben darf, dann könnte man
364 2706 1591 2769 sagen, daß etwa „Volk in Not“ in hundert Jahren
369 2736 1591 2813 selbst ein Bestandteil der Volksdichtung geworden sein
366 2806 1581 2856 könnte, aus dem dann die Billingers und Ortners einer
365 2833 1580 2908 kommenden Zeit schöpfen könnten — man erinnert sich
365 2895 1567 2968 vielleicht, daß ich dies als das Schönste pries, was man
367 2943 1127 3006 heute Raimund nachsagen könnte.
552 3019 1499 3166 ausend Jahren Bad
1402 3214 1502 3308 5.
429 3200 501 3332 4
940 3196 1183 3359 (ENS
1242 3211 1407 3335 EM
704 3231 835 3345 EN
623 3299 694 3348 —
445 3304 566 3417 4
1289 3393 1440 3452 Salz
712 3393 1214 3456 Kränchen Pastillen
473 3430 1452 3501 degen Husten, Heiserkeit und Grippe
457 3542 1640 3619 Auf jeden Fall: man sollte nicht versuchen, ein#
351 3594 1641 3657 Lob so umzudeuten, als ob es auf Kosten eines andern##
358 3637 1632 3704 gespendet wäre. Und so darf abschließend gesagtse
377 3688 1618 3763 werden, daß man nur Mell und Schönherr neben¬
377 3757 1641 3800 einander zu nennen brauchte, um zu fühlen und zusg
367 3786 1582 3838 erkennen, von welchem neuen Oesterreichertum ich
345 3829 1656 3893 sprach. Wer, bevor er das „Apostelspiel“ schrieb, zuerstst
360 3869 1645 3943 an eine Neuformung des Halleiner Weihnachtsspieles e
923 3970 1647 4022 Niederlagen: I. Tuchlaubenhof 7a; III. Hauptstraße.
595 3976 898 4076 von 11 90
896 4010 1626 4048 IV. Margaretenstraße 20; VI. Amerlingstraße 8
906 4047 1624 4081 Favoritenstraße 87; XVII. Ottakringerstraße 48;
352 4047 1644 4132 Sche S JI. Wallensteinstraße 35.— Salzburg, Hagenauerpia
1706 2432 1787 2532 *
1684 2483 2916 2590 ging, mühte sich um ein fast programmatisches
1693 2548 2914 2624 literarisches Oesterreichertum. Schönherr ging den
1692 2593 2914 2668 umgekehrten Weg: er trug aus sich heraus sein
1694 2638 2929 2728 Werk in sein Volk. Was dieses Werk für Oesterreich
1704 2682 2848 2765 und für Deutschland bedeutet, wissen wir alle.
1704 2716 2923 2811 scheint aber nötig, dies hier heute nochmals mit allem
2240 2779 2871 2855 Erwin H. Rainalter
1706 2804 2146 2869 Nachdruck zu sagen.
2945 4115 3218 4194 nenn
