3344 4384
2064 148 2212 228 —.—
875 238 1361 342 box 38/1
142 236 744 352 2. Cuttings
1512 1296 1594 1397 S
424 1395 2893 1488 künstlerisch erfüllen können. Früher gab es das: schaffener Kunst auszusagen. Raimunds Zauberpossen
441 1443 2892 1529 Fontane für den Norden und Raimund für den Süden etwa sind heute nicht minder Quellen und Vorbilder
458 1466 2905 1570 sind Beispiele dafür. Und Gerhart Hauptmann selbst als irgendein aus dem Volke entsprungenes, anonymes
1661 1534 2397 1613 Weihnachts= oder Legendenspiel.
456 1539 1671 1634 beweist ganz ebenso wie Thomas Mann und mancher
1753 1544 2894 1631 Von dem Raimundschen Wien, von dem Bruckner¬
456 1586 1681 1647 andre, daß die Großstädte in Zeiten, da ihre eigenen
121 1591 267 1685 s.
1676 1600 2904 1683 schen Oberösterreich, von einem fabelreichen Volke das
464 1638 1675 1719 Kräfte versiegen, sich aus der Provinz frische Kräfte
1671 1644 2899 1721 tiefer schafft und denkt, als wir ahnen, hat sich die Pro¬
119 1664 1056 1758 u Besuch, man und Säfte holen müssen.
1672 1697 2910 1776 duktion dieser Tage vollkommen entfernt. Sie ist geistig
124 1738 485 1810 erzlichkeit, die
556 1706 1677 1806 Wollte man bei dem Bankett des P. E. N.=Klubs
1684 1760 2898 1832 auf einer Ebene, die zu hoch ist, als daß sich auf ihr
132 1784 487 1856 n schleppte ihn
472 1776 1683 1852 Gerhart Hauptmann einen Dichter zeigen, von dem
1670 1799 2902 1872 Typen eines Stammes bewegen könnten. Und da man
120 1834 475 1895 nd auch der
468 1837 1679 1896 man sagen durfte: „Dieser Mann ist kennzeichnend für
1667 1834 2906 1913 vor die Augen Gerhart Hauptmanns österreichische
121 1881 1681 1957 Kitglieder und österreichische Art und österreichisches Schaffen, er ver¬
1677 1890 2902 1960 Dichter stellen will, findet man nur zwei: Richard
137 1921 1681 1986 in ihr Mitte möchte nirgends anderswo als hier zu gedeihen und
1685 1955 2906 2007 Billinger, den Bauern aus Oberösterreich, und Heinz
143 1971 1687 2031 Prog#nenten Früchte zu tragen“ — wen konnte man ihm vor¬
1673 1990 2919 2058 Ortner, den Krämersohn aus der niederösterreichischen
134 2027 1688 2098 #e wirklich nicht stellen? Artur Schnitzler, der letzte Große, der Wien
1672 2042 2907 2100 Provinz. Ihnen gesellt sich, als der Höchste, als der
123 2069 1684 2124 berk, erbrachte, vollkommen zugehört, war nicht zugegen. Und der
1675 2080 2913 2158 Reinste als der Stärkste, einer, der nicht zugegen ist:
128 2121 476 2176 Magyarentum,
467 2116 1689 2180 wahre Oesterreicher unter den Dichtern der letzten
1683 2129 2242 2213 Max Mell, der Steirer.
131 2166 493 2230 lich hier deutsche
478 2169 1695 2233 Generation, Hugo von Hofmannsthal, ist tot. Als
1771 2155 2909 2242 Diese drei, so scheint es, verwalten das Erbe, das
130 2215 494 2284 henten spiegelt.
472 2214 1686 2288 man in Deutschland so sehr über sein Sterben trauerte,
1688 2225 2919 2298 Hofmannsthal sterbend hinterließ. Sie verwalten es in
134 2263 481 2327 mblickte, wurde
475 2265 1686 2333 ahnte man wohl gar nicht, welch einem Oesterreicher
1689 2273 2923 2338 einem treuen und engen Sinne, der keine Konzessionen
137 2308 475 2383 jenigen heraus¬
480 2308 1694 2379 diese Trauer galt. Aber in seiner engeren Heimt kann
1685 2321 2913 2389 kennt, und das ist gut. Bei Hofmannsthal selbst konnte
159 2361 479 2437 sind, so wie
476 2361 1687 2433 man ermessen, wie tief heimatbedingt, wie ganz aus
1687 2372 2922 2432 man beobachten, daß seine Kreise immer kleiner wurden,
140 2404 491 2472 es gemeinsam
475 2418 1678 2479 alter, fruchtbarer Tradition geschöpft der „Rosen¬
1685 2428 2902 2485 daß er aus der Weite, der er einmal gleichfalls an¬
137 2456 484 2525 kan prüfte und
459 2457 1691 2512 kavalier" und „Jedermann“ waren. Mozart mußte
1690 2456 2921 2531 gehört, immer mehr zurückkehrte in eine Heimat, die in
138 2503 388 2565 icht groß.
463 2506 1692 2576 gelebt, Raimund mußte sich aus qualvoller Melancholie
1694 2502 2908 2581 sich selbst beruhte. Es ist in diesem Sinne nicht gleich¬
125 2543 494 2622 hriftsteller ver¬
471 2552 1692 2629 in die Heiterkeit seines Theaters geflüchtet haben,
1696 2556 2913 2624 gültig, daß ihm während der letzten Jahre seines
130 2603 1694 2669 schlechthin mit damit der Urenkel diese Werke schreiben konnte. Was
1700 2597 2921 2664 Lebens wichtiger und wesentlicher als alle Theater der
128 2652 1685 2718 nsoweng Recht dieses Stammesösterreichische sei, ist schwer zu de¬
1696 2643 2921 2721 Welt die Salzburger Festspiele waren. Und es ist eben¬
127 2702 2919 2753 kpräsentativ für finieren. Jeder hat es an Mozart gefühlt, keiner sowenig belanglos, daß Max Mell und Richard
130 2741 2938 2821 t dies gefühlt: hat es mit voller Klarheit aussprechen können. Mit Billinger, nachdem Eingeweihte sie schon gekunnt, durch
130 2788 1705 2864 jas Deutschland dem Worte Anmut ist ihm nicht beizukommen, denn
1687 2780 2915 2857 diese Festspiele zum erstenmal der Gesamtheit des
1689 2840 2923 2899 Volkes gezeigt wurden. Ortner seinerseits durfte von
178 2838 1704 2916 daß es nicht Stifter und Grillparzer waren kaum anmutig im
485 2903 2915 2950 Sinne der literarhistorischen Schablone. Eines gehört der österreichischesten Bühne, vom Burgtheater, zu einem
131 2866 492 2958 nn, weil es sich,
134 2938 2922 3011 ungsprozeß ein=jedenfalls dazu: daß man aus dem Volkstum schöpft, Publikum sprechen, das er sich erst in dem Augenblick
1692 2985 2833 3056 gewann, als er sich ganz auf seine Heimat besann.
140 2989 1697 3047 hnlichen, ja fast das künstlerisch nirgends reicher ist als auf bajuvari¬
1779 3008 2927 3108 In diesen dreien begann ein Quell wieder zu
137 3022 1705 3095 Ganzen macht. schem Boden. Bei aller Höhe der Kunst: die Musik
139 3087 2920 3148 das, daß kein des österreichischen Volkes klingt in das Mozartsche springen, der lange verschüttet gelegen war. Sie er¬
123 3127 2928 3193 otwendig aus Rokoko hinein. Und bei Schubert und Bruckner wird kannten, daß es kein Zufall sein könnte, wenn den
144 3166 2928 3241 Wien stammen immer wieder der österreichische Landler lebendig. In stärksten Volksdramatiker, Raimund und die schönsten
142 3220 2923 3293 nig Schaffende, die Tradition dieses Volkstums sind die Werke dieser Volksspiele, die Oberammergauer Passion, der deutsche
143 3268 2927 3349 Heimat wurde, Großen selbst übergegangen als unlösbare Bestand= Süden hervorgebracht hätte. Sie wurden sich bewußt,
157 3321 2935 3407 allein sie sich teile, und nichts Schöneres wäre von bewußt ge= wie sehr gerade hier der Alltag von Zauber und
2935 4116 3035 4192 S
3086 4112 3154 4180 —
