3392 4256
1690 -10 2894 52 Tpreschent un d dele   .
1595 28 1685 90 We
1677 35 2911 100 vielleicht genug große Aerzte, aber sicher nur wenige große
1678 75 2924 147 Menschen. Wie mag diese Moralpredigt des jungen Redaktems
1580 94 1684 188 rde
1671 128 2915 202 svon den alten Lesern ausgenommen worden sein? Im
880 113 1335 225 box 38/1
138 109 742 226 2. Guttings
1569 182 1631 227 C
1675 177 2922 259 selben Jahre aber ließ Artur Schnitzker auf Grund seiner
1582 220 1698 300 —
2544 225 2926 293 einzige selb¬
2127 228 2558 300 die erste und
1681 230 2147 289 eigenen Erfahrungen
1691 270 2924 341 ständige wissenschaftliche Arbeit in jener Zeitschrift drucken
1588 280 1694 347 An,
1697 306 2921 376 (10. März bis 7. April 1889), die dann als Sonderabdruck bei
1584 334 1701 397 bar
1677 364 2927 445 W. Braumüller, Wien, erschienen ist: „Ueber sunktionelle Aphonie
1691 422 2928 484 und deren Behandlung durch Hypnose und Suggestion" Der
1569 418 1702 497 Minie
1555 462 1698 534 Ulünen¬
1689 447 2939 527 nämliche Verlag gab 1891 bis 1895 Johann Schnitzlers.
1690 520 2927 579 „Klinischen Atlas der Laryngologie nebst Anleitung zur Diagnose
1575 522 1702 583 ohne
1581 562 2918 609 ihrer und Therapie der Kraniheiten des Kehlkopfes und der Luströhre“
1674 603 2934 666 heraus, der unter Mitwirkung der beiden Assistenten (Schwieger¬
1591 667 2931 735 eine sohn und Sohn) des Gelehrten entstanden war: Dr. Marcusz
1607 721 2922 768 ge= Hajek und Dr. Artur Schnitzler. Dieser hatte aber nur beim
1682 754 2929 821 Text der ersten fünf von den sieben Lieferungen des Atlas mit¬
1603 754 1695 821 der
2776 796 2973 882 Enza-
1686 797 1866 880 gewirkt.
1535 805 1684 880 chluckte
1604 857 1712 918 ich
1552 896 1699 971 sehen.
1767 844 2846 998 Die moderne Großmutter.
1590 948 1708 1029 ent¬
1688 989 2925 1073 Die Fünfzigjährigen lassen sich scheiden. — Die Tragödie einer
1558 1001 1700 1078 under¬
1961 1041 2632 1108 sechsundvierzigjährigen Ungarin.
380 1024 768 1139 den bare Gestalt.
1963 1077 2650 1161 Originalbericht des „Neuen Wiener Journals“.
360 1085 503 1163 halb
587 1073 1711 1177 Ich war zerschmettert, unglücklich, voll wirren Gefühls.
1787 1136 2930 1211 Die moderne Jugend ist gegenwärtig ein häufig und gern
373 1140 1720 1221 habe Alles, was ich für sie empfunden hatte, war versunken in einem
387 1209 2932 1242 die höhnisch klaffenden Abgrund. Ich ging. Wenn sie mir in Zukunft gebrauchtes Schlagwort, trotzdem im letzten Jahrzehnt die Jugend
381 1251 2920 1293 daß begegnete, sah ich unwillig weg, ich wußte viel zu viel von ihr, sich tatsächlich vielleicht weniger verändert hat als die Generation
368 1285 498 1361 aber
483 1277 2937 1358 ohne daß sie es ahnte. Ich mochte nichts mehr von ihr wissen, der im fünften und sechsten Lebensjahrzehnt Stehenden. Vor und
379 1345 489 1414 ropa
490 1340 2918 1407 ich haßte sie wegen ihrer abscheulichen Gewohnheit. Obwohl ich auch noch während der Kriegszeit wurde beispielsweise die vierzig¬
371 1389 485 1469 nsatz
493 1387 2934 1451 weiß, daß solche Dinge geschehen, vielsach, zu Wasser und zu jährige Ehefrau und Mutter nicht nur von ihren Verwandten und
475 1434 2929 1508 Lande, von San Francisco ostwärts bis in die blühenden Kirsch= Bekannten schon zur Genertion der Großmütter gerechnet, sondern
1697 1482 2924 1543 sie zählte sich auch gewöhnlich selbst zu den „Alten“ und war
474 1490 938 1580 gärten von Jokohama.
1680 1533 2930 1615 ängstlich darauf bedacht, nicht durch ein zu jugendliches Benehmen,
1688 1578 2921 1657 eine zu jugendliche Toilette usw. irgendwie Anstoß zu erregen.
1708 1626 2935 1691 Die Vierzig= und Fünfzigjährige von heute dagegen wird nicht
535 1557 1675 1751 Aus Artur Schnitzlers Vorzeit.
1690 1678 2947 1750 nur von den anderen zu den jungen Frauen gezählt, sondern sie
1690 1705 2940 1797 fühlt sich auch selbst noch jung und nimmt mit den Zwanzig¬
1031 1722 1178 1793 Von
1691 1757 2934 1846 und Dreißigjährigen in der Gesellschaft, im Ballsaal, im Strand¬
854 1765 1398 1859 Otto Erich Deutsch.
338 1788 517 1864 it wir
1694 1812 2944 1890 bad die Konkurrenz in jeder Hinsicht auf, wobei sie gewöhnlich
581 1829 1717 1911 Man weiß, daß Artur Schnitzler, mit dreiundzwanzig
1697 1870 2944 1921 sogar den Sieg davonträgt. Auf eine Rundfrage: Wie lange
378 1902 1712 1960 und Jahren in Wien zum Doktor der Medizin promoviert, den ärzt¬
330 1917 2943 1995 stalität lichen Beruf lange in seinen Ruhm hinein ausgeübt hat. Es ist bleibt die moderne Frau jung?“ in einem großen französischen
1688 1965 2944 2033 Wochenblatt sind aus Frankreich und aus dem Ausland viele
338 1989 1708 2060 eiten, aber vergessen, daß er sich zuerst als Fachschriststeller der Medizin
1692 2010 2936 2078 Tausende Antworter von vierzig= bis sechzigjährigen Frauen ein¬
344 2045 1704 2101 ichsten betätigt hat. Er war der Sohn des bekannten Laryngo= und
364 2052 2941 2143 scher Rhinologen Johann Schnitzler, der selbst eine medizinische Zeit¬ gesandt worden,  denen ausnahmslos alle Schreiberinnen
364 2143 2945 2185 Jesenschrift herausgab und in den letzten Jahren seines Lebens den erklärten, daß sie ich noch durchaus jung fühlen und daß es heute
1694 2157 2934 2228 die fünfzigjährig „alte“ Frau einfach nicht mehr gebe. Diese
363 2189 495 2263 ller¬
479 2186 1706 2244 Sohn Artur (1886 bis 1888 Sekundararzt im k. k. Allgemeinen
1690 2204 2937 2281 natürliche Verjüngung der Menschen, die besonders beim weiblichen
461 2234 1708 2308 Krankenhaus und dann Assistent an der vom Vater geleiteten
1661 2247 2937 2328 Geschlecht deutlich zum Ausdruck kommt — bei den Männern war
361 2274 1430 2376 iserer Allgemeinen Poliklinik in Wien) dabei beschäftigte.
1766 2307 2931 2381 auch schon der Fünzigjährige nicht alt, sondern das fünste
357 2332 512 2419 rlin,
578 2309 2909 2410 Johann Schnitzler, aus Groß=Kanizsa in Ungarn gebürtig, Lebensjahrzehnt gehörte zum sogenannten schönsten Mannesalter —,
394 2369 1715 2452 die hatte 1360 die „Wiener Medzzinische Presse“ begründet, bei deren
349 2395 2934 2483 Man Redaktion ihm um 1885 Dr. Bela Weiß assistierte. Im letzten hat nun verschiedene Rückwirkungen im Gefolge, die auch in
344 2433 2948 2561 liebte. Jahrgang seiner Führung erschienen 1886 die ersten Kritiken des unserem Lande vielfach bereits einen überraschend großen Umfang
383 2495 2948 2606 s ist damals 24jährigen Dr. Artur Schnitzler. Am 31. Januar findet angenommen haben, der der breiten Oeffentlichkeit noch wenig
1695 2542 2932 2610 bekannt ist. Wir hören beispielsweise wohl hie und da, daß sich
372 2580 1709 2640 lag, sich dort das erste unsignierte Reserat des noch heimlichen Dichters
1704 2593 2944 2661 eine Fünfzigjährige nach einer zwanzig Jahre währenden Ehe
392 2627 1697 2687 daß über H. Eichhorsts „Handbuch der speziellen Pathologie und
332 2603 398 2684 1
331 2684 2934 2733 Zauber Therapie", am 16. Mai die erste, „Dr. A—r“ gezeichnete scheiden ließ, um nach einem Dasein, das bereits ein halbes Jahr¬
1700 2703 2933 2771 hundert währte, ein neues Leben auf neuer Basis zu beginnen.
331 2721 1710 2793 yihmen Besprechung über K. Riegers „Grundriß der medizinischen
1793 2752 2939 2826 Es ist aber doch eine überraschende Feststellung, daß gegen¬
333 2771 1508 2839 gründe! Elektrizitätslehre"; zuletzt — signiert „Dr. A. Sch.“
367 2792 2944 2882 — und] 19. Dezember ein Bericht über J. v. Merings „Das chlor¬ wärtig die Zahl der Ehescheidungen von fünfzig und mehr Jahre
1697 2842 2934 2923 alten Frauen „n Oesterreich eine solche Zunahme erfahren d.
337 2873 737 2961 #dung saure Kali.“
599 2900 2944 2971 Um diese Zeit gab Johann Schnitzler die „Wiener daß sich in einem Jahr 572 fünfzig und mehr als fünfzig Jahre
312 2958 2935 3028 var ein Medizinische Presse“ auf und sein bisheriger Mitarbeiter Belasalte Frauen scheiden lassen, von denen 56, also rund der zehnte
328 3004 2938 3082 „s gab Weiß gründete als Herausgeber und verantwortlicher Redakteur Teil, bei ihrer Ehescheidung sogar das sechzigste Lebensjahr über¬
309 3042 2929 3131 ktionen, Anfang 1887 mit Artur Schnitzler die „Internationale Klinische schritten haben. Und dabei handelt es sich zumeist nicht um kurz¬
342 3125 2939 3192 5 ihn Rundschau“ (später „Wiener Klinische Rundschau“ genannt). Als dauernde, bereits in einem höheren Alter geschlossene Ehen,
341 3145 2931 3215 wahn= Bela Weiß zu Ende des Jahres erkrankte, übernahm am sondern die Fünfzig= und Sechzigjährigen, die sich scheiden lassen,
344 3184 2938 3267 eiben, 18. Dezember 1887 Artur Schnitzler die verantwortliche waren oft jahrzehntelang verheiratet, und in 470 Ehescheidungs¬
362 3231 2930 3334 Nicht Redaltion, die er bis 9. September 1894 beibehielt, also noch in fällen betrug die Ehedauer mehr als zwanzig Jahre! Bei eben¬
364 3289 2935 3363 tecken der Zeit seiner ersten literarischen Erfolge innegehabt hat. Zuletzt falls rund einem halben Tausend Ehescheidungen handelt es sich um
365 3363 2933 3412 alität wird Johann Schnitzler, der wohl die geistige Führung des Mütter, die schon mehr als zwanzig Jahre zählende eigene Kinder
361 3374 2932 3460 keiner Blattes nicht aufgegeben hatte, wieder als Herausgeber und hatten, also vielsach wohl schon Großmutter waren oder wenigstens
351 3457 2929 3509 #eteilt. Chefredakteur genannt, nach seinem Hinscheiden im Frühjahr 1893 nach ihren erwachsenen Kindern hätten sein können. Die Großmutter
1699 3477 2936 3546 der Vergangenheit hatte zumeist mit ihrem eigenen Leben gleichsam
374 3495 1718 3563 Eine eine Zeitlang noch als Begründer. Unter den Büchern, die Artmn
371 3528 2938 3618 mich Schnitzler von Anfang 1887 bis Ende 1892 in der „Inter=bereits abgeschlossen, sie lebte in und von ihren Erinnerungen
388 3557 2942 3651 den nationalen Klinischen Rundschau" besprochen hat, dominieren Werkeüber und wurde höchstens im Kreis ihrer Enkeln und Enkelinnen wieder
387 3627 2944 3718 pfen das Nervensystem, Neuosthenie und Hysterie, über Hypnotismus,jung. Die Großmutter der Gegenwart aber läßt sich — scheiden
2625 4009 2783 4088 MS
