3392 4256
893 173 1366 277 box 38/1
155 174 772 280 2. Guttings
515 823 1087 920 Prosze preyige Widrr
883 912 1248 1007 Uebersetzung.
443 965 933 1051 Rudolf Langrod
2040 986 2498 1088 Atol. Rnld.
585 1015 810 1083 Advokat
910 1007 1692 1098 Warschau, den 25. September 1925.
1691 1037 2056 1123 Telefon 1521
2564 1038 3288 1134 Telefon 1521  füllt ist, unterlieg!
687 1046 1473 1138 Wirtschaftskorrespondenz für Polen
2894 1096 3312 1160 (Fl. DC/14892|II25
1273 1096 1609 1157 Katowice.
1668 1210 3328 1263 mes liegt, verdanken. Auf Grund seiner Theorie wissen! entzückten ingleichel
543 1213 1604 1315 Eröffnung des Deutschen
1685 1246 3324 1322 wir, um es einmal etwas krass, aber einfach auszudrücken, Uniformen, die in ih
1674 1304 2895 1361 daß wir das träumen, was wir nicht zuleben
2887 1306 3323 1367 ten, als der sonst
703 1293 1457 1389 Theaters Katowice.
1688 1337 3323 1402 wagen. In uns allen schlummern mannigfache Möglich-Feuerwehrstil. Das
594 1363 1536 1446 Franz Grillparzer: Der Traum ein Leben.
2895 1400 3324 1458 tont, die leichtin
1665 1397 2900 1461 keiten, nicht hinzudämmern, sondern sie zu wecken, gilt
535 1415 1699 1493 Seit Menschengedenken hat das Geheimnis des
2892 1441 3317 1499 zu statten, zumal
1674 1451 2891 1501 es, um diese Kräfte fruchtbar zu machen und wirken zu
451 1475 1690 1534 Traumes die Gemüter der Masse und die Hirne der
2892 1484 3324 1548 Meisterwerk- handel
1667 1486 2896 1548 lassen. Imwesentlichen sindunsere Träume
450 1525 1682 1586 Denker bewegt. Von der ägyptischen Traumdeutung bis
2948 1531 3327 1594 Die ausgeglichen
1682 1534 2900 1577 Wünsche, die meist auf sexueller Basis be¬
446 1568 1677 1646 zur modernen Psychoanalyse müht man sich um den Sinn
2891 1566 3327 1638 Stirner, ein gute
1682 1574 2888 1628 ruhen. Sie treten, ia nach Individualität, mehr oder weni¬
449 1618 1223 1683 dieses seltsamen Naturvorganges
2881 1619 3314 1686 Einzige, wenn 8
1671 1619 2896 1679 ger verkleidet, mitunter ganz unverhüllt, auf. Moralische
543 1653 1682 1728 Die Dichtung der Völker beschäftigt dieses Problem.
2881 1659 3314 1734 gelungen und theat
1668 1656 2907 1727 Bedenken und bürgerliche Hemmungen verfolgen die
444 1697 1679 1773 3·0 Jahre vor Grillparzer schreibt Calderon ein Drama:
1675 1708 3307 1770 meisten Menschen noch bis in den Traum hinein und hin-Negersklave Zanga,
446 1755 1671 1809 „Das Leben, ein Traum“, Strindbergs inspirierteste Dich¬
2876 1755 3318 1816 pelrolle als Massud
1677 1761 2898 1815 dern sie, über ihre wahre Natur Klarheit zu erlangen.
2887 1797 3312 1861 alte Weib, Annette
453 1799 1685 1849 tung, sein — jüngst von Julius Weismann zur Oper um¬
1753 1806 2899 1849 Grillparzer's Drama ist uns schonetwasent¬
2898 1841 3330 1903 Klaus de Nolt
445 1836 1673 1904 geschaffenes — Traumspiel konzipiert in genialer Weise
1676 1851 2889 1905 rückt. Seine Gestalten sind weder Helden im antiken
2884 1884 3305 1953 Pathos, das jugendl
443 1892 1682 1952 das Wesen des Traumes, die moderne Oper, Korngolds
1677 1894 2902 1954 Sinne, noch Menschen des 19. Jahrhunderts. Sie haben
2885 1932 3306 1989 haupt wurde anfang
435 1936 1674 1997 „Tote Stadt“, spielt viel mit diesem Gedanken, ein älterer,
1676 1925 2886 1993 alle den Anstrich bürgerlicher Wohlanständigkeit, leichte
2881 1975 3321 2042 deklamiert, ind
445 1984 1680 2034 primitiver Vorläufer ist Adams Si j’étais roi. Der Gedanke
1669 1982 2891 2045 Politur, die bisweilen bis zur Manikürtheit reicht. Wenn
2894 2026 3319 2086 den akustischen Ve
442 2025 1677 2086 wird in derselben Variante von Gerhart Hauptmann in
1676 2026 2890 2084 uns dieses liebenswürdige Werk dennoch zu fesseln ver¬
2889 2067 3311 2134 werden. Amtwenig
446 2073 1674 2144 Schluck und Jau aufgenommen. Paul Apel schreibt das
1680 2069 2901 2144 mochte, so ist dies in hohem Maße der Aufführung
450 2112 1482 2164 Traumstück „Hans Sonnenstößers Höllenfahrt“.
2878 2112 3303 2179 Gerda Redlich. Sie
1672 2123 2672 2184 unseres neuen Ensembles zu danken.
532 2147 1682 2215 Fast könnte man Wiendiedichterische Hei¬
2890 2160 3316 2210 genten, der im Pian
1761 2162 2889 2223 Von Eugen Felber war allerdings etwas zu er¬
2893 2208 3307 2272 Raserei beschleunig
453 2190 1678 2262 matdes Traumes nennen. Grillparzer, dessen Traum
1669 2196 2897 2271 warten. Ich entsinne mich noch aus meiner Tertianerzeit
2882 2245 3293 2320 schule importiert.
445 2247 1673 2314 ein Leben gleichfalls eine Art se j’étais roi-Leitmotiv
1675 2252 2896 2318 her, ihn im Jahre 1911 zusammen mit Paul Kalbeck in den
2883 2290 3300 2355 Gülnare von T
448 2292 1673 2354 seines Helden Rustan durchzieht, behandelt dieses Pro¬
1673 2303 2894 2353 Quitzows angeschwärmt zu haben. Nach der Revolution
2890 2335 3319 2396 persönlichste
437 2341 1661 2388 blem noch etwas naiv. Im Widerspruchmit Sche¬
1671 2343 2888 2415 leitete er eine ganz neuzeitlich orientierte Münchener
2876 2380 3322 2448 dings weniger klass
439 2389 1678 2454 rer, finde ich gerade den Uebergang von Wirk¬
1661 2395 2893 2459 Bühne und war hernach in Mannheim. Auch sein Drama¬
2883 2427 3308 2493 genhaft, mit O
434 2424 1676 2493 lichkeit zu Traum allzu offensichtlich,
1670 2437 2891 2498 turg, Bernhard Blume, ist entschieden eine Hoff¬
2883 2475 3312 2529 Abschließendes ist
442 2478 1674 2534 nicht genügend verdichtet und darum weniger
1672 2486 2890 2549 nung. Ich kenne seine kcimträchtige, saftstrotzende
2883 2523 3330 2587 ein verheißungsvoll
447 2528 1676 2575 tief berührend, im Gegensatz zu neueren Dichtern, die
1667 2524 2899 2595 Fahrt nach der Südsee vom Buche her, die von
450 2567 1679 2628 dem Phämomen näher kamen, wie die Wiener Karl
1673 2561 3319 2630 Brecht und Bronnen nur im Baal und der September-Idurch wärmeren Be
2881 2613 3314 2664 durch zu dokument
448 2614 1683 2670 Kraus (Traumstück, Traumtheater) und Schnitzler,
1668 2619 2900 2686 novelle erreicht wird. Inzwischen schrieb er ein neues
2887 2646 3327 2720 mit altem Schlendri
445 2657 1677 2718 dessen Schaffen der Traum wesenhaft ist, wir denken nur
1666 2660 2891 2740 Napoleon-Drama. Hoffentlich bekommen wir diese Werke
2890 2698 3340 2772 volles Verstä
453 2708 1668 2764 an Frau Berta Garlan, den Weg ins Freie, den Schleier
1665 2705 2029 2776 hier zu sehen.
448 2750 1684 2800 der Beatrice und die Frau mit dem Dolche, die wiederum
1753 2749 2899 2807 In der Tat standen Szeneund Bühnenarchi¬
435 2801 1674 2858 Schillings' Mona Lisa beeinflußte. Schnitzler, von Hause
1665 2780 2907 2855 tektur auf einer hier noch nicht gesehenen Höhe. An¬
437 2844 1666 2901 aus Arzt, ist ein wunderbarer Psychohöge, arbeitet
2949 2821 3327 2913 Zur Kultur- und
1662 2842 2901 2893 fänge auf diesem Wege zeigte vor zwei lahren der Pillarz¬
449 2881 1681 2931 aber nicht mit Sonde und Seziermesser, sondern der Intu¬
1661 2887 3328 2948 Schüler Gustav Singer. Mit größter Oekonomié sind her-Nr. 43 (Saisonausk##
450 2930 1675 2991 tion des Künstlers. Die Duplizität der Ereignisse diat es
1664 2935 3321 2981 verragend schöne Wirkungen erzielt worden. Das kubi-gesagt worden. Im
438 2971 3330 3022 zu Wege gebracht, daß auf dem Boden Wiens zu gleicherlstische Element waltet vor. Der Schwung der Formen! und der gegenwärt#
445 3022 3322 3080 Zeit Prof. Freud geboren wurde, dessen mit schlaf-Verinnert an das Bauhaus Weimar (jetzt Dessau). Musik der Messe)
445 3068 3329 3133 wandlerischer Sicherheit gefundene Erkenntnis wir die Höhepunkte bedeuteten die Felsen- und Schloß-Szene. Der Ihandelt worden. Be
454 3110 3328 3189 Lüftung des Schleiers, der über dem Mysterium des Trau- Farbenrausch ist leuchtend-expressionistisch. Die Kostüme ihr Wert bestehe i
636 3207 875 3336 72
322 3407 885 3537 Gut
