<?xml version="1.0" encoding="UTF-8" standalone="yes"?>
<PcGts xmlns="http://schema.primaresearch.org/PAGE/gts/pagecontent/2013-07-15" xmlns:xsi="http://www.w3.org/2001/XMLSchema-instance" xsi:schemaLocation="http://schema.primaresearch.org/PAGE/gts/pagecontent/2013-07-15 http://schema.primaresearch.org/PAGE/gts/pagecontent/2013-07-15/pagecontent.xsd">
    <Metadata>
        <Creator>prov=University of Rostock/Institute of Mathematics/CITlab/Gundram Leifert/gundram.leifert@uni-rostock.de:name=ONB_Newseye_GT_M1+(htr_id=10810)::::v=2.4.2
prov=University of Rostock/Institute of Mathematics/CITlab/Tobias Gruening/tobias.gruening@uni-rostock.de:name=de.uros.citlab.module.baseline2polygon.B2PSeamMultiOriented:v=2.4.2
prov=University of Rostock/Institute of Mathematics/CITlab/Tobias Gruening/tobias.gruening@uni-rostock.de:name=/mnt/transkribus/LA/DEA/URO/LA_news_onb_att.pb:de.uros.citlab.segmentation.CITlab_LA_ML:v=2.4.2
Transkribus</Creator>
        <Created>2019-10-07T15:18:22.779+02:00</Created>
        <LastChange>2019-10-09T01:27:09.343+02:00</LastChange>
        <TranskribusMetadata docId="224260" pageId="9515869" pageNr="22" tsid="16618434" status="IN_PROGRESS" userId="40391" imgUrl="https://files.transkribus.eu/Get?id=AKMZQBZYAFAKWQMOCCICPSSC&amp;fileType=view" xmlUrl="https://files.transkribus.eu/Get?id=VWSSTWCOXWFSTBTWCBKWDMJK" imageId="6204058"/>
    </Metadata>
    <Page imageFilename="224260_0022.jpeg" imageWidth="3296" imageHeight="4256">
        <ReadingOrder>
            <OrderedGroup id="ro_1711443211642" caption="Regions reading order">
                <RegionRefIndexed index="0" regionRef="r1"/>
            </OrderedGroup>
        </ReadingOrder>
        <TextRegion orientation="0.0" id="r1" custom="readingOrder {index:0;}">
            <Coords points="97,189 97,4126 3173,4126 3173,189"/>
            <TextLine id="r1l1" custom="readingOrder {index:0;}">
                <Coords points="94,229 280,217 354,235 439,220 466,231 517,212 547,234 581,230 580,163 484,182 398,168 365,187 317,187 276,161 246,184 220,162 94,170"/>
                <Baseline points="113,213 139,213 165,212 192,212 218,211 245,211 271,211 297,211 324,211 350,210 377,210 403,210 429,210 456,210 482,210 509,210 535,210 562,209"/>
                <TextEquiv>
                    <Unicode>Fial de id Presoe J. K.</Unicode>
                </TextEquiv>
            </TextLine>
            <TextLine id="r1l2" custom="readingOrder {index:1;}">
                <Coords points="156,264 174,264 204,282 249,271 382,271 382,238 356,238 341,223 156,223"/>
                <Baseline points="175,265 201,264 228,264 255,263 282,263 309,264 336,264 363,265"/>
                <TextEquiv>
                    <Unicode>GENEVE</Unicode>
                </TextEquiv>
            </TextLine>
            <TextLine id="r1l3" custom="readingOrder {index:2;}">
                <Coords points="96,333 582,336 581,277 526,278 511,263 477,278 444,263 433,275 95,274"/>
                <Baseline points="114,315 139,316 164,317 189,318 214,318 239,318 264,318 289,318 314,317 339,317 364,317 389,316 414,315 439,315 464,315 489,314 514,314 539,314 564,314"/>
                <TextEquiv>
                    <Unicode>e — Tél. Stand 40.05</Unicode>
                </TextEquiv>
            </TextLine>
            <TextLine id="r1l4" custom="readingOrder {index:3;}">
                <Coords points="88,404 512,412 560,393 559,363 522,367 492,342 385,361 348,343 322,358 259,343 151,366 88,359"/>
                <Baseline points="107,396 132,396 158,396 183,396 209,395 234,395 260,395 286,395 311,395 337,395 362,395 388,395 414,394 439,394 465,394 490,393 516,393 542,392"/>
                <TextEquiv>
                    <Unicode>oupures de journaux.</Unicode>
                </TextEquiv>
            </TextLine>
            <TextLine id="r1l5" custom="readingOrder {index:4;}">
                <Coords points="114,453 481,447 481,402 285,409 274,398 255,416 114,409"/>
                <Baseline points="131,446 156,446 181,446 207,446 232,446 258,446 283,446 309,446 334,446 360,446 385,446 411,447 436,447 462,447"/>
                <TextEquiv>
                    <Unicode>toutes langues.</Unicode>
                </TextEquiv>
            </TextLine>
            <TextLine id="r1l6" custom="readingOrder {index:5;}">
                <Coords points="95,581 154,569 173,584 414,569 492,579 528,545 554,544 554,500 505,512 427,502 402,517 349,503 283,519 157,510 94,529"/>
                <Baseline points="111,557 137,558 164,560 190,560 217,560 243,560 270,559 296,559 323,558 349,557 376,557 402,556 429,555 455,554 482,554 508,554 535,554"/>
                <TextEquiv>
                    <Unicode>es les grandes villes.</Unicode>
                </TextEquiv>
            </TextLine>
            <TextLine id="r1l7" custom="readingOrder {index:6;}">
                <Coords points="114,712 160,697 174,704 182,694 195,697 211,673 241,671 246,662 275,653 249,571 231,577 226,586 193,581 167,609 138,614 118,652 97,659"/>
                <Baseline points="129,691 154,685 179,677 204,667 229,660 255,653"/>
                <TextEquiv>
                    <Unicode>8</Unicode>
                </TextEquiv>
            </TextLine>
            <TextLine id="r1l8" custom="readingOrder {index:7;}">
                <Coords points="139,861 224,827 259,836 283,821 384,815 403,796 458,786 442,699 328,734 269,699 245,714 193,693 144,740 119,744"/>
                <Baseline points="151,831 177,827 203,824 229,820 255,815 281,810 308,804 334,800 360,795 386,791 412,787 439,783"/>
                <TextEquiv>
                    <Unicode>400. 1925</Unicode>
                </TextEquiv>
            </TextLine>
            <TextLine id="r1l9" custom="readingOrder {index:8;}">
                <Coords points="368,1033 431,1078 2179,1061 2123,987 1945,971 368,974"/>
                <Baseline points="385,1039 473,1043 562,1047 651,1050 740,1053 828,1055 917,1056 1006,1058 1095,1059 1183,1059 1272,1060 1361,1059 1450,1059 1538,1058 1627,1057 1716,1056 1805,1055 1893,1053 1982,1052 2071,1050 2160,1048"/>
                <TextEquiv>
                    <Unicode>L TANJCHLUSG, LETTERARIO</Unicode>
                </TextEquiv>
            </TextLine>
            <TextLine id="r1l10" custom="readingOrder {index:9;}">
                <Coords points="231,1114 253,1116 282,1097 301,1122 319,1125 336,1112 356,1129 426,1138 434,1072 398,1060 374,1079 340,1075 317,1050 240,1040"/>
                <Baseline points="251,1094 277,1096 304,1099 331,1104 357,1108 384,1111 411,1110"/>
                <TextEquiv>
                    <Unicode>/9—0</Unicode>
                </TextEquiv>
            </TextLine>
            <TextLine id="r1l11" custom="readingOrder {index:10;}">
                <Coords points="1932,1280 2206,1256 2292,1276 2336,1245 2373,1274 2752,1251 2749,1155 2686,1130 2645,1150 2589,1121 2542,1167 2418,1114 2348,1138 2281,1109 2171,1164 2140,1135 1929,1143"/>
                <Baseline points="1949,1253 1988,1253 2027,1254 2066,1254 2105,1254 2144,1254 2183,1254 2222,1254 2261,1254 2300,1254 2340,1253 2379,1252 2418,1252 2457,1250 2496,1249 2535,1247 2574,1245 2613,1243 2652,1240 2691,1237 2731,1233"/>
                <TextEquiv>
                    <Unicode>austriaco</Unicode>
                </TextEquiv>
            </TextLine>
            <TextLine id="r1l12" custom="readingOrder {index:11;}">
                <Coords points="1154,1271 1236,1277 1291,1243 1377,1276 1418,1256 1444,1275 1870,1262 1869,1144 1773,1167 1702,1160 1668,1127 1621,1150 1553,1125 1491,1148 1253,1125 1153,1182"/>
                <Baseline points="1174,1250 1207,1251 1241,1252 1275,1253 1309,1253 1343,1254 1376,1254 1410,1254 1444,1254 1478,1254 1512,1254 1545,1253 1579,1253 1613,1252 1647,1251 1680,1250 1714,1249 1748,1247 1782,1246 1816,1244 1850,1241"/>
                <TextEquiv>
                    <Unicode>e teatro</Unicode>
                </TextEquiv>
            </TextLine>
            <TextLine id="r1l13" custom="readingOrder {index:12;}">
                <Coords points="86,1259 1088,1282 1122,1271 1123,1137 915,1154 707,1112 647,1163 522,1121 428,1191 358,1142 87,1118"/>
                <Baseline points="105,1244 157,1245 210,1246 262,1247 315,1249 367,1250 420,1252 473,1253 525,1254 578,1255 630,1256 683,1257 735,1258 788,1257 841,1257 893,1256 946,1255 998,1252 1051,1249 1104,1246"/>
                <TextEquiv>
                    <Unicode>ktro tedesco</Unicode>
                </TextEquiv>
            </TextLine>
            <TextLine id="r1l14" custom="readingOrder {index:13;}">
                <Coords points="83,1380 3011,1370 3089,1225 83,1299"/>
                <Baseline points="103,1361 251,1363 399,1365 548,1366 696,1366 845,1366 993,1366 1141,1365 1290,1364 1438,1363 1587,1362 1735,1360 1883,1359 2032,1358 2180,1357 2329,1357 2477,1356 2625,1356 2774,1357 2922,1358 3071,1360"/>
                <TextEquiv>
                    <Unicode>Hella terra „ - Diversa mentalità - Caratteristiche e sfumature</Unicode>
                </TextEquiv>
            </TextLine>
            <TextLine id="r1l15" custom="readingOrder {index:14;}">
                <Coords points="187,1480 3085,1395 187,1431"/>
                <Baseline points="207,1460 350,1459 493,1457 636,1456 779,1455 922,1455 1065,1454 1208,1453 1351,1452 1494,1451 1637,1451 1780,1450 1923,1449 2066,1448 2209,1448 2352,1447 2495,1446 2638,1444 2781,1443 2924,1442 3068,1440"/>
                <TextEquiv>
                    <Unicode>al caricaturale. E' l’atto di composi- ciato agli esami, bidillio di due ado. strnordinarjo potere afrodisiaco, Nel, Vedova per la seconda volta, Loulen</Unicode>
                </TextEquiv>
            </TextLine>
            <TextLine id="r1l16" custom="readingOrder {index:15;}">
                <Coords points="83,1476 109,1477 116,1470 120,1474 139,1460 146,1468 157,1468 169,1458 184,1458 191,1466 209,1467 211,1426 193,1425 189,1429 171,1413 163,1420 149,1416 134,1422 112,1406 86,1405"/>
                <Baseline points="101,1458 130,1455 160,1458 190,1461"/>
                <TextEquiv>
                    <Unicode>0</Unicode>
                </TextEquiv>
            </TextLine>
            <TextLine id="r1l17" custom="readingOrder {index:16;}">
                <Coords points="1633,1502 2977,1496 3084,1487 3084,1428 1633,1453"/>
                <Baseline points="1653,1488 1723,1488 1794,1488 1864,1488 1935,1488 2006,1487 2076,1487 2147,1486 2218,1485 2288,1484 2359,1483 2430,1482 2500,1481 2571,1480 2642,1479 2712,1479 2783,1478 2854,1478 2924,1477 2995,1477 3066,1477"/>
                <TextEquiv>
                    <Unicode>primo atto Lauleu, piccola figlia dell calca le scene. Mima ballerina accla¬</Unicode>
                </TextEquiv>
            </TextLine>
            <TextLine id="r1l18" custom="readingOrder {index:17;}">
                <Coords points="202,1495 1598,1501 1639,1452 202,1465"/>
                <Baseline points="222,1496 291,1494 361,1494 431,1493 501,1492 571,1492 641,1491 711,1491 781,1491 851,1491 921,1491 990,1491 1060,1491 1130,1491 1200,1490 1270,1490 1340,1490 1410,1490 1480,1489 1550,1488 1620,1488"/>
                <TextEquiv>
                    <Unicode>Izione passionale e spontaneo lovel lescenti che finisce nella maternitä</Unicode>
                </TextEquiv>
            </TextLine>
            <TextLine id="r1l19" custom="readingOrder {index:18;}">
                <Coords points="1629,1525 2935,1524 3076,1482 1628,1492"/>
                <Baseline points="1649,1520 1719,1522 1789,1523 1860,1523 1930,1524 2001,1524 2071,1523 2142,1523 2212,1522 2283,1521 2353,1520 2423,1519 2494,1517 2564,1516 2635,1515 2705,1514 2776,1514 2846,1513 2917,1513 2987,1513 3058,1513"/>
                <TextEquiv>
                    <Unicode>ia strada, fioraiae girovaga protettal mata ella acuisce i desideri degli uo¬</Unicode>
                </TextEquiv>
            </TextLine>
            <TextLine id="r1l20" custom="readingOrder {index:19;}">
                <Coords points="917,1526 1493,1536 1641,1524 1641,1491 917,1493"/>
                <Baseline points="936,1524 970,1524 1004,1525 1039,1525 1073,1525 1108,1525 1142,1526 1176,1526 1211,1526 1245,1526 1280,1525 1314,1525 1348,1525 1383,1525 1417,1524 1452,1524 1486,1524 1520,1524 1555,1523 1589,1523 1624,1522"/>
                <TextEquiv>
                    <Unicode>d’una monella di 14 auni, l’abortoe</Unicode>
                </TextEquiv>
            </TextLine>
            <TextLine id="r1l21" custom="readingOrder {index:20;}">
                <Coords points="88,1540 107,1540 111,1544 129,1529 133,1533 170,1533 174,1529 177,1533 207,1533 207,1496 181,1496 159,1477 137,1485 129,1481 126,1485 114,1473 111,1477 88,1477"/>
                <Baseline points="108,1525 134,1523 161,1523 188,1525"/>
                <TextEquiv>
                    <Unicode>räno</Unicode>
                </TextEquiv>
            </TextLine>
            <TextLine id="r1l22" custom="readingOrder {index:21;}">
                <Coords points="212,1534 635,1525 687,1543 772,1520 932,1544 931,1484 211,1501"/>
                <Baseline points="230,1532 264,1532 298,1531 332,1531 366,1530 401,1530 435,1530 469,1529 503,1529 537,1528 572,1528 606,1528 640,1527 674,1527 708,1526 743,1526 777,1525 811,1525 845,1525 879,1524 914,1524"/>
                <TextEquiv>
                    <Unicode>Taffettivo dell'anima rischia di do¬</Unicode>
                </TextEquiv>
            </TextLine>
            <TextLine id="r1l23" custom="readingOrder {index:22;}">
                <Coords points="1635,1560 2971,1559 3082,1547 3082,1499 1635,1526"/>
                <Baseline points="1654,1556 1724,1557 1795,1558 1865,1558 1936,1558 2006,1558 2077,1558 2147,1557 2218,1556 2288,1556 2359,1555 2430,1553 2500,1552 2571,1552 2641,1550 2712,1550 2782,1549 2853,1549 2923,1548 2994,1549 3065,1549"/>
                <TextEquiv>
                    <Unicode>da un noto personaggio, il dottorl mini in modo piü cccitante che mal,</Unicode>
                </TextEquiv>
            </TextLine>
            <TextLine id="r1l24" custom="readingOrder {index:23;}">
                <Coords points="916,1565 1636,1563 1636,1525 916,1528"/>
                <Baseline points="933,1558 967,1560 1001,1560 1035,1561 1070,1562 1104,1562 1138,1562 1172,1562 1207,1561 1241,1561 1275,1560 1309,1560 1344,1559 1378,1558 1412,1558 1446,1557 1481,1556 1515,1556 1549,1556 1583,1556 1618,1556"/>
                <TextEquiv>
                    <Unicode>Ja morte, II lavoro terminava in una</Unicode>
                </TextEquiv>
            </TextLine>
            <TextLine id="r1l25" custom="readingOrder {index:24;}">
                <Coords points="95,1571 113,1570 128,1576 143,1567 161,1570 209,1563 207,1526 148,1534 125,1531 118,1536 92,1538"/>
                <Baseline points="113,1563 138,1560 163,1559 189,1557"/>
                <TextEquiv>
                    <Unicode>par-</Unicode>
                </TextEquiv>
            </TextLine>
            <TextLine id="r1l26" custom="readingOrder {index:25;}">
                <Coords points="210,1568 866,1567 918,1559 918,1525 209,1535"/>
                <Baseline points="228,1565 261,1564 295,1564 328,1564 362,1564 395,1563 429,1564 462,1564 496,1564 529,1564 563,1564 596,1564 630,1564 663,1563 697,1563 730,1562 764,1562 797,1560 831,1560 864,1558 898,1556"/>
                <TextEquiv>
                    <Unicode>minaree superare tutto. Forma ten¬</Unicode>
                </TextEquiv>
            </TextLine>
            <TextLine id="r1l27" custom="readingOrder {index:26;}">
                <Coords points="1636,1600 2950,1595 3076,1586 3076,1545 1636,1559"/>
                <Baseline points="1655,1591 1725,1591 1795,1592 1865,1592 1935,1592 2005,1591 2075,1591 2146,1591 2216,1590 2286,1590 2356,1589 2426,1588 2496,1588 2566,1587 2637,1586 2707,1586 2777,1585 2847,1585 2917,1584 2987,1584 3058,1584"/>
                <TextEquiv>
                    <Unicode>Schsen, ha sposato un vecchio medi-Pattrice e due völte femmina: =Se una</Unicode>
                </TextEquiv>
            </TextLine>
            <TextLine id="r1l28" custom="readingOrder {index:27;}">
                <Coords points="914,1603 1638,1598 1637,1539 1489,1563 914,1551"/>
                <Baseline points="933,1593 967,1595 1001,1596 1036,1597 1070,1598 1105,1598 1139,1598 1173,1598 1208,1598 1242,1597 1277,1596 1311,1595 1345,1594 1380,1593 1414,1592 1449,1591 1483,1591 1517,1590 1552,1590 1586,1590 1621,1590"/>
                <TextEquiv>
                    <Unicode>scena sul cimitero coll’apparizione</Unicode>
                </TextEquiv>
            </TextLine>
            <TextLine id="r1l29" custom="readingOrder {index:28;}">
                <Coords points="111,1595 129,1598 132,1602 143,1604 152,1598 174,1601 179,1568 149,1564 143,1559 134,1565 116,1562"/>
                <Baseline points="128,1594 156,1598"/>
                <TextEquiv>
                    <Unicode>an</Unicode>
                </TextEquiv>
            </TextLine>
            <TextLine id="r1l30" custom="readingOrder {index:29;}">
                <Coords points="200,1609 797,1591 838,1613 927,1594 927,1560 200,1572"/>
                <Baseline points="217,1598 251,1598 286,1599 320,1599 355,1599 390,1599 424,1599 459,1599 494,1599 528,1599 563,1599 598,1599 632,1598 667,1598 702,1598 736,1597 771,1596 806,1596 840,1595 875,1594 910,1593"/>
                <TextEquiv>
                    <Unicode>taute, forma pericolosa per la quale</Unicode>
                </TextEquiv>
            </TextLine>
            <TextLine id="r1l31" custom="readingOrder {index:30;}">
                <Coords points="2347,1627 2893,1615 3082,1634 3082,1589 2971,1578 2347,1590"/>
                <Baseline points="2367,1618 2401,1619 2436,1620 2471,1620 2506,1621 2541,1621 2575,1622 2610,1622 2645,1622 2680,1622 2715,1622 2749,1622 2784,1622 2819,1622 2854,1622 2889,1621 2923,1621 2958,1620 2993,1619 3028,1618 3063,1617"/>
                <TextEquiv>
                    <Unicode>sera. non ballo, dapzo fütta la nette</Unicode>
                </TextEquiv>
            </TextLine>
            <TextLine id="r1l32" custom="readingOrder {index:31;}">
                <Coords points="1637,1632 1908,1628 1938,1647 2038,1621 2090,1639 2357,1628 2357,1591 1637,1595"/>
                <Baseline points="1656,1625 1690,1626 1724,1626 1758,1627 1792,1627 1827,1627 1861,1628 1895,1628 1929,1628 1963,1628 1998,1628 2032,1628 2066,1628 2100,1628 2134,1628 2169,1627 2203,1627 2237,1627 2271,1626 2305,1625 2340,1625"/>
                <TextEquiv>
                    <Unicode>co, i1 dett. Goll, un buon uomo ma</Unicode>
                </TextEquiv>
            </TextLine>
            <TextLine id="r1l33" custom="readingOrder {index:32;}">
                <Coords points="85,1636 141,1635 145,1639 156,1631 167,1639 178,1635 189,1642 208,1642 207,1594 185,1594 163,1602 159,1598 133,1602 126,1595 118,1595 107,1606 85,1606"/>
                <Baseline points="105,1629 133,1627 162,1628 191,1627"/>
                <TextEquiv>
                    <Unicode>Eella</Unicode>
                </TextEquiv>
            </TextLine>
            <TextLine id="r1l34" custom="readingOrder {index:33;}">
                <Coords points="918,1632 1638,1632 1637,1588 1604,1580 1448,1601 917,1598"/>
                <Baseline points="935,1629 969,1630 1003,1631 1037,1632 1072,1632 1106,1632 1140,1632 1174,1632 1209,1632 1243,1631 1277,1631 1311,1630 1346,1629 1380,1629 1414,1628 1448,1627 1483,1627 1517,1626 1551,1626 1585,1626 1620,1626"/>
                <TextEquiv>
                    <Unicode>della suicjda al giovane seduttore e</Unicode>
                </TextEquiv>
            </TextLine>
            <TextLine id="r1l35" custom="readingOrder {index:34;}">
                <Coords points="212,1639 825,1619 925,1637 925,1589 212,1602"/>
                <Baseline points="230,1631 263,1632 297,1633 331,1633 365,1634 399,1634 432,1634 466,1634 500,1634 534,1634 568,1633 601,1633 635,1632 669,1632 703,1631 736,1631 770,1630 804,1630 838,1629 872,1628 906,1628"/>
                <TextEquiv>
                    <Unicode>lo scrittore deve improvvisare Jui</Unicode>
                </TextEquiv>
            </TextLine>
            <TextLine id="r1l36" custom="readingOrder {index:35;}">
                <Coords points="2353,1662 2698,1651 2762,1681 2977,1681 3006,1658 3084,1677 3084,1614 2353,1625"/>
                <Baseline points="2373,1655 2407,1655 2442,1655 2476,1656 2511,1656 2545,1656 2580,1656 2614,1657 2649,1657 2683,1658 2718,1658 2753,1658 2787,1658 2822,1658 2856,1658 2891,1658 2925,1657 2960,1656 2994,1655 3029,1653 3064,1652"/>
                <TextEquiv>
                    <Unicode>in sogno e il giorno dopo scno tutta</Unicode>
                </TextEquiv>
            </TextLine>
            <TextLine id="r1l37" custom="readingOrder {index:36;}">
                <Coords points="1632,1675 1877,1655 2363,1675 2363,1623 1632,1623"/>
                <Baseline points="1649,1662 1683,1662 1718,1662 1753,1662 1788,1663 1823,1663 1857,1663 1892,1663 1927,1663 1962,1663 1997,1663 2031,1663 2066,1662 2101,1662 2136,1662 2171,1661 2205,1661 2240,1660 2275,1660 2310,1660 2345,1659"/>
                <TextEquiv>
                    <Unicode>non troppo in gamba e nell’atelier</Unicode>
                </TextEquiv>
            </TextLine>
            <TextLine id="r1l38" custom="readingOrder {index:37;}">
                <Coords points="93,1668 145,1669 149,1673 153,1669 175,1670 190,1674 197,1681 216,1681 217,1626 198,1626 176,1636 172,1632 94,1635"/>
                <Baseline points="113,1665 141,1663 169,1664 198,1666"/>
                <TextEquiv>
                    <Unicode>Fude,</Unicode>
                </TextEquiv>
            </TextLine>
            <TextLine id="r1l39" custom="readingOrder {index:38;}">
                <Coords points="922,1669 1646,1680 1646,1635 1594,1624 922,1625"/>
                <Baseline points="941,1663 975,1664 1009,1665 1043,1666 1078,1666 1112,1666 1146,1666 1180,1666 1215,1666 1249,1666 1283,1666 1317,1665 1352,1665 1386,1665 1420,1665 1454,1664 1489,1664 1523,1664 1557,1665 1591,1665 1626,1666"/>
                <TextEquiv>
                    <Unicode>vaso dalla casa di correzione e in un</Unicode>
                </TextEquiv>
            </TextLine>
            <TextLine id="r1l40" custom="readingOrder {index:39;}">
                <Coords points="207,1671 879,1678 923,1666 922,1614 206,1638"/>
                <Baseline points="224,1667 259,1667 295,1667 331,1667 366,1668 402,1668 438,1668 474,1668 509,1668 545,1668 581,1667 617,1667 652,1666 688,1665 724,1665 760,1663 795,1662 831,1660 867,1659 903,1657"/>
                <TextEquiv>
                    <Unicode>stesso la tastiera delle sue trasposi¬</Unicode>
                </TextEquiv>
            </TextLine>
            <TextLine id="r1l41" custom="readingOrder {index:40;}">
                <Coords points="2350,1700 2383,1708 2402,1689 2780,1697 2780,1664 2702,1653 2350,1663"/>
                <Baseline points="2367,1688 2393,1689 2419,1690 2445,1690 2471,1690 2498,1690 2524,1690 2550,1690 2576,1690 2602,1690 2629,1690 2655,1690 2681,1690 2707,1690 2733,1690 2760,1690"/>
                <TextEquiv>
                    <Unicode>dlisfattas dicevä ella.</Unicode>
                </TextEquiv>
            </TextLine>
            <TextLine id="r1l42" custom="readingOrder {index:41;}">
                <Coords points="1640,1700 2037,1694 2141,1716 2160,1697 2356,1696 2356,1662 1640,1663"/>
                <Baseline points="1658,1697 1693,1697 1729,1697 1765,1698 1800,1698 1836,1698 1872,1698 1908,1698 1943,1698 1979,1697 2015,1697 2051,1697 2086,1697 2122,1696 2158,1696 2194,1695 2229,1695 2265,1694 2301,1693 2337,1693"/>
                <TextEquiv>
                    <Unicode>del pittore Schwarz ella posa in co</Unicode>
                </TextEquiv>
            </TextLine>
            <TextLine id="r1l43" custom="readingOrder {index:42;}">
                <Coords points="106,1708 173,1703 180,1707 188,1702 206,1701 204,1668 185,1669 178,1662 170,1663 162,1656 151,1656 126,1669 104,1671"/>
                <Baseline points="125,1699 157,1697 189,1695"/>
                <TextEquiv>
                    <Unicode>ses¬</Unicode>
                </TextEquiv>
            </TextLine>
            <TextLine id="r1l44" custom="readingOrder {index:43;}">
                <Coords points="204,1709 809,1714 927,1705 927,1668 763,1651 203,1672"/>
                <Baseline points="221,1700 255,1701 289,1702 324,1703 358,1704 392,1704 427,1704 461,1704 495,1703 530,1703 564,1702 598,1702 633,1701 667,1700 701,1700 736,1699 770,1698 804,1697 839,1697 873,1696 908,1696"/>
                <TextEquiv>
                    <Unicode>zioni peicologiche. Fucendo appello c</Unicode>
                </TextEquiv>
            </TextLine>
            <TextLine id="r1l45" custom="readingOrder {index:44;}">
                <Coords points="925,1721 959,1721 977,1706 992,1714 1003,1703 1122,1710 1167,1699 1252,1706 1282,1695 1282,1669 1230,1665 925,1669"/>
                <Baseline points="945,1702 971,1701 997,1701 1024,1701 1050,1701 1077,1701 1103,1701 1129,1701 1156,1701 1182,1701 1209,1701 1235,1701 1262,1701"/>
                <TextEquiv>
                    <Unicode>appello alla vita.</Unicode>
                </TextEquiv>
            </TextLine>
            <TextLine id="r1l46" custom="readingOrder {index:45;}">
                <Coords points="2368,1728 3069,1725 3069,1685 2920,1671 2368,1694"/>
                <Baseline points="2385,1722 2418,1723 2451,1724 2484,1725 2518,1726 2551,1726 2584,1726 2617,1726 2651,1726 2684,1725 2717,1725 2750,1724 2784,1723 2817,1723 2850,1722 2883,1721 2917,1721 2950,1720 2983,1720 3016,1720 3050,1720"/>
                <TextEquiv>
                    <Unicode>La sua mird vo a Schsen, 1I suo</Unicode>
                </TextEquiv>
            </TextLine>
            <TextLine id="r1l47" custom="readingOrder {index:46;}">
                <Coords points="1639,1735 2329,1739 2374,1731 2374,1701 1639,1702"/>
                <Baseline points="1657,1733 1693,1732 1730,1732 1767,1732 1804,1732 1840,1732 1877,1731 1914,1731 1951,1731 1988,1731 2024,1731 2061,1730 2098,1730 2135,1730 2172,1730 2208,1729 2245,1729 2282,1729 2319,1729 2356,1729"/>
                <TextEquiv>
                    <Unicode>stume per il suo ritratto. Schwarz ef</Unicode>
                </TextEquiv>
            </TextLine>
            <TextLine id="r1l48" custom="readingOrder {index:47;}">
                <Coords points="106,1747 124,1745 131,1740 146,1743 161,1737 169,1740 172,1736 187,1734 194,1737 213,1735 209,1698 172,1702 165,1707 131,1703 101,1706"/>
                <Baseline points="122,1734 158,1730 194,1726"/>
                <TextEquiv>
                    <Unicode>hmpe¬</Unicode>
                </TextEquiv>
            </TextLine>
            <TextLine id="r1l49" custom="readingOrder {index:48;}">
                <Coords points="209,1739 428,1755 495,1736 925,1736 925,1703 209,1709"/>
                <Baseline points="226,1734 260,1735 294,1735 328,1735 362,1735 396,1735 430,1735 464,1735 498,1735 532,1735 566,1735 600,1734 634,1734 668,1733 702,1733 736,1732 770,1731 804,1731 838,1730 872,1729 906,1728"/>
                <TextEquiv>
                    <Unicode>semplicemente abbandonandosi alla</Unicode>
                </TextEquiv>
            </TextLine>
            <TextLine id="r1l50" custom="readingOrder {index:49;}">
                <Coords points="947,1738 1645,1738 1644,1694 1380,1683 946,1712"/>
                <Baseline points="966,1738 1000,1738 1035,1738 1070,1738 1104,1737 1139,1737 1174,1737 1208,1737 1243,1737 1278,1736 1312,1736 1347,1735 1382,1734 1416,1734 1451,1733 1486,1732 1520,1731 1555,1730 1590,1729 1625,1727"/>
                <TextEquiv>
                    <Unicode>Questo sRisveglio della primaveras</Unicode>
                </TextEquiv>
            </TextLine>
            <TextLine id="r1l51" custom="readingOrder {index:50;}">
                <Coords points="1636,1772 3084,1782 3083,1707 1636,1735"/>
                <Baseline points="1656,1767 1726,1766 1796,1765 1867,1764 1937,1764 2008,1763 2078,1763 2148,1763 2219,1762 2289,1762 2360,1762 2430,1762 2500,1762 2571,1761 2641,1761 2712,1760 2782,1760 2852,1759 2923,1758 2993,1757 3064,1756"/>
                <TextEquiv>
                    <Unicode>innamorato di Loulen coine 11 figliol emecenates colui che potrebbe non</Unicode>
                </TextEquiv>
            </TextLine>
            <TextLine id="r1l52" custom="readingOrder {index:51;}">
                <Coords points="201,1780 914,1773 914,1736 828,1730 201,1735"/>
                <Baseline points="219,1769 252,1769 286,1769 320,1769 354,1768 388,1768 422,1768 456,1768 490,1768 524,1767 558,1767 591,1767 625,1767 659,1766 693,1766 727,1765 761,1765 795,1765 829,1764 863,1763 897,1763"/>
                <TextEquiv>
                    <Unicode>psicologia, acchmulatrice d’energie</Unicode>
                </TextEquiv>
            </TextLine>
            <TextLine id="r1l53" custom="readingOrder {index:52;}">
                <Coords points="923,1776 1643,1776 1643,1739 1583,1735 923,1735"/>
                <Baseline points="941,1766 975,1767 1009,1769 1043,1770 1077,1770 1112,1771 1146,1771 1180,1771 1214,1771 1248,1771 1283,1771 1317,1770 1351,1770 1385,1769 1419,1768 1454,1768 1488,1767 1522,1766 1556,1766 1590,1765 1625,1765"/>
                <TextEquiv>
                    <Unicode>aveva avuto in Germania un successo</Unicode>
                </TextEquiv>
            </TextLine>
            <TextLine id="r1l54" custom="readingOrder {index:53;}">
                <Coords points="101,1779 127,1774 134,1781 142,1781 153,1773 168,1776 175,1772 194,1782 197,1778 201,1782 220,1781 218,1733 199,1734 196,1738 184,1734 173,1739 162,1735 155,1743 99,1742"/>
                <Baseline points="118,1772 145,1770 172,1767 200,1770"/>
                <TextEquiv>
                    <Unicode>Lpin</Unicode>
                </TextEquiv>
            </TextLine>
            <TextLine id="r1l55" custom="readingOrder {index:54;}">
                <Coords points="1645,1808 3074,1798 3073,1758 1645,1771"/>
                <Baseline points="1662,1801 1731,1800 1801,1800 1870,1799 1940,1799 2010,1799 2079,1798 2149,1798 2218,1797 2288,1797 2358,1796 2427,1796 2497,1795 2566,1795 2636,1794 2706,1794 2775,1793 2845,1793 2914,1793 2984,1792 3054,1792"/>
                <TextEquiv>
                    <Unicode>di Schsen; ella, civetta con tutti e ri-Pessere un minchtone, e che &amp; sul pun¬</Unicode>
                </TextEquiv>
            </TextLine>
            <TextLine id="r1l56" custom="readingOrder {index:55;}">
                <Coords points="195,1807 889,1806 915,1803 915,1765 195,1766"/>
                <Baseline points="215,1798 249,1799 283,1799 317,1799 351,1799 385,1799 419,1799 453,1800 487,1800 521,1800 555,1800 589,1800 623,1800 657,1800 691,1800 725,1800 759,1799 793,1799 827,1798 861,1797 895,1796"/>
                <TextEquiv>
                    <Unicode>o-serittore fäscia predomihare T’ele¬</Unicode>
                </TextEquiv>
            </TextLine>
            <TextLine id="r1l57" custom="readingOrder {index:56;}">
                <Coords points="103,1804 118,1804 125,1799 141,1813 152,1801 156,1805 178,1807 193,1802 200,1806 219,1804 217,1775 176,1774 172,1770 101,1775"/>
                <Baseline points="122,1804 148,1801 174,1798 200,1800"/>
                <TextEquiv>
                    <Unicode>Und</Unicode>
                </TextEquiv>
            </TextLine>
            <TextLine id="r1l58" custom="readingOrder {index:57;}">
                <Coords points="917,1809 1588,1816 1644,1808 1644,1768 916,1768"/>
                <Baseline points="936,1804 970,1804 1004,1805 1039,1805 1073,1805 1108,1806 1142,1806 1177,1806 1211,1806 1246,1807 1280,1807 1314,1807 1349,1806 1383,1806 1418,1805 1452,1805 1487,1804 1521,1803 1556,1801 1590,1799 1625,1797"/>
                <TextEquiv>
                    <Unicode>strepitoso. Ma in Francja il dramma</Unicode>
                </TextEquiv>
            </TextLine>
            <TextLine id="r1l59" custom="readingOrder {index:58;}">
                <Coords points="2353,1830 3073,1837 3073,1793 2353,1790"/>
                <Baseline points="2373,1827 2407,1828 2441,1828 2475,1829 2509,1829 2543,1829 2577,1830 2612,1830 2646,1830 2680,1830 2714,1830 2748,1830 2782,1829 2816,1829 2851,1828 2885,1828 2919,1827 2953,1826 2987,1825 3021,1824 3056,1822"/>
                <TextEquiv>
                    <Unicode>to di sposarsi. Ma ella Tavvince, T’ine¬</Unicode>
                </TextEquiv>
            </TextLine>
            <TextLine id="r1l60" custom="readingOrder {index:59;}">
                <Coords points="99,1840 155,1840 170,1836 189,1843 200,1832 218,1832 218,1776 184,1776 166,1795 99,1792"/>
                <Baseline points="118,1833 145,1830 172,1829 200,1833"/>
                <TextEquiv>
                    <Unicode>00st</Unicode>
                </TextEquiv>
            </TextLine>
            <TextLine id="r1l61" custom="readingOrder {index:60;}">
                <Coords points="200,1845 927,1841 927,1796 200,1807"/>
                <Baseline points="219,1832 253,1833 288,1833 322,1833 357,1833 391,1833 426,1833 460,1833 495,1833 529,1833 564,1833 599,1833 633,1833 668,1833 702,1833 737,1833 771,1833 806,1833 840,1833 875,1833 910,1833"/>
                <TextEquiv>
                    <Unicode>mento emozionale, d’un valore possen</Unicode>
                </TextEquiv>
            </TextLine>
            <TextLine id="r1l62" custom="readingOrder {index:61;}">
                <Coords points="1631,1840 2358,1846 2362,1805 1630,1799"/>
                <Baseline points="1649,1835 1683,1835 1718,1835 1753,1835 1787,1835 1822,1835 1857,1835 1891,1835 1926,1835 1961,1835 1996,1835 2030,1835 2065,1834 2100,1834 2134,1834 2169,1834 2204,1834 2238,1834 2273,1834 2308,1833 2343,1833"/>
                <TextEquiv>
                    <Unicode>masta soln con T’artista lo fa impazzi</Unicode>
                </TextEquiv>
            </TextLine>
            <TextLine id="r1l63" custom="readingOrder {index:62;}">
                <Coords points="919,1845 1635,1848 1635,1807 918,1808"/>
                <Baseline points="939,1838 972,1839 1006,1840 1040,1841 1074,1841 1108,1842 1142,1842 1176,1842 1210,1842 1244,1842 1278,1841 1311,1841 1345,1841 1379,1840 1413,1839 1447,1839 1481,1838 1515,1837 1549,1836 1583,1836 1617,1834"/>
                <TextEquiv>
                    <Unicode>non rlusel per la totale mancanza di</Unicode>
                </TextEquiv>
            </TextLine>
            <TextLine id="r1l64" custom="readingOrder {index:63;}">
                <Coords points="2351,1871 3008,1873 3067,1858 3067,1825 2351,1830"/>
                <Baseline points="2371,1861 2404,1862 2438,1862 2472,1863 2506,1863 2540,1864 2574,1864 2607,1864 2641,1864 2675,1864 2709,1864 2743,1864 2777,1864 2811,1864 2844,1863 2878,1863 2912,1862 2946,1861 2980,1861 3014,1860 3048,1859"/>
                <TextEquiv>
                    <Unicode>bria, si rifiuta e T’attira nel suo pal¬</Unicode>
                </TextEquiv>
            </TextLine>
            <TextLine id="r1l65" custom="readingOrder {index:64;}">
                <Coords points="101,1875 123,1878 134,1874 138,1878 145,1870 156,1870 182,1873 198,1883 220,1882 218,1827 199,1827 192,1835 177,1839 155,1822 147,1826 129,1822 125,1826 99,1827"/>
                <Baseline points="119,1867 145,1866 172,1864 199,1865"/>
                <TextEquiv>
                    <Unicode>Pren¬</Unicode>
                </TextEquiv>
            </TextLine>
            <TextLine id="r1l66" custom="readingOrder {index:65;}">
                <Coords points="203,1866 385,1866 422,1888 466,1865 923,1871 923,1834 871,1823 203,1836"/>
                <Baseline points="222,1865 256,1866 290,1867 324,1868 358,1869 392,1869 426,1869 460,1869 494,1869 528,1869 563,1869 597,1868 631,1868 665,1868 699,1867 733,1867 767,1866 801,1866 835,1866 869,1865 904,1865"/>
                <TextEquiv>
                    <Unicode>te per Tarte ma insufficiente senza</Unicode>
                </TextEquiv>
            </TextLine>
            <TextLine id="r1l67" custom="readingOrder {index:66;}">
                <Coords points="1645,1875 2343,1874 2369,1866 2369,1829 1645,1838"/>
                <Baseline points="1665,1868 1699,1869 1733,1871 1767,1871 1802,1872 1836,1872 1870,1872 1904,1871 1939,1871 1973,1870 2007,1870 2041,1869 2076,1869 2110,1868 2144,1868 2178,1867 2213,1867 2247,1867 2281,1867 2315,1868 2350,1869"/>
                <TextEquiv>
                    <Unicode>re, Goll, che rincasa all’improvviso,</Unicode>
                </TextEquiv>
            </TextLine>
            <TextLine id="r1l68" custom="readingOrder {index:67;}">
                <Coords points="925,1879 1612,1879 1645,1875 1645,1823 925,1846"/>
                <Baseline points="942,1870 976,1872 1010,1873 1044,1875 1078,1876 1113,1876 1147,1877 1181,1877 1215,1877 1249,1877 1284,1876 1318,1876 1352,1875 1386,1874 1420,1874 1455,1873 1489,1872 1523,1871 1557,1870 1591,1869 1626,1869"/>
                <TextEquiv>
                    <Unicode>ccerenza, per il miscuglio senza tran¬</Unicode>
                </TextEquiv>
            </TextLine>
            <TextLine id="r1l69" custom="readingOrder {index:68;}">
                <Coords points="2353,1900 2721,1916 3006,1892 3066,1917 3125,1902 3125,1857 2353,1867"/>
                <Baseline points="2372,1897 2408,1898 2445,1899 2482,1900 2519,1900 2556,1900 2592,1900 2629,1900 2666,1899 2703,1899 2740,1898 2776,1897 2813,1897 2850,1896 2887,1895 2924,1895 2960,1895 2997,1895 3034,1895 3071,1895 3108,1896"/>
                <TextEquiv>
                    <Unicode>cc. Vestita con un blancc costume di#</Unicode>
                </TextEquiv>
            </TextLine>
            <TextLine id="r1l70" custom="readingOrder {index:69;}">
                <Coords points="196,1918 927,1910 926,1873 763,1859 195,1866"/>
                <Baseline points="215,1902 249,1903 284,1904 318,1904 353,1905 388,1905 422,1905 457,1904 492,1904 526,1904 561,1903 596,1903 630,1902 665,1902 700,1901 734,1901 769,1901 804,1901 838,1901 873,1902 908,1903"/>
                <TextEquiv>
                    <Unicode>T’elemento intelle“tuale; i solo che</Unicode>
                </TextEquiv>
            </TextLine>
            <TextLine id="r1l71" custom="readingOrder {index:70;}">
                <Coords points="1635,1914 2355,1908 2355,1875 2325,1871 1635,1873"/>
                <Baseline points="1655,1907 1689,1906 1723,1905 1757,1905 1791,1904 1825,1904 1859,1903 1894,1903 1928,1903 1962,1903 1996,1903 2030,1903 2064,1903 2098,1903 2133,1903 2167,1903 2201,1903 2235,1903 2269,1904 2303,1904 2338,1904"/>
                <TextEquiv>
                    <Unicode>II sorprende, e il furore da cui vien</Unicode>
                </TextEquiv>
            </TextLine>
            <TextLine id="r1l72" custom="readingOrder {index:71;}">
                <Coords points="928,1913 1640,1918 1640,1874 928,1880"/>
                <Baseline points="946,1905 979,1906 1013,1907 1047,1908 1081,1908 1115,1909 1148,1909 1182,1910 1216,1910 1250,1910 1284,1911 1317,1911 1351,1911 1385,1910 1419,1910 1452,1910 1486,1909 1520,1909 1554,1908 1588,1907 1622,1906"/>
                <TextEquiv>
                    <Unicode>sizione di realismo e di inverosimi¬</Unicode>
                </TextEquiv>
            </TextLine>
            <TextLine id="r1l73" custom="readingOrder {index:72;}">
                <Coords points="2351,1943 3112,1933 3112,1903 3004,1893 2351,1895"/>
                <Baseline points="2369,1933 2405,1934 2441,1935 2477,1935 2513,1935 2550,1935 2586,1935 2622,1935 2658,1934 2694,1934 2731,1933 2767,1932 2803,1932 2839,1931 2875,1931 2912,1930 2948,1930 2984,1930 3020,1930 3056,1930 3093,1931"/>
                <TextEquiv>
                    <Unicode>Pierrôt che ie da uno strano sessole</Unicode>
                </TextEquiv>
            </TextLine>
            <TextLine id="r1l74" custom="readingOrder {index:73;}">
                <Coords points="198,1951 925,1941 925,1904 198,1913"/>
                <Baseline points="218,1941 252,1940 286,1939 321,1938 355,1938 389,1937 424,1937 458,1937 492,1937 527,1937 561,1937 595,1936 630,1936 664,1936 698,1936 733,1936 767,1935 801,1935 836,1934 870,1934 905,1933"/>
                <TextEquiv>
                    <Unicode>indichi la maniera di creare T’unita</Unicode>
                </TextEquiv>
            </TextLine>
            <TextLine id="r1l75" custom="readingOrder {index:74;}">
                <Coords points="92,1961 126,1956 133,1963 144,1951 163,1961 166,1957 174,1961 196,1945 214,1944 212,1903 178,1901 168,1909 141,1888 133,1888 123,1900 107,1893 89,1894"/>
                <Baseline points="111,1941 139,1937 168,1935 197,1937"/>
                <TextEquiv>
                    <Unicode>poll</Unicode>
                </TextEquiv>
            </TextLine>
            <TextLine id="r1l76" custom="readingOrder {index:75;}">
                <Coords points="1640,1950 2297,1959 2356,1951 2356,1906 1640,1913"/>
                <Baseline points="1657,1941 1691,1941 1725,1941 1759,1941 1793,1941 1827,1941 1861,1940 1895,1940 1929,1940 1963,1940 1997,1940 2031,1940 2065,1940 2099,1940 2133,1939 2167,1939 2201,1939 2235,1939 2269,1939 2303,1939 2338,1939"/>
                <TextEquiv>
                    <Unicode>preso lo uccide, ed ecco Louleu vedo¬</Unicode>
                </TextEquiv>
            </TextLine>
            <TextLine id="r1l77" custom="readingOrder {index:76;}">
                <Coords points="916,1954 1643,1946 1643,1913 916,1906"/>
                <Baseline points="933,1942 967,1942 1002,1943 1036,1943 1071,1943 1106,1943 1140,1944 1175,1944 1209,1944 1244,1944 1279,1944 1313,1944 1348,1944 1382,1944 1417,1944 1452,1943 1486,1943 1521,1942 1555,1942 1590,1941 1625,1940"/>
                <TextEquiv>
                    <Unicode>glianza delle situazionie dei caratte.</Unicode>
                </TextEquiv>
            </TextLine>
            <TextLine id="r1l78" custom="readingOrder {index:77;}">
                <Coords points="3079,1932 3093,1934 3093,2180 3079,2178"/>
                <Baseline points="3079,1961 3093,1963"/>
                <TextEquiv>
                    <Unicode></Unicode>
                </TextEquiv>
            </TextLine>
            <TextLine id="r1l79" custom="readingOrder {index:78;}">
                <Coords points="2353,1974 3006,1961 3085,1986 3084,1930 3062,1927 2353,1937"/>
                <Baseline points="2370,1970 2404,1970 2439,1970 2474,1971 2508,1970 2543,1970 2578,1970 2612,1970 2647,1969 2682,1969 2717,1968 2751,1968 2786,1967 2821,1967 2855,1966 2890,1966 2925,1966 2959,1965 2994,1965 3029,1965 3064,1966"/>
                <TextEquiv>
                    <Unicode>doppio, ella riesce a far perdere la</Unicode>
                </TextEquiv>
            </TextLine>
            <TextLine id="r1l80" custom="readingOrder {index:79;}">
                <Coords points="201,1969 869,1979 914,1971 914,1937 201,1943"/>
                <Baseline points="221,1971 254,1971 288,1972 322,1972 356,1973 390,1973 423,1973 457,1973 491,1973 525,1973 559,1972 592,1972 626,1972 660,1971 694,1970 727,1970 761,1969 795,1968 829,1968 863,1967 897,1966"/>
                <TextEquiv>
                    <Unicode>Ie la värietà, grazie alle quali si sta¬</Unicode>
                </TextEquiv>
            </TextLine>
            <TextLine id="r1l81" custom="readingOrder {index:80;}">
                <Coords points="1640,1995 1692,1982 1807,1983 1818,1991 1829,1980 1851,1988 1870,1981 1889,1989 1900,1978 1922,1978 1923,1948 1811,1939 1737,1949 1704,1937 1641,1936"/>
                <Baseline points="1660,1973 1686,1975 1713,1976 1740,1977 1767,1977 1794,1977 1821,1977 1848,1978 1875,1978 1902,1979"/>
                <TextEquiv>
                    <Unicode>vae ricca.</Unicode>
                </TextEquiv>
            </TextLine>
            <TextLine id="r1l82" custom="readingOrder {index:81;}">
                <Coords points="912,1988 1643,1988 1643,1948 912,1950"/>
                <Baseline points="930,1975 964,1976 999,1976 1034,1977 1069,1978 1103,1978 1138,1979 1173,1979 1208,1979 1242,1979 1277,1980 1312,1980 1347,1980 1381,1980 1416,1980 1451,1980 1486,1980 1520,1980 1555,1980 1590,1980 1625,1980"/>
                <TextEquiv>
                    <Unicode>ri malgrado i lampj gulzzanti dalla</Unicode>
                </TextEquiv>
            </TextLine>
            <TextLine id="r1l83" custom="readingOrder {index:82;}">
                <Coords points="2359,2008 3049,2008 3079,2004 3078,1952 2926,1973 2358,1971"/>
                <Baseline points="2379,2005 2413,2005 2447,2005 2481,2005 2515,2005 2549,2005 2583,2005 2617,2005 2651,2004 2685,2004 2720,2004 2754,2003 2788,2003 2822,2002 2856,2001 2890,2000 2924,1999 2958,1998 2992,1996 3026,1995 3061,1993"/>
                <TextEquiv>
                    <Unicode>testà a Schsen che fino a quel momen¬</Unicode>
                </TextEquiv>
            </TextLine>
            <TextLine id="r1l84" custom="readingOrder {index:83;}">
                <Coords points="196,2017 563,2003 608,2021 630,2002 708,2020 793,2001 827,2019 916,2011 916,1963 196,1969"/>
                <Baseline points="215,2006 249,2006 283,2006 317,2007 351,2007 385,2007 419,2007 453,2007 487,2007 521,2007 556,2007 590,2007 624,2006 658,2006 692,2005 726,2004 760,2003 794,2003 828,2002 862,2000 897,1999"/>
                <TextEquiv>
                    <Unicode>bilisce un legame di simpatia fra 11</Unicode>
                </TextEquiv>
            </TextLine>
            <TextLine id="r1l85" custom="readingOrder {index:84;}">
                <Coords points="151,2012 172,2018 177,2015 202,2022 213,1983 195,1978 185,1960 167,1954"/>
                <Baseline points="174,2003 188,2007"/>
                <TextEquiv>
                    <Unicode>a</Unicode>
                </TextEquiv>
            </TextLine>
            <TextLine id="r1l86" custom="readingOrder {index:85;}">
                <Coords points="89,2035 111,2032 118,2027 125,2030 129,2025 133,2029 155,2025 146,1967 117,1971 101,1988 82,1991"/>
                <Baseline points="104,2010 132,2006"/>
                <TextEquiv>
                    <Unicode>7110</Unicode>
                </TextEquiv>
            </TextLine>
            <TextLine id="r1l87" custom="readingOrder {index:86;}">
                <Coords points="918,2012 1642,2031 1642,1964 1412,1989 918,1983"/>
                <Baseline points="937,2010 971,2010 1005,2011 1040,2012 1074,2013 1109,2013 1143,2014 1177,2014 1212,2014 1246,2015 1281,2015 1315,2015 1349,2015 1384,2015 1418,2015 1453,2015 1487,2015 1521,2014 1556,2014 1590,2013 1625,2013"/>
                <TextEquiv>
                    <Unicode>intromissione dell’autore nella psico</Unicode>
                </TextEquiv>
            </TextLine>
            <TextLine id="r1l88" custom="readingOrder {index:87;}">
                <Coords points="1660,2020 2354,2027 2354,1979 1660,1987"/>
                <Baseline points="1679,2018 1711,2018 1744,2017 1777,2017 1810,2017 1843,2017 1876,2018 1909,2018 1942,2018 1975,2018 2008,2018 2040,2019 2073,2019 2106,2019 2139,2019 2172,2020 2205,2020 2238,2020 2271,2020 2304,2020 2337,2019"/>
                <TextEquiv>
                    <Unicode>Louleu ha sposato Schwarz, e colla</Unicode>
                </TextEquiv>
            </TextLine>
            <TextLine id="r1l89" custom="readingOrder {index:88;}">
                <Coords points="2364,2046 2992,2030 3081,2055 3080,1989 3032,1985 2865,2013 2364,2009"/>
                <Baseline points="2382,2039 2417,2039 2453,2039 2489,2039 2524,2039 2560,2039 2596,2039 2632,2039 2667,2039 2703,2040 2739,2040 2775,2040 2810,2039 2846,2039 2882,2038 2918,2037 2953,2036 2989,2035 3025,2033 3061,2031"/>
                <TextEquiv>
                    <Unicode>to s’era difeso contro i lei molto be¬</Unicode>
                </TextEquiv>
            </TextLine>
            <TextLine id="r1l90" custom="readingOrder {index:89;}">
                <Coords points="209,2051 688,2052 706,2033 888,2051 914,2043 914,2002 209,2014"/>
                <Baseline points="229,2044 262,2042 295,2041 329,2040 362,2039 396,2039 429,2039 462,2039 496,2039 529,2039 563,2040 596,2040 629,2041 663,2041 696,2040 730,2040 763,2040 796,2039 830,2037 863,2035 897,2032"/>
                <TextEquiv>
                    <Unicode>pubblicoe T'artiste. Non basta sor¬</Unicode>
                </TextEquiv>
            </TextLine>
            <TextLine id="r1l91" custom="readingOrder {index:90;}">
                <Coords points="913,2053 950,2064 976,2049 1013,2060 1143,2049 1187,2064 1213,2049 1354,2060 1395,2049 1395,2019 1347,2015 913,2012"/>
                <Baseline points="930,2046 956,2047 982,2048 1008,2049 1034,2049 1061,2049 1087,2049 1113,2049 1139,2049 1166,2049 1192,2048 1218,2048 1244,2048 1271,2048 1297,2048 1323,2048 1349,2048 1376,2049"/>
                <TextEquiv>
                    <Unicode>logia degli adolescenti,</Unicode>
                </TextEquiv>
            </TextLine>
            <TextLine id="r1l92" custom="readingOrder {index:91;}">
                <Coords points="1625,2060 2356,2054 2356,2020 1695,2026 1625,2004"/>
                <Baseline points="1644,2054 1678,2054 1713,2054 1747,2054 1782,2054 1817,2054 1851,2054 1886,2054 1920,2054 1955,2054 1990,2055 2024,2055 2059,2055 2093,2055 2128,2055 2163,2055 2197,2055 2232,2055 2266,2055 2301,2055 2336,2055"/>
                <TextEquiv>
                    <Unicode>sua sfrontata civetteria ella ha favori¬</Unicode>
                </TextEquiv>
            </TextLine>
            <TextLine id="r1l93" custom="readingOrder {index:92;}">
                <Coords points="2359,2081 3064,2081 3064,2040 2359,2044"/>
                <Baseline points="2378,2074 2411,2075 2444,2075 2478,2075 2511,2075 2545,2075 2578,2075 2611,2075 2645,2075 2678,2074 2712,2074 2745,2073 2778,2073 2812,2072 2845,2072 2879,2071 2912,2071 2945,2070 2979,2070 3012,2069 3046,2069"/>
                <TextEquiv>
                    <Unicode>ne. Piegato da quel diabolico andro¬</Unicode>
                </TextEquiv>
            </TextLine>
            <TextLine id="r1l94" custom="readingOrder {index:93;}">
                <Coords points="201,2092 888,2088 921,2073 921,2036 201,2044"/>
                <Baseline points="221,2076 255,2076 289,2076 323,2076 357,2076 391,2076 425,2076 459,2076 493,2076 527,2076 562,2076 596,2076 630,2075 664,2075 698,2075 732,2074 766,2074 800,2074 834,2073 868,2072 903,2071"/>
                <TextEquiv>
                    <Unicode>prendere, bisogna legare Tinteresse.</Unicode>
                </TextEquiv>
            </TextLine>
            <TextLine id="r1l95" custom="readingOrder {index:94;}">
                <Coords points="945,2085 1643,2088 1643,2051 1609,2036 1357,2058 945,2048"/>
                <Baseline points="962,2083 995,2084 1028,2084 1061,2085 1094,2085 1127,2085 1160,2085 1194,2085 1227,2085 1260,2085 1293,2084 1326,2084 1359,2084 1392,2084 1426,2084 1459,2084 1492,2084 1525,2084 1558,2084 1591,2084 1625,2084"/>
                <TextEquiv>
                    <Unicode>Il edemone della terras basato sul¬</Unicode>
                </TextEquiv>
            </TextLine>
            <TextLine id="r1l96" custom="readingOrder {index:95;}">
                <Coords points="1634,2098 2298,2100 2362,2085 2362,2056 1634,2057"/>
                <Baseline points="1653,2089 1687,2089 1722,2089 1756,2089 1791,2090 1825,2090 1860,2090 1894,2091 1929,2091 1963,2091 1998,2091 2032,2092 2067,2092 2101,2092 2136,2092 2170,2092 2205,2091 2239,2091 2274,2091 2308,2090 2343,2089"/>
                <TextEquiv>
                    <Unicode>to gli interessi del marito. Essi sono</Unicode>
                </TextEquiv>
            </TextLine>
            <TextLine id="r1l97" custom="readingOrder {index:96;}">
                <Coords points="2355,2119 3075,2116 3074,2067 2354,2071"/>
                <Baseline points="2373,2110 2407,2111 2441,2111 2475,2111 2509,2111 2543,2111 2577,2111 2611,2111 2645,2110 2679,2110 2714,2109 2748,2109 2782,2108 2816,2108 2850,2107 2884,2107 2918,2106 2952,2106 2986,2106 3020,2106 3055,2106"/>
                <TextEquiv>
                    <Unicode>gine tutto fremente di concupiscenza,</Unicode>
                </TextEquiv>
            </TextLine>
            <TextLine id="r1l98" custom="readingOrder {index:97;}">
                <Coords points="96,2118 122,2116 126,2120 159,2117 156,2076 130,2078 123,2083 115,2083 111,2080 93,2081"/>
                <Baseline points="114,2114 141,2112"/>
                <TextEquiv>
                    <Unicode>den</Unicode>
                </TextEquiv>
            </TextLine>
            <TextLine id="r1l99" custom="readingOrder {index:98;}">
                <Coords points="231,2119 914,2128 913,2076 231,2082"/>
                <Baseline points="249,2117 281,2117 313,2117 345,2117 378,2117 410,2117 442,2117 475,2117 507,2117 539,2117 572,2117 604,2117 636,2117 668,2117 701,2117 733,2117 765,2117 798,2116 830,2116 862,2115 895,2115"/>
                <TextEquiv>
                    <Unicode>II francese o l’inglese dice: &amp; Ecco</Unicode>
                </TextEquiv>
            </TextLine>
            <TextLine id="r1l100" custom="readingOrder {index:99;}">
                <Coords points="911,2118 1646,2127 1646,2086 975,2092 949,2066 912,2073"/>
                <Baseline points="931,2116 965,2117 1000,2118 1035,2118 1070,2119 1105,2119 1140,2120 1174,2120 1209,2120 1244,2120 1279,2120 1314,2120 1349,2120 1384,2120 1418,2120 1453,2120 1488,2119 1523,2119 1558,2119 1593,2119 1628,2120"/>
                <TextEquiv>
                    <Unicode>la medesima formiula é pertanto piu</Unicode>
                </TextEquiv>
            </TextLine>
            <TextLine id="r1l101" custom="readingOrder {index:100;}">
                <Coords points="1642,2129 2362,2129 2362,2088 1642,2088"/>
                <Baseline points="1659,2123 1693,2124 1727,2124 1761,2124 1795,2125 1829,2125 1863,2125 1898,2126 1932,2126 1966,2126 2000,2126 2034,2126 2068,2126 2102,2126 2137,2125 2171,2125 2205,2125 2239,2124 2273,2124 2307,2123 2342,2122"/>
                <TextEquiv>
                    <Unicode>ricchie il pittore quasi celebre. Ma vi</Unicode>
                </TextEquiv>
            </TextLine>
            <TextLine id="r1l102" custom="readingOrder {index:101;}">
                <Coords points="2360,2151 2724,2156 2772,2137 2809,2156 2988,2154 3069,2143 3069,2094 2360,2114"/>
                <Baseline points="2377,2145 2410,2145 2444,2145 2477,2145 2511,2145 2545,2145 2578,2145 2612,2145 2646,2145 2679,2145 2713,2145 2747,2145 2780,2145 2814,2145 2848,2144 2881,2144 2915,2143 2949,2142 2982,2141 3016,2140 3050,2138"/>
                <TextEquiv>
                    <Unicode>Schsen, vinto scrive una lettere di¬</Unicode>
                </TextEquiv>
            </TextLine>
            <TextLine id="r1l103" custom="readingOrder {index:102;}">
                <Coords points="95,2154 147,2151 151,2155 170,2152 173,2156 203,2156 204,2119 96,2117"/>
                <Baseline points="116,2145 151,2146 186,2146"/>
                <TextEquiv>
                    <Unicode>utro</Unicode>
                </TextEquiv>
            </TextLine>
            <TextLine id="r1l104" custom="readingOrder {index:103;}">
                <Coords points="206,2160 915,2157 915,2124 814,2116 206,2119"/>
                <Baseline points="226,2155 259,2154 293,2154 326,2154 360,2153 393,2154 427,2154 460,2154 494,2155 527,2155 561,2155 595,2156 628,2156 662,2156 695,2156 729,2156 762,2156 796,2155 829,2154 863,2153 897,2151"/>
                <TextEquiv>
                    <Unicode>come 1o descrivo gli oggettis, il te¬</Unicode>
                </TextEquiv>
            </TextLine>
            <TextLine id="r1l105" custom="readingOrder {index:104;}">
                <Coords points="913,2166 1659,2164 1659,2123 1637,2119 913,2118"/>
                <Baseline points="930,2150 965,2151 1001,2152 1036,2153 1072,2154 1107,2154 1143,2155 1178,2155 1214,2155 1249,2156 1285,2156 1320,2156 1356,2156 1391,2156 1427,2156 1462,2156 1498,2156 1533,2156 1569,2156 1604,2156 1640,2157"/>
                <TextEquiv>
                    <Unicode>serrato e piü breve. In questo e nella</Unicode>
                </TextEquiv>
            </TextLine>
            <TextLine id="r1l106" custom="readingOrder {index:105;}">
                <Coords points="1641,2166 2339,2163 2365,2156 2365,2122 1641,2129"/>
                <Baseline points="1659,2157 1693,2158 1727,2159 1762,2159 1796,2160 1830,2160 1865,2160 1899,2161 1933,2161 1968,2161 2002,2161 2036,2161 2071,2161 2105,2161 2139,2161 2174,2161 2208,2160 2242,2160 2277,2159 2311,2159 2346,2158"/>
                <TextEquiv>
                    <Unicode>e un'ombra nella vita di Louleu.Il suo</Unicode>
                </TextEquiv>
            </TextLine>
            <TextLine id="r1l107" custom="readingOrder {index:106;}">
                <Coords points="83,2182 176,2186 195,2197 213,2197 213,2145 195,2145 176,2153 132,2153 128,2149 121,2153 83,2153"/>
                <Baseline points="102,2181 133,2179 164,2179 196,2181"/>
                <TextEquiv>
                    <Unicode>Wiem¬</Unicode>
                </TextEquiv>
            </TextLine>
            <TextLine id="r1l108" custom="readingOrder {index:107;}">
                <Coords points="1641,2204 3029,2182 3088,2177 3087,2132 1640,2163"/>
                <Baseline points="1661,2193 1731,2194 1801,2195 1872,2196 1942,2196 2012,2195 2083,2194 2153,2193 2223,2191 2294,2190 2364,2188 2434,2186 2505,2184 2575,2182 2645,2180 2716,2178 2786,2177 2856,2176 2927,2175 2997,2174 3068,2174"/>
                <TextEquiv>
                    <Unicode>pseudo genitore, il vecchio Cchemien #rottura vergognosa alla fidanzatz, E¬</Unicode>
                </TextEquiv>
            </TextLine>
            <TextLine id="r1l109" custom="readingOrder {index:108;}">
                <Coords points="911,2196 1642,2194 1642,2160 1527,2153 911,2155"/>
                <Baseline points="931,2186 965,2187 1000,2188 1035,2189 1069,2189 1104,2190 1139,2190 1173,2191 1208,2191 1243,2191 1278,2191 1312,2192 1347,2191 1382,2191 1416,2191 1451,2191 1486,2190 1520,2190 1555,2189 1590,2189 1625,2188"/>
                <TextEquiv>
                    <Unicode>sua continnazicne (La scatola di Ran¬</Unicode>
                </TextEquiv>
            </TextLine>
            <TextLine id="r1l110" custom="readingOrder {index:109;}">
                <Coords points="211,2194 890,2197 927,2193 927,2160 211,2161"/>
                <Baseline points="230,2187 263,2187 297,2188 331,2188 365,2188 399,2189 433,2189 467,2189 501,2190 535,2190 569,2190 602,2191 636,2191 670,2191 704,2191 738,2191 772,2190 806,2190 840,2189 874,2189 908,2188"/>
                <TextEquiv>
                    <Unicode>desco invece: „Vedete come mi col¬</Unicode>
                </TextEquiv>
            </TextLine>
            <TextLine id="r1l111" custom="readingOrder {index:110;}">
                <Coords points="90,2224 112,2224 116,2220 142,2232 157,2221 205,2217 205,2184 120,2187 116,2183 113,2187 90,2187"/>
                <Baseline points="107,2213 133,2213 160,2214 187,2213"/>
                <TextEquiv>
                    <Unicode>azio-</Unicode>
                </TextEquiv>
            </TextLine>
            <TextLine id="r1l112" custom="readingOrder {index:111;}">
                <Coords points="1642,2236 3056,2219 3067,2174 1641,2187"/>
                <Baseline points="1662,2228 1731,2229 1800,2230 1870,2231 1939,2231 2009,2230 2078,2229 2147,2228 2217,2227 2286,2225 2356,2224 2425,2222 2494,2220 2564,2218 2633,2216 2703,2215 2772,2213 2841,2212 2911,2212 2980,2211 3050,2211"/>
                <TextEquiv>
                    <Unicode>Schigelch Pha scovata e viene à ram. glié perduto. Loleu finisse col domare</Unicode>
                </TextEquiv>
            </TextLine>
            <TextLine id="r1l113" custom="readingOrder {index:112;}">
                <Coords points="209,2234 922,2228 922,2176 209,2193"/>
                <Baseline points="229,2223 262,2223 296,2223 330,2223 363,2223 397,2223 431,2223 464,2223 498,2224 532,2224 566,2224 599,2224 633,2224 667,2224 700,2223 734,2223 768,2223 801,2222 835,2221 869,2221 903,2220"/>
                <TextEquiv>
                    <Unicode>piscono questi oggettis. Questa frase</Unicode>
                </TextEquiv>
            </TextLine>
            <TextLine id="r1l114" custom="readingOrder {index:113;}">
                <Coords points="911,2225 1642,2235 1642,2194 911,2196"/>
                <Baseline points="929,2222 963,2222 998,2223 1033,2223 1068,2224 1103,2224 1137,2224 1172,2225 1207,2225 1242,2225 1277,2226 1311,2226 1346,2226 1381,2226 1416,2226 1451,2225 1485,2225 1520,2225 1555,2224 1590,2223 1625,2223"/>
                <TextEquiv>
                    <Unicode>deres che fanno un dramma solo s’in</Unicode>
                </TextEquiv>
            </TextLine>
            <TextLine id="r1l115" custom="readingOrder {index:114;}">
                <Coords points="3064,2257 3082,2259 3086,2263 3097,2256 3104,2264 3126,2266 3135,2158 3113,2157 3096,2137 3073,2135"/>
                <Baseline points="3083,2238 3111,2240"/>
                <TextEquiv>
                    <Unicode></Unicode>
                </TextEquiv>
            </TextLine>
            <TextLine id="r1l116" custom="readingOrder {index:115;}">
                <Coords points="103,2258 129,2257 132,2253 144,2260 177,2255 184,2259 207,2258 205,2217 179,2218 176,2222 149,2216 101,2217"/>
                <Baseline points="120,2250 153,2249 186,2248"/>
                <TextEquiv>
                    <Unicode>e in</Unicode>
                </TextEquiv>
            </TextLine>
            <TextLine id="r1l117" custom="readingOrder {index:116;}">
                <Coords points="208,2263 879,2265 920,2257 920,2228 207,2230"/>
                <Baseline points="225,2254 258,2255 292,2256 326,2257 360,2258 394,2258 428,2258 462,2259 496,2259 530,2259 564,2259 597,2259 631,2258 665,2258 699,2257 733,2257 767,2256 801,2255 835,2255 869,2253 903,2253"/>
                <TextEquiv>
                    <Unicode>scritta nei giornale intimo di Eenia¬</Unicode>
                </TextEquiv>
            </TextLine>
            <TextLine id="r1l118" custom="readingOrder {index:117;}">
                <Coords points="1638,2274 3070,2254 3070,2209 1637,2233"/>
                <Baseline points="1657,2263 1726,2264 1796,2265 1866,2265 1936,2265 2005,2264 2075,2263 2145,2262 2215,2261 2284,2260 2354,2258 2424,2257 2494,2255 2563,2253 2633,2252 2703,2250 2773,2249 2842,2247 2912,2246 2982,2246 3052,2245"/>
                <TextEquiv>
                    <Unicode>mentarle Tambiente fangose dondel Complctamente il disgraziato Schsen</Unicode>
                </TextEquiv>
            </TextLine>
            <TextLine id="r1l119" custom="readingOrder {index:118;}">
                <Coords points="921,2265 1637,2264 1637,2231 1593,2227 921,2227"/>
                <Baseline points="940,2257 973,2258 1007,2258 1041,2259 1075,2259 1109,2259 1143,2260 1177,2261 1211,2261 1245,2261 1279,2262 1312,2262 1346,2262 1380,2262 1414,2262 1448,2262 1482,2261 1516,2261 1550,2261 1584,2260 1618,2259"/>
                <TextEquiv>
                    <Unicode>catena una lunga serie di peripezie.</Unicode>
                </TextEquiv>
            </TextLine>
            <TextLine id="r1l120" custom="readingOrder {index:119;}">
                <Coords points="2365,2292 3078,2278 3077,2241 3040,2234 2365,2255"/>
                <Baseline points="2382,2286 2417,2286 2453,2286 2489,2286 2524,2286 2560,2286 2596,2286 2632,2286 2667,2286 2703,2286 2739,2286 2775,2286 2810,2286 2846,2285 2882,2284 2918,2284 2953,2282 2989,2281 3025,2280 3061,2278"/>
                <TextEquiv>
                    <Unicode>e converte la sua casu un lupanare</Unicode>
                </TextEquiv>
            </TextLine>
            <TextLine id="r1l121" custom="readingOrder {index:120;}">
                <Coords points="215,2297 902,2301 928,2297 928,2253 215,2256"/>
                <Baseline points="232,2290 265,2291 299,2291 333,2292 367,2292 401,2292 434,2292 468,2292 502,2293 536,2293 570,2293 603,2292 637,2292 671,2292 705,2292 738,2292 772,2292 806,2292 840,2291 874,2291 908,2291"/>
                <TextEquiv>
                    <Unicode>min Constant, i1 piü europeo dei fran</Unicode>
                </TextEquiv>
            </TextLine>
            <TextLine id="r1l122" custom="readingOrder {index:121;}">
                <Coords points="929,2301 1645,2305 1645,2260 1623,2256 929,2261"/>
                <Baseline points="946,2294 980,2294 1014,2294 1048,2294 1082,2294 1116,2295 1150,2295 1184,2296 1218,2296 1252,2296 1287,2297 1321,2297 1355,2297 1389,2297 1423,2297 1457,2297 1491,2297 1525,2297 1559,2296 1593,2296 1628,2295"/>
                <TextEquiv>
                    <Unicode>Quest'ultimo riprende i1 personaggio</Unicode>
                </TextEquiv>
            </TextLine>
            <TextLine id="r1l123" custom="readingOrder {index:122;}">
                <Coords points="1639,2302 1985,2313 2074,2294 2203,2298 2241,2320 2356,2302 2356,2269 2189,2254 1639,2268"/>
                <Baseline points="1657,2297 1692,2298 1728,2298 1764,2298 1799,2299 1835,2299 1871,2299 1907,2299 1942,2300 1978,2300 2014,2300 2050,2300 2085,2300 2121,2299 2157,2299 2193,2299 2228,2299 2264,2298 2300,2298 2336,2297"/>
                <TextEquiv>
                    <Unicode>ella é uscita. Schsen é per Louleu</Unicode>
                </TextEquiv>
            </TextLine>
            <TextLine id="r1l124" custom="readingOrder {index:123;}">
                <Coords points="2348,2321 3042,2324 3075,2316 3075,2271 2347,2280"/>
                <Baseline points="2367,2323 2401,2322 2435,2322 2470,2322 2504,2321 2539,2321 2573,2321 2608,2321 2642,2321 2677,2320 2711,2320 2745,2320 2780,2320 2814,2319 2849,2319 2883,2318 2918,2317 2952,2316 2987,2315 3021,2314 3056,2312"/>
                <TextEquiv>
                    <Unicode>ove clla regna fra nomini e femmine</Unicode>
                </TextEquiv>
            </TextLine>
            <TextLine id="r1l125" custom="readingOrder {index:124;}">
                <Coords points="204,2331 917,2330 917,2296 843,2292 204,2294"/>
                <Baseline points="223,2322 256,2323 290,2323 324,2324 358,2325 391,2325 425,2326 459,2327 493,2327 526,2327 560,2328 594,2328 628,2328 661,2328 695,2327 729,2327 763,2326 796,2326 830,2325 864,2324 898,2323"/>
                <TextEquiv>
                    <Unicode>cesi, uno di coloro che hanno cono¬</Unicode>
                </TextEquiv>
            </TextLine>
            <TextLine id="r1l126" custom="readingOrder {index:125;}">
                <Coords points="921,2341 1637,2336 1637,2299 921,2296"/>
                <Baseline points="939,2330 973,2329 1007,2329 1041,2329 1075,2330 1109,2330 1143,2330 1177,2331 1211,2331 1245,2331 1279,2332 1313,2332 1347,2332 1381,2332 1415,2332 1449,2332 1483,2332 1517,2331 1551,2331 1585,2330 1619,2329"/>
                <TextEquiv>
                    <Unicode>principale Louleu la femmina fatule</Unicode>
                </TextEquiv>
            </TextLine>
            <TextLine id="r1l127" custom="readingOrder {index:126;}">
                <Coords points="1641,2343 2361,2338 2361,2297 1641,2295"/>
                <Baseline points="1659,2333 1693,2333 1727,2333 1761,2333 1796,2333 1830,2334 1864,2334 1898,2334 1933,2335 1967,2335 2001,2335 2035,2335 2070,2336 2104,2336 2138,2336 2172,2336 2207,2335 2241,2335 2275,2334 2309,2334 2344,2333"/>
                <TextEquiv>
                    <Unicode>T’uomo brillante, dominatore, colui</Unicode>
                </TextEquiv>
            </TextLine>
            <TextLine id="r1l128" custom="readingOrder {index:127;}">
                <Coords points="3066,2349 3103,2347 3107,2343 3122,2346 3125,2342 3129,2346 3148,2345 3142,2230 3116,2231 3093,2214 3059,2216"/>
                <Baseline points="3086,2342 3130,2340"/>
                <TextEquiv>
                    <Unicode>4</Unicode>
                </TextEquiv>
            </TextLine>
            <TextLine id="r1l129" custom="readingOrder {index:128;}">
                <Coords points="91,2357 117,2357 128,2365 136,2358 177,2359 199,2371 217,2371 221,2253 150,2262 135,2254 94,2256"/>
                <Baseline points="112,2351 141,2352 170,2351 200,2355"/>
                <TextEquiv>
                    <Unicode>25</Unicode>
                </TextEquiv>
            </TextLine>
            <TextLine id="r1l130" custom="readingOrder {index:129;}">
                <Coords points="2349,2364 3065,2362 3069,2313 2349,2324"/>
                <Baseline points="2367,2358 2401,2358 2435,2357 2469,2357 2503,2357 2537,2356 2571,2356 2605,2356 2639,2355 2673,2355 2708,2355 2742,2354 2776,2354 2810,2354 2844,2354 2878,2353 2912,2353 2946,2353 2980,2352 3014,2352 3049,2351"/>
                <TextEquiv>
                    <Unicode>In cut St., Jata sowvracccltazlor: fa le</Unicode>
                </TextEquiv>
            </TextLine>
            <TextLine id="r1l131" custom="readingOrder {index:130;}">
                <Coords points="199,2371 923,2367 923,2330 897,2326 199,2330"/>
                <Baseline points="218,2357 252,2358 286,2360 321,2360 355,2361 390,2362 424,2362 458,2363 493,2363 527,2363 562,2363 596,2363 630,2362 665,2362 699,2361 734,2361 768,2360 802,2360 837,2359 871,2358 906,2358"/>
                <TextEquiv>
                    <Unicode>sciuto a fondo la Germania, l'inghil¬</Unicode>
                </TextEquiv>
            </TextLine>
            <TextLine id="r1l132" custom="readingOrder {index:131;}">
                <Coords points="921,2369 1210,2358 1251,2388 1303,2366 1645,2370 1645,2333 921,2332"/>
                <Baseline points="939,2362 973,2363 1007,2364 1042,2366 1076,2366 1110,2367 1145,2367 1179,2368 1213,2368 1248,2368 1282,2368 1316,2368 1351,2368 1385,2368 1419,2368 1454,2367 1488,2367 1522,2366 1557,2365 1591,2364 1626,2363"/>
                <TextEquiv>
                    <Unicode>e la conduce fino alla sun morte a</Unicode>
                </TextEquiv>
            </TextLine>
            <TextLine id="r1l133" custom="readingOrder {index:132;}">
                <Coords points="1642,2377 2343,2374 2366,2370 2366,2318 1642,2321"/>
                <Baseline points="1662,2370 1696,2369 1730,2369 1764,2368 1798,2368 1833,2368 1867,2368 1901,2368 1935,2369 1969,2369 2004,2369 2038,2369 2072,2370 2106,2370 2140,2370 2175,2370 2209,2370 2243,2369 2277,2369 2311,2368 2346,2367"/>
                <TextEquiv>
                    <Unicode>che conosce una parte del segreto del</Unicode>
                </TextEquiv>
            </TextLine>
            <TextLine id="r1l134" custom="readingOrder {index:133;}">
                <Coords points="3071,2397 3093,2396 3097,2392 3104,2392 3125,2372 3148,2371 3146,2338 3120,2339 3116,2343 3105,2344 3098,2344 3090,2337 3068,2338"/>
                <Baseline points="3089,2377 3131,2375"/>
                <TextEquiv>
                    <Unicode>8</Unicode>
                </TextEquiv>
            </TextLine>
            <TextLine id="r1l135" custom="readingOrder {index:134;}">
                <Coords points="2361,2398 3010,2401 3073,2393 3073,2349 2360,2353"/>
                <Baseline points="2380,2390 2413,2390 2447,2390 2480,2390 2514,2390 2548,2390 2581,2390 2615,2390 2649,2390 2682,2390 2716,2390 2750,2390 2783,2390 2817,2390 2851,2389 2884,2389 2918,2388 2952,2387 2985,2387 3019,2385 3053,2384"/>
                <TextEquiv>
                    <Unicode>sue delim Schsen vergognoso della</Unicode>
                </TextEquiv>
            </TextLine>
            <TextLine id="r1l136" custom="readingOrder {index:135;}">
                <Coords points="203,2394 641,2409 812,2390 882,2409 923,2398 923,2350 203,2364"/>
                <Baseline points="222,2393 256,2393 290,2394 324,2394 358,2394 392,2395 426,2395 460,2395 494,2395 528,2396 563,2396 597,2396 631,2396 665,2396 699,2396 733,2395 767,2395 801,2394 835,2394 869,2393 904,2392"/>
                <TextEquiv>
                    <Unicode>terra e la Francia, é sempre vera.</Unicode>
                </TextEquiv>
            </TextLine>
            <TextLine id="r1l137" custom="readingOrder {index:136;}">
                <Coords points="916,2401 1150,2419 1187,2400 1647,2405 1647,2372 1602,2361 1235,2377 1209,2359 916,2360"/>
                <Baseline points="933,2398 967,2399 1002,2400 1037,2401 1072,2402 1106,2402 1141,2403 1176,2403 1211,2403 1245,2402 1280,2402 1315,2401 1350,2401 1384,2400 1419,2400 1454,2399 1489,2399 1523,2399 1558,2398 1593,2398 1628,2398"/>
                <TextEquiv>
                    <Unicode>Londra sotto il pugnale di Juck lo</Unicode>
                </TextEquiv>
            </TextLine>
            <TextLine id="r1l138" custom="readingOrder {index:137;}">
                <Coords points="1642,2410 2106,2401 2180,2419 2198,2401 2217,2419 2358,2407 2358,2374 1942,2376 1894,2357 1642,2377"/>
                <Baseline points="1662,2405 1695,2406 1729,2406 1763,2406 1797,2406 1831,2406 1864,2406 1898,2406 1932,2406 1966,2406 2000,2406 2033,2406 2067,2406 2101,2406 2135,2405 2168,2405 2202,2405 2236,2404 2270,2404 2304,2403 2338,2403"/>
                <TextEquiv>
                    <Unicode>suo dubbioso passato. Essi parlano</Unicode>
                </TextEquiv>
            </TextLine>
            <TextLine id="r1l139" custom="readingOrder {index:138;}">
                <Coords points="90,2428 135,2425 160,2429 172,2425 190,2429 201,2441 220,2441 220,2370 202,2370 191,2362 165,2358 157,2362 154,2358 131,2362 91,2358"/>
                <Baseline points="110,2419 140,2420 170,2419 200,2421"/>
                <TextEquiv>
                    <Unicode>ins¬</Unicode>
                </TextEquiv>
            </TextLine>
            <TextLine id="r1l140" custom="readingOrder {index:139;}">
                <Coords points="2362,2433 3079,2435 3078,2379 3056,2376 2362,2389"/>
                <Baseline points="2380,2425 2415,2426 2451,2426 2487,2427 2522,2427 2558,2427 2594,2427 2630,2427 2665,2427 2701,2426 2737,2426 2773,2425 2808,2425 2844,2424 2880,2424 2916,2423 2951,2423 2987,2422 3023,2421 3059,2421"/>
                <TextEquiv>
                    <Unicode>sta posizicne, pensa a sbarazzersi di</Unicode>
                </TextEquiv>
            </TextLine>
            <TextLine id="r1l141" custom="readingOrder {index:140;}">
                <Coords points="213,2435 918,2439 918,2398 213,2398"/>
                <Baseline points="231,2427 264,2428 297,2428 331,2429 364,2429 398,2429 431,2429 465,2429 498,2429 532,2429 565,2429 598,2428 632,2428 665,2428 699,2428 732,2428 766,2428 799,2429 833,2429 866,2430 900,2431"/>
                <TextEquiv>
                    <Unicode>Galswerthy descrive nettamente 1</Unicode>
                </TextEquiv>
            </TextLine>
            <TextLine id="r1l142" custom="readingOrder {index:141;}">
                <Coords points="915,2441 1624,2444 1646,2441 1646,2381 915,2397"/>
                <Baseline points="935,2434 969,2435 1004,2436 1038,2437 1073,2437 1107,2438 1142,2438 1176,2438 1211,2438 1245,2438 1280,2438 1315,2438 1349,2438 1384,2437 1418,2437 1453,2437 1487,2436 1522,2436 1556,2436 1591,2435 1626,2435"/>
                <TextEquiv>
                    <Unicode>sventratore, In questo espressionismo</Unicode>
                </TextEquiv>
            </TextLine>
            <TextLine id="r1l143" custom="readingOrder {index:142;}">
                <Coords points="1639,2445 1891,2455 1914,2436 2025,2450 2166,2431 2359,2448 2359,2400 1639,2405"/>
                <Baseline points="1657,2441 1691,2442 1725,2442 1759,2442 1793,2442 1828,2442 1862,2442 1896,2442 1930,2442 1964,2441 1999,2441 2033,2441 2067,2440 2101,2440 2135,2440 2170,2439 2204,2439 2238,2439 2272,2438 2306,2438 2341,2437"/>
                <TextEquiv>
                    <Unicode>troppo forte e 11 candido Schwarz</Unicode>
                </TextEquiv>
            </TextLine>
            <TextLine id="r1l144" custom="readingOrder {index:143;}">
                <Coords points="86,2467 105,2467 108,2463 131,2467 172,2459 194,2470 212,2470 212,2411 186,2415 160,2411 145,2426 130,2426 119,2415 104,2426 86,2427"/>
                <Baseline points="104,2458 133,2457 162,2456 192,2458"/>
                <TextEquiv>
                    <Unicode>Fante</Unicode>
                </TextEquiv>
            </TextLine>
            <TextLine id="r1l145" custom="readingOrder {index:144;}">
                <Coords points="2352,2470 2983,2457 3087,2475 3086,2408 2935,2432 2352,2425"/>
                <Baseline points="2370,2462 2404,2461 2439,2461 2474,2461 2509,2461 2544,2461 2579,2461 2614,2461 2649,2461 2684,2461 2719,2461 2753,2461 2788,2461 2823,2460 2858,2460 2893,2459 2928,2458 2963,2457 2998,2456 3033,2455 3068,2453"/>
                <TextEquiv>
                    <Unicode>un colpo della donna e dell'abbomine-</Unicode>
                </TextEquiv>
            </TextLine>
            <TextLine id="r1l146" custom="readingOrder {index:145;}">
                <Coords points="213,2468 922,2474 922,2437 863,2429 213,2435"/>
                <Baseline points="230,2463 263,2463 297,2462 331,2462 364,2462 398,2462 432,2462 465,2462 499,2463 533,2463 567,2463 600,2463 634,2463 668,2464 701,2464 735,2464 769,2464 802,2464 836,2463 870,2463 904,2462"/>
                <TextEquiv>
                    <Unicode>suol caratteri e le sue situnzioni so¬</Unicode>
                </TextEquiv>
            </TextLine>
            <TextLine id="r1l147" custom="readingOrder {index:146;}">
                <Coords points="915,2471 1546,2490 1568,2467 1642,2485 1642,2444 1494,2427 915,2445"/>
                <Baseline points="935,2470 969,2471 1003,2471 1038,2472 1072,2473 1106,2473 1141,2473 1175,2473 1209,2473 1244,2472 1278,2472 1312,2472 1347,2471 1381,2471 1415,2470 1450,2470 1484,2469 1518,2469 1553,2469 1587,2469 1622,2469"/>
                <TextEquiv>
                    <Unicode>IV'ha molto romanticismoe molto na¬</Unicode>
                </TextEquiv>
            </TextLine>
            <TextLine id="r1l148" custom="readingOrder {index:147;}">
                <Coords points="1648,2482 2278,2491 2360,2483 2360,2432 1647,2445"/>
                <Baseline points="1666,2476 1699,2476 1733,2475 1767,2475 1801,2475 1835,2475 1869,2475 1902,2475 1936,2476 1970,2476 2004,2476 2038,2476 2072,2476 2106,2476 2139,2476 2173,2476 2207,2475 2241,2475 2275,2473 2309,2472 2343,2471"/>
                <TextEquiv>
                    <Unicode>vuol sapere, chiede spiegazioni. II ci</Unicode>
                </TextEquiv>
            </TextLine>
            <TextLine id="r1l149" custom="readingOrder {index:148;}">
                <Coords points="84,2495 155,2496 158,2500 162,2496 173,2500 207,2496 207,2452 181,2455 174,2448 163,2448 133,2466 118,2462 85,2465"/>
                <Baseline points="104,2489 132,2490 161,2489 190,2491"/>
                <TextEquiv>
                    <Unicode>essl.</Unicode>
                </TextEquiv>
            </TextLine>
            <TextLine id="r1l150" custom="readingOrder {index:149;}">
                <Coords points="2357,2500 3080,2502 3080,2453 2356,2456"/>
                <Baseline points="2374,2496 2408,2497 2442,2497 2476,2497 2511,2497 2545,2497 2579,2496 2614,2496 2648,2495 2682,2495 2717,2494 2751,2493 2785,2493 2819,2492 2854,2492 2888,2491 2922,2490 2957,2490 2991,2490 3025,2490 3060,2490"/>
                <TextEquiv>
                    <Unicode>vole schiavità, in cui vegeta. Ma Lou¬</Unicode>
                </TextEquiv>
            </TextLine>
            <TextLine id="r1l151" custom="readingOrder {index:150;}">
                <Coords points="211,2501 916,2500 916,2463 211,2460"/>
                <Baseline points="228,2495 261,2496 295,2497 328,2498 362,2499 395,2499 429,2499 462,2499 496,2499 529,2499 563,2499 596,2499 630,2499 663,2498 697,2498 730,2498 764,2497 797,2497 831,2497 864,2496 898,2496"/>
                <TextEquiv>
                    <Unicode>no logiche e perfettamente determi¬</Unicode>
                </TextEquiv>
            </TextLine>
            <TextLine id="r1l152" custom="readingOrder {index:151;}">
                <Coords points="929,2511 1333,2521 1426,2495 1456,2514 1645,2513 1645,2476 1493,2462 929,2474"/>
                <Baseline points="947,2505 980,2506 1014,2507 1048,2507 1082,2508 1116,2508 1150,2508 1184,2508 1218,2508 1252,2508 1286,2508 1319,2508 1353,2507 1387,2507 1421,2507 1455,2506 1489,2506 1523,2506 1557,2506 1591,2506 1625,2506"/>
                <TextEquiv>
                    <Unicode>turalismo insieme. L’ereina del aDe¬</Unicode>
                </TextEquiv>
            </TextLine>
            <TextLine id="r1l153" custom="readingOrder {index:152;}">
                <Coords points="1633,2515 2331,2520 2361,2509 2361,2464 2149,2484 1633,2470"/>
                <Baseline points="1652,2510 1686,2510 1721,2510 1755,2510 1790,2510 1824,2511 1859,2511 1893,2511 1928,2512 1962,2512 1997,2512 2032,2512 2066,2512 2101,2512 2135,2511 2170,2511 2204,2510 2239,2509 2273,2508 2308,2507 2343,2505"/>
                <TextEquiv>
                    <Unicode>nico Schsen gli consiglia di non do¬</Unicode>
                </TextEquiv>
            </TextLine>
            <TextLine id="r1l154" custom="readingOrder {index:153;}">
                <Coords points="89,2534 178,2532 189,2536 196,2529 215,2528 214,2476 195,2477 188,2484 173,2481 166,2488 151,2485 136,2496 88,2497"/>
                <Baseline points="108,2525 137,2525 166,2523 196,2525"/>
                <TextEquiv>
                    <Unicode>Entre</Unicode>
                </TextEquiv>
            </TextLine>
            <TextLine id="r1l155" custom="readingOrder {index:154;}">
                <Coords points="2351,2534 3071,2535 3071,2498 3022,2494 2351,2497"/>
                <Baseline points="2370,2535 2404,2534 2438,2533 2472,2532 2506,2532 2540,2531 2574,2531 2609,2531 2643,2531 2677,2531 2711,2531 2745,2531 2779,2532 2813,2532 2848,2532 2882,2532 2916,2531 2950,2531 2984,2531 3018,2530 3053,2529"/>
                <TextEquiv>
                    <Unicode>leu previene il suo gesto e lo uccide,</Unicode>
                </TextEquiv>
            </TextLine>
            <TextLine id="r1l156" custom="readingOrder {index:155;}">
                <Coords points="209,2538 929,2540 929,2492 881,2488 209,2490"/>
                <Baseline points="229,2532 263,2532 297,2533 331,2533 365,2534 399,2534 433,2534 467,2534 501,2534 535,2534 569,2534 603,2533 637,2533 671,2533 705,2533 739,2532 773,2532 807,2532 841,2532 875,2532 910,2532"/>
                <TextEquiv>
                    <Unicode>nate. Bernardo Shaw nelle sue sati¬</Unicode>
                </TextEquiv>
            </TextLine>
            <TextLine id="r1l157" custom="readingOrder {index:156;}">
                <Coords points="930,2548 1642,2550 1642,2513 1427,2495 1390,2513 929,2511"/>
                <Baseline points="948,2540 981,2541 1015,2542 1049,2543 1082,2543 1116,2544 1150,2544 1183,2544 1217,2544 1251,2543 1285,2543 1318,2543 1352,2542 1386,2542 1419,2542 1453,2541 1487,2541 1520,2541 1554,2541 1588,2542 1622,2542"/>
                <TextEquiv>
                    <Unicode>mone della terras &amp; un'altra. Nania,</Unicode>
                </TextEquiv>
            </TextLine>
            <TextLine id="r1l158" custom="readingOrder {index:157;}">
                <Coords points="1636,2555 2177,2544 2222,2562 2359,2547 2359,2506 1636,2515"/>
                <Baseline points="1653,2543 1687,2543 1721,2544 1756,2544 1790,2545 1824,2546 1859,2546 1893,2547 1927,2547 1962,2547 1996,2547 2030,2547 2065,2547 2099,2547 2133,2547 2168,2546 2202,2545 2236,2544 2271,2543 2305,2542 2340,2541"/>
                <TextEquiv>
                    <Unicode>mandar nulla: Vol avete il milionen</Unicode>
                </TextEquiv>
            </TextLine>
            <TextLine id="r1l159" custom="readingOrder {index:158;}">
                <Coords points="3072,2557 3123,2552 3110,2415 3091,2417 3084,2414 3076,2419 3058,2421"/>
                <Baseline points="3090,2548 3104,2547"/>
                <TextEquiv>
                    <Unicode></Unicode>
                </TextEquiv>
            </TextLine>
            <TextLine id="r1l160" custom="readingOrder {index:159;}">
                <Coords points="84,2571 114,2566 140,2566 144,2570 207,2565 206,2531 84,2534"/>
                <Baseline points="101,2561 130,2559 159,2560 188,2558"/>
                <TextEquiv>
                    <Unicode>ora-</Unicode>
                </TextEquiv>
            </TextLine>
            <TextLine id="r1l161" custom="readingOrder {index:160;}">
                <Coords points="2360,2573 3084,2580 3084,2525 2360,2532"/>
                <Baseline points="2378,2570 2412,2569 2446,2567 2481,2566 2515,2566 2549,2565 2584,2565 2618,2564 2652,2564 2687,2564 2721,2564 2755,2565 2790,2565 2824,2565 2858,2565 2893,2565 2927,2565 2961,2564 2996,2564 3030,2563 3065,2562"/>
                <TextEquiv>
                    <Unicode>Egli si sarà sufeidato come Schwarz</Unicode>
                </TextEquiv>
            </TextLine>
            <TextLine id="r1l162" custom="readingOrder {index:161;}">
                <Coords points="200,2568 927,2572 927,2539 824,2527 200,2527"/>
                <Baseline points="219,2565 253,2565 288,2566 322,2567 357,2567 391,2568 426,2568 460,2568 495,2569 529,2569 564,2569 598,2569 633,2569 667,2569 702,2568 736,2568 771,2568 805,2567 840,2566 874,2565 909,2564"/>
                <TextEquiv>
                    <Unicode>ro precede con un sistema coordina¬</Unicode>
                </TextEquiv>
            </TextLine>
            <TextLine id="r1l163" custom="readingOrder {index:162;}">
                <Coords points="926,2582 1646,2589 1646,2534 926,2545"/>
                <Baseline points="946,2574 980,2576 1014,2577 1048,2578 1082,2578 1116,2579 1150,2579 1184,2579 1218,2579 1252,2579 1286,2579 1320,2578 1354,2578 1388,2578 1422,2577 1456,2577 1490,2577 1524,2577 1558,2577 1592,2577 1627,2577"/>
                <TextEquiv>
                    <Unicode>una specie di donna fatale, creatura</Unicode>
                </TextEquiv>
            </TextLine>
            <TextLine id="r1l164" custom="readingOrder {index:163;}">
                <Coords points="1644,2588 2212,2597 2353,2586 2353,2549 2186,2533 2067,2555 1644,2554"/>
                <Baseline points="1661,2581 1694,2580 1728,2580 1762,2580 1795,2580 1829,2580 1863,2580 1896,2580 1930,2581 1964,2581 1998,2582 2031,2582 2065,2582 2099,2583 2132,2583 2166,2583 2200,2582 2233,2582 2267,2581 2301,2580 2335,2579"/>
                <TextEquiv>
                    <Unicode>gli va ripetendo a pie riprese, parole</Unicode>
                </TextEquiv>
            </TextLine>
            <TextLine id="r1l165" custom="readingOrder {index:164;}">
                <Coords points="2383,2608 2973,2613 3066,2601 3065,2553 2382,2567"/>
                <Baseline points="2402,2603 2434,2603 2466,2603 2498,2603 2530,2603 2563,2603 2595,2603 2627,2602 2659,2602 2691,2601 2724,2601 2756,2601 2788,2600 2820,2600 2852,2599 2885,2599 2917,2599 2949,2598 2981,2598 3013,2598 3046,2598"/>
                <TextEquiv>
                    <Unicode>allora potrà continuare 11 sug gloco</Unicode>
                </TextEquiv>
            </TextLine>
            <TextLine id="r1l166" custom="readingOrder {index:165;}">
                <Coords points="203,2606 927,2616 927,2571 203,2561"/>
                <Baseline points="220,2600 254,2601 288,2602 323,2602 357,2603 392,2603 426,2603 460,2603 495,2603 529,2603 564,2603 598,2603 632,2603 667,2603 701,2603 736,2603 770,2603 804,2603 839,2604 873,2604 908,2605"/>
                <TextEquiv>
                    <Unicode>to. Ma Frank Wedekind vuol tutta la</Unicode>
                </TextEquiv>
            </TextLine>
            <TextLine id="r1l167" custom="readingOrder {index:166;}">
                <Coords points="927,2618 1643,2616 1643,2586 1554,2578 927,2574"/>
                <Baseline points="945,2611 979,2611 1013,2612 1047,2612 1081,2613 1115,2613 1149,2614 1183,2614 1217,2614 1251,2614 1285,2615 1319,2615 1353,2615 1387,2615 1421,2614 1455,2614 1489,2614 1523,2613 1557,2613 1591,2612 1626,2611"/>
                <TextEquiv>
                    <Unicode>avida e tentatrice, che é commedian¬</Unicode>
                </TextEquiv>
            </TextLine>
            <TextLine id="r1l168" custom="readingOrder {index:167;}">
                <Coords points="1647,2621 2355,2629 2355,2580 1647,2584"/>
                <Baseline points="1665,2615 1698,2615 1732,2616 1765,2616 1799,2616 1832,2616 1866,2616 1899,2617 1933,2616 1966,2616 2000,2616 2033,2616 2067,2616 2100,2616 2134,2616 2167,2616 2201,2616 2234,2616 2268,2616 2301,2616 2335,2616"/>
                <TextEquiv>
                    <Unicode>ingiuriose che illuminano il pittore</Unicode>
                </TextEquiv>
            </TextLine>
            <TextLine id="r1l169" custom="readingOrder {index:168;}">
                <Coords points="3058,2631 3077,2631 3084,2624 3110,2624 3121,2635 3155,2635 3155,2576 3110,2579 3077,2598 3058,2598"/>
                <Baseline points="3077,2619 3106,2617 3135,2619"/>
                <TextEquiv>
                    <Unicode>810</Unicode>
                </TextEquiv>
            </TextLine>
            <TextLine id="r1l170" custom="readingOrder {index:169;}">
                <Coords points="88,2643 125,2647 132,2640 143,2640 162,2648 169,2641 203,2642 204,2598 182,2597 174,2601 167,2593 156,2596 152,2592 130,2603 122,2599 89,2598"/>
                <Baseline points="106,2627 132,2627 158,2628 184,2629"/>
                <TextEquiv>
                    <Unicode>altro</Unicode>
                </TextEquiv>
            </TextLine>
            <TextLine id="r1l171" custom="readingOrder {index:170;}">
                <Coords points="2350,2643 3074,2639 3073,2595 3044,2587 2799,2611 2350,2603"/>
                <Baseline points="2367,2635 2401,2636 2435,2636 2470,2637 2504,2637 2538,2637 2573,2638 2607,2638 2641,2637 2676,2637 2710,2637 2744,2637 2779,2636 2813,2636 2847,2635 2882,2635 2916,2634 2950,2634 2985,2633 3019,2633 3054,2632"/>
                <TextEquiv>
                    <Unicode>infernale di domatrice d’uomini fino</Unicode>
                </TextEquiv>
            </TextLine>
            <TextLine id="r1l172" custom="readingOrder {index:171;}">
                <Coords points="213,2640 918,2642 918,2601 213,2602"/>
                <Baseline points="233,2635 266,2635 299,2635 333,2636 366,2636 399,2637 433,2637 466,2637 499,2637 533,2638 566,2638 599,2638 633,2638 666,2638 699,2638 733,2638 766,2638 799,2638 833,2637 866,2637 900,2637"/>
                <TextEquiv>
                    <Unicode>libertà per fare posto alle sue con¬</Unicode>
                </TextEquiv>
            </TextLine>
            <TextLine id="r1l173" custom="readingOrder {index:172;}">
                <Coords points="926,2649 1498,2645 1561,2663 1642,2652 1642,2597 1490,2619 926,2601"/>
                <Baseline points="945,2645 979,2646 1013,2646 1047,2647 1081,2648 1115,2648 1149,2648 1183,2649 1217,2649 1251,2649 1285,2649 1319,2649 1353,2649 1387,2648 1421,2648 1455,2648 1489,2647 1523,2647 1557,2646 1591,2645 1625,2645"/>
                <TextEquiv>
                    <Unicode>te, cantatrice, ballerina, che prende</Unicode>
                </TextEquiv>
            </TextLine>
            <TextLine id="r1l174" custom="readingOrder {index:173;}">
                <Coords points="3060,2650 3078,2651 3085,2659 3100,2660 3104,2660 3115,2649 3149,2650 3150,2613 3132,2612 3105,2626 3091,2618 3061,2617"/>
                <Baseline points="3079,2650 3105,2650 3131,2652"/>
                <TextEquiv>
                    <Unicode>46</Unicode>
                </TextEquiv>
            </TextLine>
            <TextLine id="r1l175" custom="readingOrder {index:174;}">
                <Coords points="1637,2676 1700,2650 1834,2669 2235,2652 2235,2622 2213,2618 1637,2606"/>
                <Baseline points="1656,2648 1684,2650 1712,2651 1740,2651 1768,2652 1796,2652 1824,2653 1852,2653 1880,2653 1908,2653 1937,2653 1965,2653 1993,2653 2021,2653 2049,2652 2077,2652 2105,2652 2133,2652 2161,2652 2189,2652 2218,2652"/>
                <TextEquiv>
                    <Unicode>sull'origine della sua fortima.</Unicode>
                </TextEquiv>
            </TextLine>
            <TextLine id="r1l176" custom="readingOrder {index:175;}">
                <Coords points="210,2673 926,2682 926,2637 896,2630 210,2640"/>
                <Baseline points="228,2667 262,2668 296,2669 330,2670 364,2670 398,2670 432,2671 466,2671 500,2671 534,2671 568,2671 602,2671 636,2671 670,2671 704,2671 738,2671 772,2672 806,2672 840,2673 874,2673 908,2674"/>
                <TextEquiv>
                    <Unicode>cezioni, e spinge pin lontano che non</Unicode>
                </TextEquiv>
            </TextLine>
            <TextLine id="r1l177" custom="readingOrder {index:176;}">
                <Coords points="1661,2684 3075,2686 3037,2620 1660,2643"/>
                <Baseline points="1681,2685 1749,2687 1818,2688 1887,2688 1956,2688 2024,2687 2093,2686 2162,2685 2231,2683 2299,2681 2368,2679 2437,2677 2506,2675 2574,2672 2643,2671 2712,2669 2781,2668 2849,2667 2918,2667 2987,2667 3056,2667"/>
                <TextEquiv>
                    <Unicode>Intanto che Louleu civetta conal giorno in euf lack 1o svontratore</Unicode>
                </TextEquiv>
            </TextLine>
            <TextLine id="r1l178" custom="readingOrder {index:177;}">
                <Coords points="919,2685 1361,2699 1409,2680 1457,2698 1554,2676 1650,2694 1650,2646 1576,2639 919,2644"/>
                <Baseline points="939,2680 973,2681 1008,2682 1043,2683 1077,2683 1112,2684 1147,2684 1181,2684 1216,2684 1251,2684 1286,2684 1320,2683 1355,2683 1390,2683 1424,2682 1459,2682 1494,2681 1528,2681 1563,2681 1598,2681 1633,2681"/>
                <TextEquiv>
                    <Unicode>tutte le forme e tutti gli aspetti per</Unicode>
                </TextEquiv>
            </TextLine>
            <TextLine id="r1l179" custom="readingOrder {index:178;}">
                <Coords points="86,2712 164,2712 168,2716 179,2711 205,2710 202,2655 173,2656 166,2664 147,2661 140,2668 129,2665 122,2673 114,2670 110,2674 103,2666 84,2667"/>
                <Baseline points="103,2705 131,2706 159,2705 187,2701"/>
                <TextEquiv>
                    <Unicode>zato¬</Unicode>
                </TextEquiv>
            </TextLine>
            <TextLine id="r1l180" custom="readingOrder {index:179;}">
                <Coords points="212,2708 724,2720 779,2698 831,2721 920,2707 921,2674 212,2671"/>
                <Baseline points="230,2699 263,2700 297,2701 330,2702 364,2703 397,2704 431,2704 464,2705 498,2705 531,2706 565,2706 598,2706 632,2706 665,2707 699,2707 732,2707 766,2707 799,2706 833,2706 866,2706 900,2706"/>
                <TextEquiv>
                    <Unicode>Strindberg 11 sacrificio della verosi¬</Unicode>
                </TextEquiv>
            </TextLine>
            <TextLine id="r1l181" custom="readingOrder {index:180;}">
                <Coords points="1640,2729 2364,2742 2416,2704 2839,2716 2905,2666 1639,2681"/>
                <Baseline points="1659,2716 1720,2719 1781,2721 1843,2723 1904,2724 1966,2724 2027,2724 2089,2723 2150,2722 2212,2721 2273,2719 2334,2717 2396,2715 2457,2713 2519,2711 2580,2709 2642,2707 2703,2706 2765,2705 2826,2704 2888,2704"/>
                <TextEquiv>
                    <Unicode>Schsen, 1' infelice Schwarz, entrato sie darà il colpo di grazia.</Unicode>
                </TextEquiv>
            </TextLine>
            <TextLine id="r1l182" custom="readingOrder {index:181;}">
                <Coords points="913,2718 1555,2735 1651,2716 1651,2671 913,2681"/>
                <Baseline points="932,2719 967,2719 1002,2718 1037,2718 1072,2718 1107,2718 1142,2718 1177,2718 1212,2718 1247,2718 1283,2718 1318,2719 1353,2719 1388,2719 1423,2719 1458,2719 1493,2718 1528,2717 1563,2717 1598,2715 1634,2714"/>
                <TextEquiv>
                    <Unicode>far impazzire d’amorestutti gli noim¬</Unicode>
                </TextEquiv>
            </TextLine>
            <TextLine id="r1l183" custom="readingOrder {index:182;}">
                <Coords points="210,2741 830,2736 923,2756 923,2704 890,2700 211,2708"/>
                <Baseline points="230,2735 263,2736 297,2737 331,2737 365,2738 399,2738 432,2739 466,2740 500,2740 534,2740 568,2741 601,2741 635,2741 669,2741 703,2742 736,2742 770,2742 804,2742 838,2742 872,2742 906,2742"/>
                <TextEquiv>
                    <Unicode>miglianza all’espressione della sua</Unicode>
                </TextEquiv>
            </TextLine>
            <TextLine id="r1l184" custom="readingOrder {index:183;}">
                <Coords points="90,2753 109,2753 120,2745 131,2749 150,2749 153,2745 164,2749 172,2745 179,2749 209,2748 209,2708 183,2708 168,2715 138,2712 134,2708 90,2709"/>
                <Baseline points="109,2740 135,2741 162,2740 189,2740"/>
                <TextEquiv>
                    <Unicode>cene</Unicode>
                </TextEquiv>
            </TextLine>
            <TextLine id="r1l185" custom="readingOrder {index:184;}">
                <Coords points="2381,2750 3071,2754 3071,2702 2381,2709"/>
                <Baseline points="2399,2745 2431,2746 2464,2746 2496,2747 2529,2747 2562,2748 2594,2748 2627,2748 2660,2747 2692,2747 2725,2747 2758,2747 2790,2746 2823,2746 2856,2746 2888,2745 2921,2745 2954,2744 2986,2744 3019,2744 3052,2744"/>
                <TextEquiv>
                    <Unicode>Questa cortigiana fatale é anche un</Unicode>
                </TextEquiv>
            </TextLine>
            <TextLine id="r1l186" custom="readingOrder {index:185;}">
                <Coords points="928,2761 1637,2758 1637,2717 1541,2706 928,2716"/>
                <Baseline points="946,2751 979,2752 1013,2753 1047,2754 1080,2754 1114,2755 1148,2755 1181,2755 1215,2755 1249,2755 1283,2755 1316,2754 1350,2754 1384,2753 1417,2753 1451,2752 1485,2752 1518,2751 1552,2751 1586,2751 1620,2750"/>
                <TextEquiv>
                    <Unicode>ni con una specie di magnetismo sen</Unicode>
                </TextEquiv>
            </TextLine>
            <TextLine id="r1l187" custom="readingOrder {index:186;}">
                <Coords points="3062,2761 3095,2761 3099,2765 3121,2761 3129,2769 3147,2769 3147,2717 3125,2717 3121,2713 3114,2717 3103,2709 3095,2717 3062,2717"/>
                <Baseline points="3081,2755 3129,2755"/>
                <TextEquiv>
                    <Unicode>9i</Unicode>
                </TextEquiv>
            </TextLine>
            <TextLine id="r1l188" custom="readingOrder {index:187;}">
                <Coords points="1640,2761 2367,2754 2356,2724 1929,2732 1640,2710"/>
                <Baseline points="1659,2754 1693,2755 1728,2756 1762,2757 1797,2757 1831,2758 1866,2758 1900,2759 1935,2759 1969,2759 2004,2759 2038,2759 2073,2759 2107,2759 2142,2758 2176,2758 2211,2757 2245,2757 2280,2756 2314,2755 2349,2755"/>
                <TextEquiv>
                    <Unicode>nel suo studio, si sgozza con un vo¬</Unicode>
                </TextEquiv>
            </TextLine>
            <TextLine id="r1l189" custom="readingOrder {index:188;}">
                <Coords points="199,2782 927,2784 927,2743 200,2741"/>
                <Baseline points="218,2771 252,2771 287,2771 321,2772 356,2772 390,2773 425,2774 459,2774 494,2775 528,2775 563,2776 597,2776 632,2777 666,2777 701,2777 735,2777 770,2777 804,2776 839,2776 873,2775 908,2774"/>
                <TextEquiv>
                    <Unicode>ideologia, I suoi personaggi #no i¬</Unicode>
                </TextEquiv>
            </TextLine>
            <TextLine id="r1l190" custom="readingOrder {index:189;}">
                <Coords points="1638,2803 3067,2787 3003,2743 1638,2754"/>
                <Baseline points="1655,2788 1724,2790 1794,2792 1864,2793 1934,2793 2003,2793 2073,2793 2143,2792 2213,2791 2282,2790 2352,2789 2422,2787 2492,2786 2561,2784 2631,2783 2701,2782 2771,2781 2840,2780 2910,2780 2980,2780 3050,2781"/>
                <TextEquiv>
                    <Unicode>soio. Loulen é indifferente al suictd“9o del glorno d’oggl. La vita sporti¬</Unicode>
                </TextEquiv>
            </TextLine>
            <TextLine id="r1l191" custom="readingOrder {index:190;}">
                <Coords points="921,2794 1652,2791 1652,2757 1630,2753 921,2754"/>
                <Baseline points="939,2788 973,2789 1008,2789 1043,2790 1078,2790 1112,2790 1147,2790 1182,2790 1217,2790 1251,2790 1286,2790 1321,2789 1356,2789 1390,2789 1425,2789 1460,2789 1495,2789 1529,2789 1564,2789 1599,2790 1634,2791"/>
                <TextEquiv>
                    <Unicode>suale che conduce a lei tutti i maschi</Unicode>
                </TextEquiv>
            </TextLine>
            <TextLine id="r1l192" custom="readingOrder {index:191;}">
                <Coords points="3063,2799 3111,2796 3115,2800 3118,2796 3144,2795 3142,2754 3124,2755 3116,2748 3112,2752 3097,2741 3086,2753 3079,2750 3060,2751"/>
                <Baseline points="3081,2791 3125,2789"/>
                <TextEquiv>
                    <Unicode>int</Unicode>
                </TextEquiv>
            </TextLine>
            <TextLine id="r1l193" custom="readingOrder {index:192;}">
                <Coords points="203,2812 860,2825 923,2811 924,2770 203,2779"/>
                <Baseline points="223,2805 257,2804 291,2803 325,2803 359,2803 393,2803 427,2804 461,2804 495,2805 529,2807 564,2808 598,2809 632,2809 666,2810 700,2811 734,2811 768,2811 802,2811 836,2810 870,2809 905,2807"/>
                <TextEquiv>
                    <Unicode>dee e le sue situazioni sono dei mo¬</Unicode>
                </TextEquiv>
            </TextLine>
            <TextLine id="r1l194" custom="readingOrder {index:193;}">
                <Coords points="2358,2823 3070,2824 3070,2783 2358,2775"/>
                <Baseline points="2377,2814 2410,2815 2444,2816 2478,2817 2511,2818 2545,2818 2579,2819 2612,2819 2646,2819 2680,2819 2714,2820 2747,2820 2781,2819 2815,2819 2848,2819 2882,2818 2916,2818 2949,2817 2983,2817 3017,2816 3051,2815"/>
                <TextEquiv>
                    <Unicode>va, la libertà delle donne hanno mo¬</Unicode>
                </TextEquiv>
            </TextLine>
            <TextLine id="r1l195" custom="readingOrder {index:194;}">
                <Coords points="923,2828 1643,2832 1643,2795 923,2787"/>
                <Baseline points="943,2823 977,2823 1011,2823 1045,2823 1079,2823 1113,2823 1147,2824 1182,2824 1216,2824 1250,2824 1284,2824 1318,2824 1352,2824 1386,2824 1421,2824 1455,2824 1489,2824 1523,2823 1557,2823 1591,2823 1626,2822"/>
                <TextEquiv>
                    <Unicode>di tutte le etd e dogni condizione</Unicode>
                </TextEquiv>
            </TextLine>
            <TextLine id="r1l196" custom="readingOrder {index:195;}">
                <Coords points="3063,2834 3093,2835 3101,2831 3123,2843 3145,2844 3146,2796 3124,2795 3117,2802 3106,2794 3102,2798 3065,2797"/>
                <Baseline points="3083,2826 3126,2827"/>
                <TextEquiv>
                    <Unicode>a1</Unicode>
                </TextEquiv>
            </TextLine>
            <TextLine id="r1l197" custom="readingOrder {index:196;}">
                <Coords points="1636,2832 2356,2836 2356,2784 1636,2795"/>
                <Baseline points="1656,2826 1690,2827 1724,2827 1758,2827 1792,2827 1826,2827 1860,2827 1895,2827 1929,2827 1963,2826 1997,2826 2031,2826 2065,2826 2099,2826 2134,2826 2168,2826 2202,2826 2236,2827 2270,2827 2304,2828 2339,2829"/>
                <TextEquiv>
                    <Unicode>del suo marito come lo fu alla mort.,</Unicode>
                </TextEquiv>
            </TextLine>
            <TextLine id="r1l198" custom="readingOrder {index:197;}">
                <Coords points="201,2843 917,2872 918,2809 859,2797 714,2817 202,2802"/>
                <Baseline points="221,2836 254,2837 288,2839 322,2840 356,2841 390,2842 424,2843 457,2843 491,2844 525,2845 559,2845 593,2846 627,2846 661,2846 694,2847 728,2847 762,2847 796,2847 830,2847 864,2847 898,2847"/>
                <TextEquiv>
                    <Unicode>vimenti per mettere in evidenza le</Unicode>
                </TextEquiv>
            </TextLine>
            <TextLine id="r1l199" custom="readingOrder {index:198;}">
                <Coords points="2352,2858 3061,2851 3061,2817 2352,2817"/>
                <Baseline points="2370,2854 2403,2853 2437,2853 2471,2853 2504,2853 2538,2853 2572,2853 2605,2854 2639,2854 2673,2855 2707,2855 2740,2855 2774,2855 2808,2855 2841,2855 2875,2855 2909,2855 2942,2854 2976,2853 3010,2851 3044,2850"/>
                <TextEquiv>
                    <Unicode>dificato il tipo, ma il movimento e¬</Unicode>
                </TextEquiv>
            </TextLine>
            <TextLine id="r1l200" custom="readingOrder {index:199;}">
                <Coords points="914,2864 1645,2866 1645,2822 914,2819"/>
                <Baseline points="932,2857 966,2859 1001,2860 1036,2860 1071,2861 1105,2861 1140,2861 1175,2861 1210,2861 1244,2861 1279,2861 1314,2860 1349,2860 1383,2860 1418,2859 1453,2859 1488,2859 1522,2859 1557,2859 1592,2859 1627,2860"/>
                <TextEquiv>
                    <Unicode>non solo ma altresi le femmine dan.</Unicode>
                </TextEquiv>
            </TextLine>
            <TextLine id="r1l201" custom="readingOrder {index:200;}">
                <Coords points="3069,2869 3091,2869 3099,2865 3103,2869 3114,2869 3117,2873 3147,2873 3147,2839 3129,2839 3110,2824 3099,2824 3088,2832 3069,2832"/>
                <Baseline points="3086,2860 3128,2860"/>
                <TextEquiv>
                    <Unicode>c1#</Unicode>
                </TextEquiv>
            </TextLine>
            <TextLine id="r1l202" custom="readingOrder {index:201;}">
                <Coords points="1642,2870 2365,2876 2365,2831 2236,2835 2202,2813 1642,2825"/>
                <Baseline points="1660,2862 1694,2863 1728,2864 1763,2864 1797,2864 1832,2864 1866,2864 1900,2864 1935,2864 1969,2864 2004,2863 2038,2863 2072,2863 2107,2863 2141,2862 2176,2862 2210,2862 2244,2863 2279,2863 2313,2863 2348,2864"/>
                <TextEquiv>
                    <Unicode>di Goll. Schsen persuade la polizia</Unicode>
                </TextEquiv>
            </TextLine>
            <TextLine id="r1l203" custom="readingOrder {index:202;}">
                <Coords points="209,2893 234,2898 253,2883 287,2880 298,2892 343,2882 391,2890 413,2876 432,2876 432,2850 414,2850 399,2835 388,2842 370,2830 321,2848 288,2828 269,2846 210,2841"/>
                <Baseline points="226,2873 252,2874 279,2873 305,2873 332,2874 358,2875 385,2876 412,2879"/>
                <TextEquiv>
                    <Unicode>sue idec.</Unicode>
                </TextEquiv>
            </TextLine>
            <TextLine id="r1l204" custom="readingOrder {index:203;}">
                <Coords points="2355,2897 3064,2889 3064,2852 3019,2848 2355,2852"/>
                <Baseline points="2374,2888 2407,2888 2441,2888 2474,2888 2508,2889 2542,2889 2575,2889 2609,2889 2642,2889 2676,2889 2710,2889 2743,2889 2777,2889 2810,2889 2844,2889 2878,2889 2911,2889 2945,2888 2978,2888 3012,2887 3046,2887"/>
                <TextEquiv>
                    <Unicode>spressionista fa passare sctto i nostri</Unicode>
                </TextEquiv>
            </TextLine>
            <TextLine id="r1l205" custom="readingOrder {index:204;}">
                <Coords points="3069,2902 3114,2902 3125,2891 3147,2891 3147,2847 3129,2847 3117,2858 3106,2850 3099,2858 3095,2854 3091,2858 3069,2858"/>
                <Baseline points="3086,2893 3128,2893"/>
                <TextEquiv>
                    <Unicode>71</Unicode>
                </TextEquiv>
            </TextLine>
            <TextLine id="r1l206" custom="readingOrder {index:205;}">
                <Coords points="918,2901 1664,2907 1664,2862 918,2857"/>
                <Baseline points="938,2893 973,2893 1008,2893 1044,2893 1079,2893 1114,2894 1150,2894 1185,2894 1220,2894 1256,2895 1291,2895 1326,2895 1362,2895 1397,2896 1432,2896 1468,2896 1503,2897 1538,2897 1574,2897 1609,2897 1645,2898"/>
                <TextEquiv>
                    <Unicode>nate di Bandelaire personificato nella</Unicode>
                </TextEquiv>
            </TextLine>
            <TextLine id="r1l207" custom="readingOrder {index:206;}">
                <Coords points="1644,2905 2349,2905 2349,2861 1644,2864"/>
                <Baseline points="1662,2897 1695,2899 1728,2899 1762,2900 1795,2900 1828,2901 1862,2900 1895,2900 1928,2900 1962,2899 1995,2898 2028,2898 2062,2897 2095,2897 2128,2897 2162,2896 2195,2896 2228,2897 2262,2897 2295,2898 2329,2899"/>
                <TextEquiv>
                    <Unicode>che la tragica fine di Schwarz 6 la</Unicode>
                </TextEquiv>
            </TextLine>
            <TextLine id="r1l208" custom="readingOrder {index:207;}">
                <Coords points="234,2924 761,2941 920,2931 921,2883 234,2886"/>
                <Baseline points="253,2918 285,2918 318,2918 350,2919 383,2919 415,2919 448,2920 480,2920 513,2921 545,2921 578,2922 610,2922 643,2923 675,2923 708,2923 740,2924 773,2924 805,2924 838,2924 870,2924 903,2924"/>
                <TextEquiv>
                    <Unicode>II eRisveglio della primaveras in 15</Unicode>
                </TextEquiv>
            </TextLine>
            <TextLine id="r1l209" custom="readingOrder {index:208;}">
                <Coords points="2357,2929 3073,2927 3073,2890 2357,2888"/>
                <Baseline points="2376,2924 2410,2924 2444,2924 2478,2924 2512,2924 2546,2924 2580,2924 2614,2924 2648,2924 2682,2924 2716,2924 2750,2924 2784,2924 2818,2924 2852,2924 2886,2924 2920,2923 2954,2923 2988,2922 3022,2922 3056,2921"/>
                <TextEquiv>
                    <Unicode>ecchiquest’incubo bruciante non man</Unicode>
                </TextEquiv>
            </TextLine>
            <TextLine id="r1l210" custom="readingOrder {index:209;}">
                <Coords points="923,2951 952,2951 979,2929 1019,2940 1042,2929 1175,2933 1194,2944 1220,2930 1290,2930 1320,2941 1320,2886 1090,2903 923,2895"/>
                <Baseline points="942,2926 967,2927 993,2928 1019,2928 1044,2929 1070,2929 1096,2929 1122,2928 1147,2928 1173,2928 1199,2928 1224,2928 1250,2929 1276,2929 1302,2930"/>
                <TextEquiv>
                    <Unicode>contessa Gesewitz.</Unicode>
                </TextEquiv>
            </TextLine>
            <TextLine id="r1l211" custom="readingOrder {index:210;}">
                <Coords points="1640,2937 2360,2936 2359,2903 2296,2892 1639,2885"/>
                <Baseline points="1659,2931 1693,2932 1727,2933 1761,2934 1795,2934 1829,2934 1863,2934 1898,2934 1932,2933 1966,2932 2000,2932 2034,2931 2068,2931 2102,2930 2137,2930 2171,2930 2205,2929 2239,2930 2273,2930 2307,2931 2342,2932"/>
                <TextEquiv>
                    <Unicode>conseguenza d’uns improvvisa alie¬</Unicode>
                </TextEquiv>
            </TextLine>
            <TextLine id="r1l212" custom="readingOrder {index:211;}">
                <Coords points="3060,2944 3111,2937 3131,2947 3157,2945 3153,2889 3123,2891 3098,2901 3087,2901 3075,2891 3056,2892"/>
                <Baseline points="3076,2934 3106,2931 3136,2930"/>
                <TextEquiv>
                    <Unicode>g##</Unicode>
                </TextEquiv>
            </TextLine>
            <TextLine id="r1l213" custom="readingOrder {index:212;}">
                <Coords points="87,2956 213,2958 215,2821 171,2816 152,2820 141,2812 119,2827 112,2819 89,2819"/>
                <Baseline points="107,2948 136,2946 165,2947 194,2949"/>
                <TextEquiv>
                    <Unicode>8</Unicode>
                </TextEquiv>
            </TextLine>
            <TextLine id="r1l214" custom="readingOrder {index:213;}">
                <Coords points="2358,2963 3156,2976 3156,2928 3119,2920 2358,2918"/>
                <Baseline points="2378,2956 2415,2958 2453,2958 2491,2959 2529,2959 2567,2959 2605,2960 2643,2959 2681,2959 2719,2959 2757,2959 2794,2959 2832,2958 2870,2958 2908,2958 2946,2958 2984,2959 3022,2959 3060,2960 3098,2961 3136,2962"/>
                <TextEquiv>
                    <Unicode>ca di vigore. II suo arrabbiato dina-cof</Unicode>
                </TextEquiv>
            </TextLine>
            <TextLine id="r1l215" custom="readingOrder {index:214;}">
                <Coords points="201,2956 936,2969 936,2924 264,2927 201,2907"/>
                <Baseline points="219,2957 253,2957 288,2957 323,2957 358,2958 393,2958 428,2958 462,2958 497,2959 532,2959 567,2960 602,2960 637,2960 672,2961 706,2961 741,2961 776,2961 811,2961 846,2961 881,2961 916,2961"/>
                <TextEquiv>
                    <Unicode>quadri mostrava l'ahnunzio improv¬</Unicode>
                </TextEquiv>
            </TextLine>
            <TextLine id="r1l216" custom="readingOrder {index:215;}">
                <Coords points="954,2971 1648,2976 1648,2927 1582,2916 954,2923"/>
                <Baseline points="974,2961 1006,2962 1039,2962 1072,2962 1105,2962 1138,2963 1170,2963 1203,2963 1236,2963 1269,2964 1302,2964 1334,2964 1367,2964 1400,2965 1433,2965 1465,2965 1498,2965 1531,2965 1564,2965 1597,2965 1630,2965"/>
                <TextEquiv>
                    <Unicode>II =Demone della terras non &amp; che</Unicode>
                </TextEquiv>
            </TextLine>
            <TextLine id="r1l217" custom="readingOrder {index:216;}">
                <Coords points="1642,2976 1973,2958 1995,2976 2322,2977 2362,2973 2362,2929 1642,2931"/>
                <Baseline points="1662,2966 1696,2966 1730,2966 1764,2966 1798,2966 1832,2966 1866,2967 1900,2967 1934,2967 1968,2968 2002,2968 2036,2968 2070,2968 2104,2968 2138,2968 2172,2968 2206,2968 2240,2967 2274,2967 2308,2966 2342,2965"/>
                <TextEquiv>
                    <Unicode>nazione mentale, e Louleu ha aseiu¬</Unicode>
                </TextEquiv>
            </TextLine>
            <TextLine id="r1l218" custom="readingOrder {index:217;}">
                <Coords points="215,2994 812,2993 938,3013 939,2969 215,2960"/>
                <Baseline points="233,2990 267,2990 301,2991 335,2991 370,2992 404,2993 438,2993 473,2994 507,2994 541,2995 576,2995 610,2996 644,2996 678,2996 713,2996 747,2997 781,2997 816,2997 850,2997 884,2997 919,2997"/>
                <TextEquiv>
                    <Unicode>viso della pubertà nei fanciulli, negli</Unicode>
                </TextEquiv>
            </TextLine>
            <TextLine id="r1l219" custom="readingOrder {index:218;}">
                <Coords points="930,3000 3153,3015 3153,2952 930,2959"/>
                <Baseline points="947,2994 1056,2997 1165,2999 1275,3001 1384,3002 1494,3003 1603,3003 1712,3003 1822,3003 1931,3002 2041,3002 2150,3001 2259,3000 2369,2999 2478,2998 2588,2997 2697,2995 2806,2995 2916,2994 3025,2994 3135,2993"/>
                <TextEquiv>
                    <Unicode>la prima fase dell’ascensione di Lon I gato il sangue del marito sulla inano nismo e la sua bestiale voluttà, la re#</Unicode>
                </TextEquiv>
            </TextLine>
            <TextLine id="r1l220" custom="readingOrder {index:219;}">
                <Coords points="87,3027 105,3028 109,3032 117,3025 154,3022 173,3023 194,3032 213,3032 214,2999 196,2998 181,2990 155,2989 152,2985 144,2989 89,2986"/>
                <Baseline points="106,3017 135,3016 165,3018 195,3020"/>
                <TextEquiv>
                    <Unicode>nto,</Unicode>
                </TextEquiv>
            </TextLine>
            <TextLine id="r1l221" custom="readingOrder {index:220;}">
                <Coords points="2348,3021 2508,3047 2589,3025 3150,3044 3150,2992 3128,2989 2348,2987"/>
                <Baseline points="2368,3031 2406,3030 2444,3029 2482,3028 2520,3028 2558,3027 2596,3027 2634,3027 2672,3027 2710,3027 2749,3027 2787,3027 2825,3027 2863,3027 2901,3028 2939,3028 2977,3029 3015,3029 3053,3030 3091,3031 3130,3031"/>
                <TextEquiv>
                    <Unicode>Bua tragica fine sono d’essenza ger- i##</Unicode>
                </TextEquiv>
            </TextLine>
            <TextLine id="r1l222" custom="readingOrder {index:221;}">
                <Coords points="199,3037 1917,3041 199,2993"/>
                <Baseline points="219,3026 307,3027 395,3029 484,3030 572,3030 660,3031 749,3032 837,3033 925,3034 1014,3035 1102,3035 1191,3036 1279,3036 1367,3037 1456,3037 1544,3037 1632,3037 1721,3037 1809,3037 1898,3037"/>
                <TextEquiv>
                    <Unicode>scolarl, il sujeidio d’un allievo boc¬ leu verso la fortuna, grazie al suo dell'amante.</Unicode>
                </TextEquiv>
            </TextLine>
            <TextLine id="r1l223" custom="readingOrder {index:222;}">
                <Coords points="98,3057 180,3057 184,3061 195,3053 213,3052 212,3011 193,3012 186,3020 171,3024 163,3017 152,3017 141,3018 134,3025 119,3022 116,3026 97,3027"/>
                <Baseline points="117,3051 143,3051 169,3049 195,3049"/>
                <TextEquiv>
                    <Unicode>sen¬</Unicode>
                </TextEquiv>
            </TextLine>
            <TextLine id="r1l224" custom="readingOrder {index:223;}">
                <Coords points="2369,3067 2662,3053 3070,3079 3160,3057 3160,3027 2369,3034"/>
                <Baseline points="2388,3064 2425,3064 2463,3064 2500,3063 2538,3063 2576,3063 2613,3063 2651,3063 2689,3063 2726,3063 2764,3063 2802,3063 2839,3063 2877,3064 2915,3064 2952,3064 2990,3064 3028,3064 3065,3064 3103,3064 3141,3063"/>
                <TextEquiv>
                    <Unicode>manica. Arturo Schnitzer &amp; un altroe pae¬</Unicode>
                </TextEquiv>
            </TextLine>
            <TextLine id="r1l225" custom="readingOrder {index:224;}">
                <Coords points="98,3100 179,3090 183,3094 197,3085 216,3084 213,3051 195,3052 184,3060 180,3057 154,3059 139,3052 95,3056"/>
                <Baseline points="116,3088 142,3084 169,3082 196,3082"/>
                <TextEquiv>
                    <Unicode>qua¬</Unicode>
                </TextEquiv>
            </TextLine>
            <TextLine id="r1l226" custom="readingOrder {index:225;}">
                <Coords points="2360,3106 3192,3121 3192,3058 2360,3062"/>
                <Baseline points="2379,3101 2418,3101 2458,3101 2498,3101 2537,3101 2577,3101 2617,3101 2656,3101 2696,3100 2736,3100 2776,3100 2815,3100 2855,3100 2895,3100 2934,3100 2974,3100 3014,3100 3053,3101 3093,3101 3133,3102 3173,3103"/>
                <TextEquiv>
                    <Unicode>ortorico, Mero-Mfefstve, piu appas- jet#</Unicode>
                </TextEquiv>
            </TextLine>
            <TextLine id="r1l227" custom="readingOrder {index:226;}">
                <Coords points="92,3131 140,3125 151,3129 162,3124 173,3128 195,3119 217,3118 215,3074 197,3075 186,3086 171,3091 149,3080 89,3079"/>
                <Baseline points="111,3119 139,3117 168,3116 197,3115"/>
                <TextEquiv>
                    <Unicode>sen¬</Unicode>
                </TextEquiv>
            </TextLine>
            <TextLine id="r1l228" custom="readingOrder {index:227;}">
                <Coords points="2366,3142 3124,3148 3150,3145 3150,3093 2366,3097"/>
                <Baseline points="2384,3133 2421,3134 2458,3135 2496,3136 2533,3136 2570,3136 2608,3137 2645,3136 2682,3136 2720,3136 2757,3136 2794,3135 2832,3135 2869,3135 2906,3135 2944,3134 2981,3134 3018,3135 3056,3135 3093,3135 3131,3136"/>
                <TextEquiv>
                    <Unicode>ionato, di una erotica meno nervosa, des</Unicode>
                </TextEquiv>
            </TextLine>
            <TextLine id="r1l229" custom="readingOrder {index:228;}">
                <Coords points="108,3173 134,3175 148,3159 159,3158 185,3164 188,3160 204,3174 223,3173 219,3113 200,3115 193,3123 174,3116 149,3129 105,3129"/>
                <Baseline points="125,3159 150,3154 176,3152 202,3154"/>
                <TextEquiv>
                    <Unicode>par</Unicode>
                </TextEquiv>
            </TextLine>
            <TextLine id="r1l230" custom="readingOrder {index:229;}">
                <Coords points="2359,3176 3135,3178 3134,3134 3101,3123 2359,3124"/>
                <Baseline points="2379,3167 2415,3168 2452,3169 2489,3170 2526,3170 2563,3171 2600,3171 2636,3170 2673,3170 2710,3170 2747,3169 2784,3169 2821,3169 2858,3168 2894,3168 2931,3168 2968,3168 3005,3168 3042,3168 3079,3169 3116,3170"/>
                <TextEquiv>
                    <Unicode>neno ribelle, e nieno perschale. Anche lo#</Unicode>
                </TextEquiv>
            </TextLine>
            <TextLine id="r1l231" custom="readingOrder {index:230;}">
                <Coords points="88,3210 106,3209 124,3193 143,3196 161,3191 183,3198 194,3190 213,3189 211,3152 192,3152 181,3146 136,3152 121,3138 84,3140"/>
                <Baseline points="106,3188 135,3186 164,3185 193,3183"/>
                <TextEquiv>
                    <Unicode>rbie¬</Unicode>
                </TextEquiv>
            </TextLine>
            <TextLine id="r1l232" custom="readingOrder {index:231;}">
                <Coords points="2360,3212 3147,3207 3147,3170 2360,3160"/>
                <Baseline points="2379,3205 2416,3205 2454,3206 2491,3206 2529,3207 2566,3207 2604,3207 2641,3206 2679,3206 2716,3206 2754,3205 2791,3205 2829,3204 2866,3204 2904,3203 2941,3203 2979,3203 3016,3203 3054,3203 3091,3203 3129,3203"/>
                <TextEquiv>
                    <Unicode>gli scrisse delle ssagnetese di spirito eu</Unicode>
                </TextEquiv>
            </TextLine>
            <TextLine id="r1l233" custom="readingOrder {index:232;}">
                <Coords points="218,3213 1031,3225 1068,3211 1069,3118 961,3143 846,3108 397,3129 353,3095 219,3083"/>
                <Baseline points="238,3201 278,3201 319,3201 359,3201 400,3201 440,3202 481,3202 521,3202 562,3203 602,3203 643,3204 684,3205 724,3205 765,3206 805,3206 846,3207 886,3207 927,3207 967,3208 1008,3208 1049,3208"/>
                <TextEquiv>
                    <Unicode>Nove milioni</Unicode>
                </TextEquiv>
            </TextLine>
            <TextLine id="r1l234" custom="readingOrder {index:233;}">
                <Coords points="1064,3222 2244,3234 2348,3216 2348,3108 1621,3146 1142,3107 1064,3155"/>
                <Baseline points="1081,3206 1143,3207 1205,3207 1268,3208 1330,3208 1393,3208 1455,3209 1518,3209 1580,3209 1643,3210 1705,3210 1767,3210 1830,3210 1892,3210 1955,3211 2017,3211 2080,3211 2142,3211 2205,3211 2267,3211 2330,3211"/>
                <TextEquiv>
                    <Unicode>di lavoratori italiani</Unicode>
                </TextEquiv>
            </TextLine>
            <TextLine id="r1l235" custom="readingOrder {index:234;}">
                <Coords points="93,3235 115,3236 118,3232 163,3228 166,3224 178,3227 185,3222 189,3226 199,3217 221,3215 218,3178 199,3180 192,3188 163,3194 148,3192 137,3197 126,3191 112,3199 89,3202"/>
                <Baseline points="112,3226 142,3224 173,3220 204,3218"/>
                <TextEquiv>
                    <Unicode>con¬</Unicode>
                </TextEquiv>
            </TextLine>
            <TextLine id="r1l236" custom="readingOrder {index:235;}">
                <Coords points="2362,3245 3141,3246 3141,3202 3115,3198 2362,3197"/>
                <Baseline points="2382,3236 2419,3238 2456,3239 2493,3240 2530,3241 2567,3241 2604,3241 2641,3241 2678,3241 2715,3240 2752,3240 2789,3239 2826,3238 2863,3238 2900,3237 2937,3237 2974,3237 3011,3237 3048,3237 3085,3238 3123,3239"/>
                <TextEquiv>
                    <Unicode>ienucse. come: dLa Ronda- uns serie g##</Unicode>
                </TextEquiv>
            </TextLine>
            <TextLine id="r1l237" custom="readingOrder {index:236;}">
                <Coords points="2361,3278 3129,3281 3129,3244 2995,3245 2958,3223 2828,3246 2361,3237"/>
                <Baseline points="2381,3274 2417,3275 2453,3276 2490,3277 2526,3277 2563,3277 2599,3277 2636,3276 2672,3276 2709,3275 2745,3275 2781,3274 2818,3274 2854,3273 2891,3273 2927,3272 2964,3272 3000,3273 3037,3273 3073,3274 3110,3275"/>
                <TextEquiv>
                    <Unicode>episodi che mettono successivamen</Unicode>
                </TextEquiv>
            </TextLine>
            <TextLine id="r1l238" custom="readingOrder {index:237;}">
                <Coords points="89,3302 111,3301 115,3305 129,3293 148,3300 185,3298 196,3286 203,3293 226,3292 224,3255 172,3261 164,3254 153,3259 142,3248 127,3252 112,3238 86,3239"/>
                <Baseline points="107,3289 139,3289 172,3287 205,3285"/>
                <TextEquiv>
                    <Unicode>Endb¬</Unicode>
                </TextEquiv>
            </TextLine>
            <TextLine id="r1l239" custom="readingOrder {index:238;}">
                <Coords points="634,3308 1236,3328 1291,3287 1339,3328 1844,3330 1926,3322 1926,3237 634,3253"/>
                <Baseline points="653,3304 715,3304 778,3305 841,3305 904,3305 966,3306 1029,3306 1092,3306 1155,3307 1217,3307 1280,3307 1343,3308 1406,3308 1468,3308 1531,3308 1594,3308 1657,3308 1719,3307 1782,3307 1845,3306 1908,3305"/>
                <TextEquiv>
                    <Unicode>sparsi per il mondo</Unicode>
                </TextEquiv>
            </TextLine>
            <TextLine id="r1l240" custom="readingOrder {index:239;}">
                <Coords points="2370,3310 2800,3306 2834,3328 3142,3309 3142,3283 3041,3275 2370,3266"/>
                <Baseline points="2387,3307 2423,3308 2460,3309 2497,3310 2534,3310 2571,3310 2608,3311 2644,3311 2681,3311 2718,3311 2755,3310 2792,3310 2829,3310 2866,3310 2902,3309 2939,3309 2976,3309 3013,3308 3050,3308 3087,3308 3124,3308"/>
                <TextEquiv>
                    <Unicode>ein scena un uomo e una donna di cof</Unicode>
                </TextEquiv>
            </TextLine>
            <TextLine id="r1l241" custom="readingOrder {index:240;}">
                <Coords points="102,3329 121,3327 140,3334 143,3330 177,3332 188,3327 196,3334 214,3333 212,3289 171,3287 153,3300 130,3293 119,3302 101,3303"/>
                <Baseline points="121,3323 158,3322 195,3319"/>
                <TextEquiv>
                    <Unicode>tur¬</Unicode>
                </TextEquiv>
            </TextLine>
            <TextLine id="r1l242" custom="readingOrder {index:241;}">
                <Coords points="2352,3349 3143,3345 3143,3308 2352,3293"/>
                <Baseline points="2370,3339 2407,3341 2445,3342 2483,3343 2521,3344 2559,3345 2596,3345 2634,3346 2672,3346 2710,3346 2748,3346 2785,3346 2823,3345 2861,3345 2899,3344 2937,3344 2974,3343 3012,3342 3050,3342 3088,3341 3126,3340"/>
                <TextEquiv>
                    <Unicode>Wiifferente classe sociale sempre in. ca</Unicode>
                </TextEquiv>
            </TextLine>
            <TextLine id="r1l243" custom="readingOrder {index:242;}">
                <Coords points="99,3357 147,3364 162,3361 184,3370 221,3372 224,3331 205,3330 195,3322 184,3321 176,3321 168,3328 102,3324"/>
                <Baseline points="117,3356 145,3357 174,3358 203,3362"/>
                <TextEquiv>
                    <Unicode>alla</Unicode>
                </TextEquiv>
            </TextLine>
            <TextLine id="r1l244" custom="readingOrder {index:243;}">
                <Coords points="663,3356 752,3373 767,3362 815,3371 830,3363 870,3375 922,3369 923,3325 890,3328 875,3316 842,3323 835,3315 730,3328 664,3319"/>
                <Baseline points="680,3357 708,3359 736,3361 764,3362 792,3362 820,3362 848,3362 876,3363 904,3364"/>
                <TextEquiv>
                    <Unicode>ROMA, 13</Unicode>
                </TextEquiv>
            </TextLine>
            <TextLine id="r1l245" custom="readingOrder {index:244;}">
                <Coords points="906,3369 1645,3375 1645,3327 1597,3319 906,3324"/>
                <Baseline points="926,3361 962,3363 999,3364 1036,3365 1073,3366 1109,3366 1146,3366 1183,3366 1220,3366 1257,3366 1293,3366 1330,3366 1367,3365 1404,3365 1441,3365 1477,3365 1514,3365 1551,3366 1588,3367 1625,3368"/>
                <TextEquiv>
                    <Unicode>no l’Eurona con 1.267.841 (13,83 per</Unicode>
                </TextEquiv>
            </TextLine>
            <TextLine id="r1l246" custom="readingOrder {index:245;}">
                <Coords points="1625,3386 1758,3366 2359,3377 2359,3322 1624,3326"/>
                <Baseline points="1643,3370 1677,3369 1712,3368 1747,3368 1782,3367 1817,3366 1851,3366 1886,3366 1921,3366 1956,3366 1991,3365 2025,3365 2060,3365 2095,3365 2130,3365 2165,3365 2199,3365 2234,3365 2269,3365 2304,3364 2339,3364"/>
                <TextEquiv>
                    <Unicode>quasi completamente assorbita da</Unicode>
                </TextEquiv>
            </TextLine>
            <TextLine id="r1l247" custom="readingOrder {index:246;}">
                <Coords points="2354,3382 3007,3401 3145,3383 3145,3342 2354,3348"/>
                <Baseline points="2374,3375 2411,3376 2449,3377 2486,3378 2524,3379 2562,3379 2599,3380 2637,3380 2674,3381 2712,3381 2750,3381 2787,3381 2825,3381 2862,3381 2900,3381 2938,3380 2975,3380 3013,3379 3050,3378 3088,3377 3126,3376"/>
                <TextEquiv>
                    <Unicode>fluchzati da un'unich preoccupazio-sin</Unicode>
                </TextEquiv>
            </TextLine>
            <TextLine id="r1l248" custom="readingOrder {index:247;}">
                <Coords points="97,3396 119,3397 122,3401 160,3398 163,3402 182,3402 200,3395 204,3399 223,3400 223,3370 194,3369 164,3361 149,3364 142,3360 135,3364 116,3356 98,3355"/>
                <Baseline points="116,3393 146,3393 176,3392 206,3397"/>
                <TextEquiv>
                    <Unicode>We¬</Unicode>
                </TextEquiv>
            </TextLine>
            <TextLine id="r1l249" custom="readingOrder {index:248;}">
                <Coords points="215,3381 538,3412 924,3403 925,3358 216,3348"/>
                <Baseline points="235,3392 268,3391 302,3391 335,3391 369,3391 402,3392 436,3392 469,3393 503,3394 536,3394 570,3395 603,3396 637,3397 670,3397 704,3398 737,3398 771,3399 804,3399 838,3399 871,3399 905,3398"/>
                <TextEquiv>
                    <Unicode>A cura del ministero degli Esteri 6</Unicode>
                </TextEquiv>
            </TextLine>
            <TextLine id="r1l250" custom="readingOrder {index:249;}">
                <Coords points="916,3404 1558,3413 1644,3405 1644,3361 916,3367"/>
                <Baseline points="933,3399 967,3399 1002,3400 1036,3401 1071,3401 1105,3402 1140,3402 1174,3402 1209,3403 1243,3403 1278,3403 1313,3403 1347,3403 1382,3403 1416,3403 1451,3402 1485,3402 1520,3401 1554,3401 1589,3400 1624,3399"/>
                <TextEquiv>
                    <Unicode>cento) I’Africa con 88,702 (2,06 per cen¬</Unicode>
                </TextEquiv>
            </TextLine>
            <TextLine id="r1l251" custom="readingOrder {index:250;}">
                <Coords points="1638,3410 2358,3413 2358,3376 2295,3368 1638,3365"/>
                <Baseline points="1658,3403 1692,3402 1726,3402 1760,3402 1794,3402 1828,3402 1862,3402 1896,3402 1930,3402 1964,3403 1999,3403 2033,3403 2067,3403 2101,3404 2135,3404 2169,3404 2203,3404 2237,3404 2271,3404 2305,3404 2340,3404"/>
                <TextEquiv>
                    <Unicode>quattro regioni: la Tunisja, I’Egitto,</Unicode>
                </TextEquiv>
            </TextLine>
            <TextLine id="r1l252" custom="readingOrder {index:251;}">
                <Coords points="2349,3422 2371,3422 2375,3425 2379,3422 2386,3429 2401,3414 2409,3414 2412,3418 2420,3418 2423,3414 2446,3414 2446,3388 2427,3388 2409,3377 2401,3377 2390,3385 2379,3385 2375,3381 2349,3381"/>
                <Baseline points="2369,3411 2399,3413 2429,3411"/>
                <TextEquiv>
                    <Unicode>ne.</Unicode>
                </TextEquiv>
            </TextLine>
            <TextLine id="r1l253" custom="readingOrder {index:252;}">
                <Coords points="104,3435 205,3432 203,3398 152,3400 136,3393 103,3394"/>
                <Baseline points="121,3427 153,3427 185,3425"/>
                <TextEquiv>
                    <Unicode>car¬</Unicode>
                </TextEquiv>
            </TextLine>
            <TextLine id="r1l254" custom="readingOrder {index:253;}">
                <Coords points="204,3432 924,3438 924,3401 204,3384"/>
                <Baseline points="221,3426 255,3427 289,3428 323,3428 358,3429 392,3430 426,3430 461,3430 495,3431 529,3431 564,3431 598,3432 632,3432 666,3432 701,3433 735,3433 769,3434 804,3434 838,3435 872,3436 907,3437"/>
                <TextEquiv>
                    <Unicode>stato pubblicato un volume, in cui</Unicode>
                </TextEquiv>
            </TextLine>
            <TextLine id="r1l255" custom="readingOrder {index:254;}">
                <Coords points="916,3439 1480,3447 1550,3440 1550,3395 916,3402"/>
                <Baseline points="935,3432 964,3432 994,3432 1024,3432 1054,3433 1083,3433 1113,3433 1143,3434 1173,3434 1202,3434 1232,3435 1262,3435 1292,3435 1321,3436 1351,3436 1381,3436 1411,3436 1440,3435 1470,3435 1500,3435 1530,3434"/>
                <TextEquiv>
                    <Unicode>to). L’Oceania con 27.567 10,30</Unicode>
                </TextEquiv>
            </TextLine>
            <TextLine id="r1l256" custom="readingOrder {index:255;}">
                <Coords points="1543,3442 1561,3441 1573,3444 1632,3439 1629,3405 1603,3408 1596,3405 1573,3406 1566,3407 1563,3411 1540,3413"/>
                <Baseline points="1563,3439 1588,3436 1613,3435"/>
                <TextEquiv>
                    <Unicode>per</Unicode>
                </TextEquiv>
            </TextLine>
            <TextLine id="r1l257" custom="readingOrder {index:256;}">
                <Coords points="1626,3448 2112,3448 2112,3411 2000,3392 1626,3392"/>
                <Baseline points="1646,3437 1672,3437 1698,3437 1725,3438 1751,3438 1777,3438 1804,3438 1830,3438 1856,3438 1883,3438 1909,3438 1935,3438 1962,3438 1988,3438 2014,3438 2041,3437 2067,3437 2094,3437"/>
                <TextEquiv>
                    <Unicode>TAlgeria ed 11 Marocco.</Unicode>
                </TextEquiv>
            </TextLine>
            <TextLine id="r1l258" custom="readingOrder {index:257;}">
                <Coords points="3071,3457 3126,3450 3133,3442 3155,3439 3149,3395 3131,3397 3121,3406 3102,3404 3095,3409 3091,3406 3084,3411 3065,3413"/>
                <Baseline points="3090,3446 3138,3440"/>
                <TextEquiv>
                    <Unicode>90</Unicode>
                </TextEquiv>
            </TextLine>
            <TextLine id="r1l259" custom="readingOrder {index:258;}">
                <Coords points="2366,3441 2403,3460 3071,3454 3071,3410 2956,3399 2366,3412"/>
                <Baseline points="2383,3449 2416,3449 2450,3449 2483,3450 2517,3450 2550,3450 2584,3451 2617,3451 2651,3451 2684,3451 2718,3451 2751,3451 2785,3451 2818,3451 2852,3451 2885,3450 2919,3450 2952,3449 2986,3448 3019,3446 3053,3445"/>
                <TextEquiv>
                    <Unicode>Meno vigorost dei germanicl, nien¬</Unicode>
                </TextEquiv>
            </TextLine>
            <TextLine id="r1l260" custom="readingOrder {index:259;}">
                <Coords points="90,3469 180,3471 198,3459 216,3459 216,3418 153,3419 119,3428 108,3417 89,3417"/>
                <Baseline points="107,3461 137,3460 167,3461 198,3458"/>
                <TextEquiv>
                    <Unicode>rna¬</Unicode>
                </TextEquiv>
            </TextLine>
            <TextLine id="r1l261" custom="readingOrder {index:260;}">
                <Coords points="199,3468 915,3476 916,3435 199,3431"/>
                <Baseline points="217,3460 251,3461 285,3462 319,3463 353,3464 387,3464 421,3465 455,3465 489,3466 523,3466 557,3466 591,3467 625,3467 659,3467 693,3467 727,3467 761,3467 795,3467 829,3468 863,3468 897,3468"/>
                <TextEquiv>
                    <Unicode>scno stati raccolti i dati relativi al</Unicode>
                </TextEquiv>
            </TextLine>
            <TextLine id="r1l262" custom="readingOrder {index:261;}">
                <Coords points="914,3474 962,3471 984,3476 1025,3469 1033,3477 1055,3477 1056,3436 1026,3436 1019,3428 989,3427 974,3442 959,3434 915,3437"/>
                <Baseline points="933,3466 958,3465 984,3465 1009,3466 1035,3468"/>
                <TextEquiv>
                    <Unicode>ceito)</Unicode>
                </TextEquiv>
            </TextLine>
            <TextLine id="r1l263" custom="readingOrder {index:262;}">
                <Coords points="1038,3480 1179,3493 1332,3476 1398,3495 1432,3473 1484,3496 1603,3479 1651,3498 1651,3431 1039,3436"/>
                <Baseline points="1058,3467 1086,3468 1115,3468 1144,3469 1172,3469 1201,3470 1230,3471 1258,3472 1287,3472 1316,3473 1345,3474 1373,3475 1402,3475 1431,3475 1459,3475 1488,3475 1517,3474 1545,3473 1574,3472 1603,3471 1632,3470"/>
                <TextEquiv>
                    <Unicode>&amp; l'Asla con 9,674 (0.10 per</Unicode>
                </TextEquiv>
            </TextLine>
            <TextLine id="r1l264" custom="readingOrder {index:263;}">
                <Coords points="1658,3484 2348,3486 2348,3422 2103,3425 2032,3448 1658,3440"/>
                <Baseline points="1675,3479 1707,3480 1740,3481 1773,3482 1806,3482 1838,3482 1871,3482 1904,3481 1937,3481 1969,3480 2002,3480 2035,3479 2068,3478 2100,3478 2133,3477 2166,3477 2199,3476 2231,3476 2264,3477 2297,3477 2330,3478"/>
                <TextEquiv>
                    <Unicode>I. censimento non si é fermato alla</Unicode>
                </TextEquiv>
            </TextLine>
            <TextLine id="r1l265" custom="readingOrder {index:264;}">
                <Coords points="2349,3485 2653,3498 2727,3479 2761,3497 2976,3477 3080,3499 3080,3436 3057,3432 2790,3453 2349,3440"/>
                <Baseline points="2367,3486 2401,3487 2436,3487 2470,3488 2505,3488 2540,3489 2574,3489 2609,3489 2644,3489 2678,3490 2713,3489 2748,3489 2782,3489 2817,3488 2852,3488 2886,3487 2921,3486 2956,3485 2990,3484 3025,3482 3060,3481"/>
                <TextEquiv>
                    <Unicode>tealfatto moralisti, osservatorile bur¬</Unicode>
                </TextEquiv>
            </TextLine>
            <TextLine id="r1l266" custom="readingOrder {index:265;}">
                <Coords points="89,3513 119,3516 126,3509 130,3513 137,3505 156,3508 159,3504 204,3503 203,3466 185,3467 158,3456 147,3468 133,3468 129,3464 125,3468 88,3469"/>
                <Baseline points="109,3499 134,3497 160,3498 186,3496"/>
                <TextEquiv>
                    <Unicode>us¬</Unicode>
                </TextEquiv>
            </TextLine>
            <TextLine id="r1l267" custom="readingOrder {index:266;}">
                <Coords points="909,3519 939,3519 961,3507 991,3507 1021,3517 1042,3498 1046,3502 1057,3494 1076,3494 1075,3460 1057,3461 1045,3450 1027,3461 1001,3458 986,3473 908,3467"/>
                <Baseline points="927,3501 953,3500 979,3500 1005,3499 1031,3499 1058,3498"/>
                <TextEquiv>
                    <Unicode>cento).</Unicode>
                </TextEquiv>
            </TextLine>
            <TextLine id="r1l268" custom="readingOrder {index:267;}">
                <Coords points="200,3501 928,3501 928,3464 902,3460 200,3464"/>
                <Baseline points="217,3495 251,3496 286,3497 320,3499 355,3500 389,3500 424,3501 458,3501 493,3502 527,3502 562,3502 597,3502 631,3502 666,3502 700,3502 735,3501 769,3501 804,3501 838,3501 873,3500 908,3500"/>
                <TextEquiv>
                    <Unicode>censimento degli itallani all’Estero al¬</Unicode>
                </TextEquiv>
            </TextLine>
            <TextLine id="r1l269" custom="readingOrder {index:268;}">
                <Coords points="3063,3527 3108,3523 3129,3509 3133,3512 3136,3508 3154,3506 3148,3447 3129,3449 3126,3453 3118,3450 3085,3454 3075,3466 3057,3468"/>
                <Baseline points="3082,3520 3110,3514 3138,3514"/>
                <TextEquiv>
                    <Unicode>in</Unicode>
                </TextEquiv>
            </TextLine>
            <TextLine id="r1l270" custom="readingOrder {index:269;}">
                <Coords points="1635,3518 3072,3520 3027,3472 1636,3477"/>
                <Baseline points="1654,3519 1723,3517 1793,3515 1863,3515 1933,3514 2003,3514 2073,3515 2143,3516 2213,3517 2283,3518 2353,3519 2422,3521 2492,3522 2562,3523 2632,3524 2702,3524 2772,3524 2842,3523 2912,3522 2982,3520 3052,3518"/>
                <TextEquiv>
                    <Unicode>composizione quantitativa e qualita-Tjoni i viennesi nella loro superficia¬</Unicode>
                </TextEquiv>
            </TextLine>
            <TextLine id="r1l271" custom="readingOrder {index:270;}">
                <Coords points="108,3533 126,3533 156,3544 178,3541 182,3537 208,3537 208,3503 156,3503 148,3496 108,3496"/>
                <Baseline points="125,3532 157,3534 189,3532"/>
                <TextEquiv>
                    <Unicode>ag¬</Unicode>
                </TextEquiv>
            </TextLine>
            <TextLine id="r1l272" custom="readingOrder {index:271;}">
                <Coords points="205,3538 866,3534 929,3556 929,3501 206,3490"/>
                <Baseline points="224,3530 258,3531 292,3532 327,3534 361,3535 396,3535 430,3536 464,3537 499,3537 533,3537 568,3537 602,3537 636,3537 671,3537 705,3537 740,3536 774,3536 808,3536 843,3535 877,3535 912,3535"/>
                <TextEquiv>
                    <Unicode>ja metà del 1927. In questo volume, di</Unicode>
                </TextEquiv>
            </TextLine>
            <TextLine id="r1l273" custom="readingOrder {index:272;}">
                <Coords points="939,3546 1633,3549 1633,3494 1125,3487 939,3512"/>
                <Baseline points="958,3534 990,3535 1023,3536 1056,3536 1089,3537 1122,3537 1154,3538 1187,3538 1220,3539 1253,3539 1286,3539 1318,3539 1351,3540 1384,3540 1417,3540 1449,3539 1482,3539 1515,3539 1548,3538 1581,3538 1614,3537"/>
                <TextEquiv>
                    <Unicode>In Europa la Francia rappresenta</Unicode>
                </TextEquiv>
            </TextLine>
            <TextLine id="r1l274" custom="readingOrder {index:273;}">
                <Coords points="1637,3556 2361,3553 2360,3512 1637,3519"/>
                <Baseline points="1655,3551 1689,3551 1723,3551 1758,3552 1792,3552 1826,3552 1861,3552 1895,3551 1929,3551 1964,3551 1998,3551 2032,3550 2067,3550 2101,3550 2135,3550 2170,3549 2204,3549 2238,3549 2273,3549 2307,3550 2342,3550"/>
                <TextEquiv>
                    <Unicode>tiva della popolazione italiana all'e¬</Unicode>
                </TextEquiv>
            </TextLine>
            <TextLine id="r1l275" custom="readingOrder {index:274;}">
                <Coords points="2344,3558 3067,3559 3067,3522 2900,3511 2344,3521"/>
                <Baseline points="2363,3557 2397,3557 2431,3557 2466,3558 2500,3558 2534,3558 2569,3558 2603,3558 2637,3558 2672,3558 2706,3558 2740,3558 2775,3558 2809,3558 2843,3557 2878,3557 2912,3556 2946,3556 2981,3555 3015,3555 3050,3554"/>
                <TextEquiv>
                    <Unicode>lità non mancano di sfumature. Una</Unicode>
                </TextEquiv>
            </TextLine>
            <TextLine id="r1l276" custom="readingOrder {index:275;}">
                <Coords points="90,3577 134,3571 175,3574 182,3566 215,3561 214,3513 180,3514 151,3541 113,3516 88,3517"/>
                <Baseline points="108,3566 137,3564 167,3563 197,3563"/>
                <TextEquiv>
                    <Unicode>ene¬</Unicode>
                </TextEquiv>
            </TextLine>
            <TextLine id="r1l277" custom="readingOrder {index:276;}">
                <Coords points="196,3568 912,3579 912,3534 890,3531 196,3519"/>
                <Baseline points="216,3564 251,3566 287,3567 323,3568 358,3570 394,3571 430,3571 466,3572 501,3572 537,3572 573,3572 609,3572 644,3572 680,3572 716,3571 752,3571 787,3571 823,3570 859,3570 895,3570"/>
                <TextEquiv>
                    <Unicode>circa 800 pagine, dopo una introdu¬</Unicode>
                </TextEquiv>
            </TextLine>
            <TextLine id="r1l278" custom="readingOrder {index:277;}">
                <Coords points="912,3576 1639,3574 1639,3540 912,3532"/>
                <Baseline points="931,3572 965,3571 999,3571 1034,3572 1068,3572 1103,3572 1137,3573 1172,3573 1206,3574 1241,3574 1275,3575 1309,3575 1344,3575 1378,3576 1413,3576 1447,3576 1482,3576 1516,3575 1551,3575 1585,3574 1620,3573"/>
                <TextEquiv>
                    <Unicode>II paese dove risiede 1! maggior nu¬</Unicode>
                </TextEquiv>
            </TextLine>
            <TextLine id="r1l279" custom="readingOrder {index:278;}">
                <Coords points="1632,3585 2356,3586 2356,3552 1632,3545"/>
                <Baseline points="1651,3583 1685,3584 1719,3584 1753,3584 1788,3584 1822,3584 1856,3584 1891,3584 1925,3584 1959,3584 1994,3584 2028,3584 2062,3584 2096,3584 2131,3584 2165,3584 2199,3584 2234,3584 2268,3584 2302,3584 2337,3584"/>
                <TextEquiv>
                    <Unicode>stero, ma ha voluto ancora tentare</Unicode>
                </TextEquiv>
            </TextLine>
            <TextLine id="r1l280" custom="readingOrder {index:279;}">
                <Coords points="2354,3594 3026,3604 3070,3593 3070,3552 2354,3557"/>
                <Baseline points="2371,3591 2405,3591 2439,3592 2473,3592 2507,3592 2541,3592 2575,3592 2609,3592 2643,3592 2677,3592 2711,3592 2745,3592 2779,3592 2813,3592 2847,3592 2881,3591 2915,3591 2949,3591 2983,3590 3017,3590 3052,3589"/>
                <TextEquiv>
                    <Unicode>lunga novella di Schnitzler, -La signo</Unicode>
                </TextEquiv>
            </TextLine>
            <TextLine id="r1l281" custom="readingOrder {index:280;}">
                <Coords points="90,3604 142,3612 157,3612 164,3605 209,3609 209,3568 191,3568 172,3557 154,3572 139,3568 124,3556 120,3560 91,3560"/>
                <Baseline points="109,3598 135,3598 162,3599 189,3598"/>
                <TextEquiv>
                    <Unicode>atort</Unicode>
                </TextEquiv>
            </TextLine>
            <TextLine id="r1l282" custom="readingOrder {index:281;}">
                <Coords points="187,3617 844,3599 932,3623 933,3567 187,3558"/>
                <Baseline points="206,3597 241,3598 276,3599 312,3600 347,3601 383,3602 418,3603 453,3603 489,3604 524,3604 560,3605 595,3605 630,3606 666,3606 701,3606 737,3606 772,3606 807,3606 843,3606 878,3606 914,3605"/>
                <TextEquiv>
                    <Unicode>zione riassuntlva circa i metodi a¬</Unicode>
                </TextEquiv>
            </TextLine>
            <TextLine id="r1l283" custom="readingOrder {index:282;}">
                <Coords points="910,3605 1619,3613 1619,3565 910,3572"/>
                <Baseline points="929,3605 962,3606 996,3606 1029,3607 1063,3607 1096,3608 1130,3609 1163,3610 1197,3610 1230,3610 1264,3611 1298,3611 1331,3611 1365,3612 1398,3612 1432,3611 1465,3611 1499,3610 1532,3609 1566,3608 1600,3607"/>
                <TextEquiv>
                    <Unicode>mero di connazionali: 962,593 con 1I</Unicode>
                </TextEquiv>
            </TextLine>
            <TextLine id="r1l284" custom="readingOrder {index:283;}">
                <Coords points="1627,3626 2347,3619 2347,3586 1627,3581"/>
                <Baseline points="1647,3618 1681,3618 1715,3618 1749,3618 1783,3618 1817,3618 1851,3618 1885,3618 1919,3618 1953,3618 1988,3618 2022,3618 2056,3617 2090,3617 2124,3617 2158,3616 2192,3616 2226,3616 2260,3616 2294,3615 2329,3615"/>
                <TextEquiv>
                    <Unicode>Tindagine sulla consistenza delle va¬</Unicode>
                </TextEquiv>
            </TextLine>
            <TextLine id="r1l285" custom="readingOrder {index:284;}">
                <Coords points="2345,3635 3072,3631 3072,3586 2344,3583"/>
                <Baseline points="2363,3623 2397,3624 2431,3624 2466,3625 2500,3625 2535,3625 2569,3625 2604,3625 2638,3625 2673,3625 2707,3625 2741,3625 2776,3625 2810,3625 2845,3624 2879,3624 2914,3624 2948,3624 2983,3624 3017,3624 3052,3624"/>
                <TextEquiv>
                    <Unicode>rina Elsae da und costunii e</Unicode>
                </TextEquiv>
            </TextLine>
            <TextLine id="r1l286" custom="readingOrder {index:285;}">
                <Coords points="198,3642 1630,3646 1579,3598 198,3605"/>
                <Baseline points="216,3633 285,3634 355,3636 425,3637 495,3638 565,3639 635,3640 704,3640 774,3641 844,3642 914,3642 984,3642 1054,3643 1124,3643 1193,3643 1263,3644 1333,3644 1403,3644 1473,3645 1543,3645 1613,3646"/>
                <TextEquiv>
                    <Unicode>dottatl per il rilevamento, sono espo-174.91 per cento della totale popolazjo.</Unicode>
                </TextEquiv>
            </TextLine>
            <TextLine id="r1l287" custom="readingOrder {index:286;}">
                <Coords points="1639,3656 2195,3644 2236,3666 2355,3654 2355,3609 1638,3616"/>
                <Baseline points="1656,3652 1691,3653 1727,3653 1763,3653 1798,3653 1834,3653 1870,3653 1906,3652 1941,3652 1977,3651 2013,3651 2049,3650 2084,3650 2120,3649 2156,3649 2192,3648 2227,3648 2263,3649 2299,3649 2335,3649"/>
                <TextEquiv>
                    <Unicode>rie istituzioni esistenti nelle colonie</Unicode>
                </TextEquiv>
            </TextLine>
            <TextLine id="r1l288" custom="readingOrder {index:287;}">
                <Coords points="3069,3659 3125,3663 3136,3652 3140,3656 3162,3652 3162,3503 3140,3503 3114,3522 3069,3522"/>
                <Baseline points="3086,3655 3114,3653 3142,3655"/>
                <TextEquiv>
                    <Unicode>5</Unicode>
                </TextEquiv>
            </TextLine>
            <TextLine id="r1l289" custom="readingOrder {index:288;}">
                <Coords points="2354,3665 3077,3662 3077,3625 3029,3621 2354,3624"/>
                <Baseline points="2371,3659 2405,3659 2439,3660 2474,3660 2508,3660 2543,3660 2577,3660 2611,3660 2646,3660 2680,3660 2715,3660 2749,3660 2783,3660 2818,3660 2852,3660 2887,3660 2921,3660 2955,3660 2990,3660 3024,3660 3059,3661"/>
                <TextEquiv>
                    <Unicode>della psicologia. Essa &amp; seritta da un</Unicode>
                </TextEquiv>
            </TextLine>
            <TextLine id="r1l290" custom="readingOrder {index:289;}">
                <Coords points="96,3677 152,3675 159,3682 178,3671 207,3670 203,3507 136,3505 122,3520 111,3513 92,3513"/>
                <Baseline points="116,3668 153,3665 190,3666"/>
                <TextEquiv>
                    <Unicode>5</Unicode>
                </TextEquiv>
            </TextLine>
            <TextLine id="r1l291" custom="readingOrder {index:290;}">
                <Coords points="192,3683 1636,3685 1595,3636 192,3631"/>
                <Baseline points="211,3669 281,3670 351,3671 421,3672 492,3673 562,3673 632,3674 702,3675 773,3675 843,3676 913,3677 983,3677 1054,3678 1124,3678 1194,3678 1264,3678 1335,3678 1405,3678 1475,3678 1545,3678 1616,3677"/>
                <TextEquiv>
                    <Unicode>sti in una serie di tabelle statistiche i ne italiana einigrata nei paest d’En¬</Unicode>
                </TextEquiv>
            </TextLine>
            <TextLine id="r1l292" custom="readingOrder {index:291;}">
                <Coords points="1621,3701 1918,3678 1959,3704 2353,3702 2352,3654 1621,3649"/>
                <Baseline points="1641,3686 1675,3686 1710,3687 1745,3687 1779,3687 1814,3687 1849,3687 1883,3687 1918,3687 1953,3687 1988,3687 2022,3686 2057,3686 2092,3686 2126,3686 2161,3685 2196,3685 2230,3685 2265,3685 2300,3684 2335,3684"/>
                <TextEquiv>
                    <Unicode>italiane fuori confine: scuole, asso¬</Unicode>
                </TextEquiv>
            </TextLine>
            <TextLine id="r1l293" custom="readingOrder {index:292;}">
                <Coords points="3071,3696 3105,3697 3115,3708 3123,3709 3130,3701 3149,3702 3150,3661 3121,3660 3117,3656 3072,3659"/>
                <Baseline points="3089,3690 3132,3691"/>
                <TextEquiv>
                    <Unicode>1a</Unicode>
                </TextEquiv>
            </TextLine>
            <TextLine id="r1l294" custom="readingOrder {index:293;}">
                <Coords points="2343,3708 3033,3700 3074,3693 3074,3641 2955,3641 2922,3663 2343,3653"/>
                <Baseline points="2361,3695 2395,3695 2430,3694 2464,3694 2499,3694 2534,3694 2568,3694 2603,3694 2638,3694 2672,3694 2707,3693 2742,3693 2776,3693 2811,3693 2846,3693 2880,3693 2915,3694 2950,3694 2984,3694 3019,3694 3054,3694"/>
                <TextEquiv>
                    <Unicode>autore drammatico sotto la falsa for¬</Unicode>
                </TextEquiv>
            </TextLine>
            <TextLine id="r1l295" custom="readingOrder {index:294;}">
                <Coords points="77,3711 106,3710 118,3718 155,3706 158,3710 199,3713 199,3669 173,3673 150,3654 117,3677 98,3659 76,3659"/>
                <Baseline points="97,3707 125,3703 153,3704 181,3705"/>
                <TextEquiv>
                    <Unicode>10</Unicode>
                </TextEquiv>
            </TextLine>
            <TextLine id="r1l296" custom="readingOrder {index:295;}">
                <Coords points="199,3705 1635,3720 1635,3676 1576,3672 199,3672"/>
                <Baseline points="218,3703 291,3705 365,3706 438,3707 512,3708 586,3709 659,3710 733,3710 807,3711 880,3711 954,3711 1027,3712 1101,3712 1175,3712 1248,3712 1322,3712 1396,3712 1469,3712 1543,3712 1617,3712"/>
                <TextEquiv>
                    <Unicode>datl relativi agli italiani ed alle isti-Tropa. Segue la Svizzera con 135,912.</Unicode>
                </TextEquiv>
            </TextLine>
            <TextLine id="r1l297" custom="readingOrder {index:296;}">
                <Coords points="1632,3732 2044,3725 2044,3692 1988,3687 1951,3695 1910,3683 1892,3694 1844,3679 1799,3693 1632,3691"/>
                <Baseline points="1650,3719 1676,3720 1703,3720 1730,3721 1756,3721 1783,3722 1810,3722 1837,3723 1863,3723 1890,3723 1917,3723 1943,3723 1970,3723 1997,3723 2024,3723"/>
                <TextEquiv>
                    <Unicode>ciazioni e simij. 1</Unicode>
                </TextEquiv>
            </TextLine>
            <TextLine id="r1l298" custom="readingOrder {index:297;}">
                <Coords points="2349,3734 3051,3739 3084,3728 3084,3680 2349,3686"/>
                <Baseline points="2366,3728 2400,3728 2435,3728 2470,3728 2505,3728 2540,3728 2575,3728 2610,3728 2645,3728 2680,3728 2715,3728 2749,3728 2784,3728 2819,3727 2854,3727 2889,3727 2924,3727 2959,3727 2994,3726 3029,3726 3064,3726"/>
                <TextEquiv>
                    <Unicode>ma di un monologo interiore. Ouesto 6</Unicode>
                </TextEquiv>
            </TextLine>
            <TextLine id="r1l299" custom="readingOrder {index:298;}">
                <Coords points="98,3740 116,3739 127,3746 205,3748 204,3700 182,3700 171,3708 145,3709 141,3713 130,3713 119,3706 97,3706"/>
                <Baseline points="115,3737 151,3738 187,3735"/>
                <TextEquiv>
                    <Unicode>che</Unicode>
                </TextEquiv>
            </TextLine>
            <TextLine id="r1l300" custom="readingOrder {index:299;}">
                <Coords points="201,3744 687,3739 768,3762 898,3753 928,3742 929,3709 201,3699"/>
                <Baseline points="221,3738 255,3738 289,3739 324,3739 358,3740 393,3740 427,3740 462,3741 496,3741 531,3742 565,3742 599,3743 634,3743 668,3744 703,3744 737,3745 772,3745 806,3745 841,3746 875,3746 910,3746"/>
                <TextEquiv>
                    <Unicode>tuzioni italiane all’estero corredati di</Unicode>
                </TextEquiv>
            </TextLine>
            <TextLine id="r1l301" custom="readingOrder {index:300;}">
                <Coords points="913,3747 1618,3749 1644,3745 1644,3701 913,3713"/>
                <Baseline points="932,3747 966,3746 1001,3745 1036,3745 1070,3745 1105,3745 1140,3745 1174,3745 1209,3745 1244,3745 1279,3746 1313,3746 1348,3746 1383,3746 1417,3746 1452,3746 1487,3746 1521,3745 1556,3744 1591,3743 1626,3741"/>
                <TextEquiv>
                    <Unicode>Gli altri paest hanno cifre minori: no¬</Unicode>
                </TextEquiv>
            </TextLine>
            <TextLine id="r1l302" custom="readingOrder {index:301;}">
                <Coords points="3072,3765 3105,3766 3119,3749 3127,3756 3145,3754 3133,3629 3111,3631 3084,3622 3077,3631 3059,3632"/>
                <Baseline points="3088,3758 3130,3754"/>
                <TextEquiv>
                    <Unicode>5</Unicode>
                </TextEquiv>
            </TextLine>
            <TextLine id="r1l303" custom="readingOrder {index:302;}">
                <Coords points="2345,3771 3076,3763 3076,3723 3013,3719 2345,3722"/>
                <Baseline points="2363,3761 2397,3762 2432,3763 2466,3763 2501,3763 2536,3763 2570,3763 2605,3763 2640,3763 2674,3762 2709,3762 2744,3761 2778,3761 2813,3761 2848,3760 2882,3760 2917,3760 2952,3760 2986,3760 3021,3761 3056,3761"/>
                <TextEquiv>
                    <Unicode>iin amalgama di sensazioni estrema¬</Unicode>
                </TextEquiv>
            </TextLine>
            <TextLine id="r1l304" custom="readingOrder {index:303;}">
                <Coords points="1646,3764 2347,3770 2350,3703 2254,3723 1645,3723"/>
                <Baseline points="1665,3761 1698,3762 1731,3763 1765,3764 1798,3765 1831,3765 1865,3765 1898,3765 1931,3764 1965,3764 1998,3763 2031,3762 2065,3761 2098,3760 2131,3759 2165,3759 2198,3758 2231,3757 2265,3757 2298,3756 2332,3756"/>
                <TextEquiv>
                    <Unicode>I fasei italianl all’estero sono 590</Unicode>
                </TextEquiv>
            </TextLine>
            <TextLine id="r1l305" custom="readingOrder {index:304;}">
                <Coords points="90,3781 208,3775 208,3742 189,3742 174,3735 145,3735 130,3747 119,3739 108,3747 89,3747"/>
                <Baseline points="107,3773 134,3773 162,3772 190,3772"/>
                <TextEquiv>
                    <Unicode>Frea¬</Unicode>
                </TextEquiv>
            </TextLine>
            <TextLine id="r1l306" custom="readingOrder {index:305;}">
                <Coords points="197,3780 776,3782 776,3738 669,3729 197,3739"/>
                <Baseline points="216,3770 243,3771 270,3772 297,3773 324,3773 351,3774 378,3774 405,3774 432,3774 459,3774 486,3774 513,3774 540,3774 567,3774 594,3775 621,3775 648,3775 675,3776 702,3777 729,3777 756,3778"/>
                <TextEquiv>
                    <Unicode>notizie che permettono ena</Unicode>
                </TextEquiv>
            </TextLine>
            <TextLine id="r1l307" custom="readingOrder {index:306;}">
                <Coords points="921,3782 1303,3793 1544,3770 1641,3789 1641,3744 1548,3733 921,3741"/>
                <Baseline points="939,3779 973,3779 1007,3778 1041,3778 1076,3778 1110,3778 1144,3778 1178,3778 1213,3779 1247,3779 1281,3779 1315,3779 1350,3779 1384,3779 1418,3779 1452,3779 1487,3779 1521,3779 1555,3778 1589,3777 1624,3777"/>
                <TextEquiv>
                    <Unicode>tiamo solo la Gran Brettagna con</Unicode>
                </TextEquiv>
            </TextLine>
            <TextLine id="r1l308" custom="readingOrder {index:307;}">
                <Coords points="764,3780 920,3787 919,3750 900,3751 885,3744 867,3748 856,3744 845,3752 833,3745 826,3749 763,3746"/>
                <Baseline points="781,3783 811,3784 841,3783 871,3782 901,3781"/>
                <TextEquiv>
                    <Unicode>chlara</Unicode>
                </TextEquiv>
            </TextLine>
            <TextLine id="r1l309" custom="readingOrder {index:308;}">
                <Coords points="3069,3802 3095,3800 3099,3803 3106,3799 3122,3812 3126,3808 3144,3806 3139,3747 3120,3749 3117,3753 3113,3750 3103,3762 3099,3758 3066,3761"/>
                <Baseline points="3088,3796 3123,3793"/>
                <TextEquiv>
                    <Unicode>g##</Unicode>
                </TextEquiv>
            </TextLine>
            <TextLine id="r1l310" custom="readingOrder {index:309;}">
                <Coords points="1663,3810 2350,3800 2349,3760 2279,3749 1663,3758"/>
                <Baseline points="1682,3797 1714,3797 1746,3797 1779,3797 1811,3797 1844,3797 1876,3796 1908,3796 1941,3796 1973,3796 2006,3796 2038,3796 2070,3795 2103,3795 2135,3795 2168,3794 2200,3794 2232,3793 2265,3793 2297,3792 2330,3792"/>
                <TextEquiv>
                    <Unicode>raggruppano drca 1,120,000 tesera¬</Unicode>
                </TextEquiv>
            </TextLine>
            <TextLine id="r1l311" custom="readingOrder {index:310;}">
                <Coords points="2350,3806 3056,3805 3078,3801 3078,3753 2350,3765"/>
                <Baseline points="2369,3794 2403,3795 2438,3796 2472,3797 2507,3798 2541,3798 2576,3798 2610,3798 2645,3798 2679,3798 2714,3798 2748,3798 2783,3797 2817,3797 2852,3796 2886,3796 2921,3796 2955,3795 2990,3795 3024,3795 3059,3795"/>
                <TextEquiv>
                    <Unicode>mente disparate, quasi simultnnee, e</Unicode>
                </TextEquiv>
            </TextLine>
            <TextLine id="r1l312" custom="readingOrder {index:311;}">
                <Coords points="87,3810 109,3811 113,3815 121,3811 210,3815 211,3774 185,3773 170,3780 155,3779 152,3775 148,3779 133,3775 88,3777"/>
                <Baseline points="106,3805 134,3805 162,3805 190,3809"/>
                <TextEquiv>
                    <Unicode>istl.</Unicode>
                </TextEquiv>
            </TextLine>
            <TextLine id="r1l313" custom="readingOrder {index:312;}">
                <Coords points="202,3811 910,3834 911,3786 540,3759 202,3777"/>
                <Baseline points="221,3806 254,3806 288,3807 321,3807 355,3807 389,3808 422,3808 456,3808 489,3809 523,3809 557,3809 590,3810 624,3811 657,3811 691,3811 725,3812 758,3812 792,3813 825,3813 859,3814 893,3814"/>
                <TextEquiv>
                    <Unicode>visione delle diverse loro manifesta¬</Unicode>
                </TextEquiv>
            </TextLine>
            <TextLine id="r1l314" custom="readingOrder {index:313;}">
                <Coords points="912,3820 1224,3827 1302,3804 1614,3822 1636,3818 1636,3781 912,3783"/>
                <Baseline points="930,3817 964,3816 998,3815 1032,3813 1067,3813 1101,3812 1135,3812 1170,3812 1204,3812 1238,3813 1273,3813 1307,3813 1341,3814 1375,3814 1410,3814 1444,3814 1478,3814 1513,3813 1547,3813 1581,3811 1616,3810"/>
                <TextEquiv>
                    <Unicode>29.130, la Germania con 22,205, l'Au¬</Unicode>
                </TextEquiv>
            </TextLine>
            <TextLine id="r1l315" custom="readingOrder {index:314;}">
                <Coords points="2355,3836 3071,3839 3071,3795 3019,3784 2355,3791"/>
                <Baseline points="2373,3829 2407,3831 2441,3832 2475,3832 2509,3833 2543,3833 2577,3833 2611,3833 2645,3833 2679,3832 2713,3831 2747,3831 2781,3830 2815,3829 2849,3829 2883,3829 2917,3829 2951,3829 2985,3829 3019,3830 3054,3831"/>
                <TextEquiv>
                    <Unicode>cosi rapide, fuggitive e svariate che In</Unicode>
                </TextEquiv>
            </TextLine>
            <TextLine id="r1l316" custom="readingOrder {index:315;}">
                <Coords points="1622,3845 1688,3826 1889,3847 2360,3840 2360,3792 1621,3786"/>
                <Baseline points="1642,3829 1677,3831 1712,3832 1747,3833 1782,3834 1817,3834 1852,3834 1887,3834 1922,3833 1957,3833 1992,3833 2027,3832 2062,3831 2097,3830 2132,3830 2167,3829 2202,3829 2237,3829 2272,3829 2307,3829 2342,3829"/>
                <TextEquiv>
                    <Unicode>tI. Un altro dato interessante é qucllo</Unicode>
                </TextEquiv>
            </TextLine>
            <TextLine id="r1l317" custom="readingOrder {index:316;}">
                <Coords points="86,3848 119,3847 123,3843 197,3845 196,3796 177,3797 163,3812 85,3814"/>
                <Baseline points="105,3839 141,3839 177,3837"/>
                <TextEquiv>
                    <Unicode>Sion!</Unicode>
                </TextEquiv>
            </TextLine>
            <TextLine id="r1l318" custom="readingOrder {index:317;}">
                <Coords points="200,3858 311,3840 367,3844 385,3859 397,3848 445,3856 456,3845 497,3845 512,3860 527,3845 560,3846 560,3820 464,3804 445,3815 375,3815 352,3803 300,3814 200,3802"/>
                <Baseline points="218,3840 244,3841 271,3842 298,3843 325,3843 352,3843 379,3843 405,3843 432,3843 459,3843 486,3843 513,3844 540,3844"/>
                <TextEquiv>
                    <Unicode>zioni di attività.</Unicode>
                </TextEquiv>
            </TextLine>
            <TextLine id="r1l319" custom="readingOrder {index:318;}">
                <Coords points="909,3849 1632,3853 1632,3815 909,3812"/>
                <Baseline points="928,3848 962,3847 996,3846 1031,3846 1065,3846 1099,3846 1134,3846 1168,3846 1202,3846 1237,3846 1271,3846 1305,3847 1340,3847 1374,3847 1408,3847 1443,3847 1477,3847 1511,3847 1546,3846 1580,3846 1615,3845"/>
                <TextEquiv>
                    <Unicode>stria con 18.700, 41 Belgio con 15,700,</Unicode>
                </TextEquiv>
            </TextLine>
            <TextLine id="r1l320" custom="readingOrder {index:319;}">
                <Coords points="3069,3869 3113,3870 3128,3858 3132,3862 3150,3861 3144,3742 3126,3743 3103,3730 3062,3728"/>
                <Baseline points="3088,3864 3132,3862"/>
                <TextEquiv>
                    <Unicode>5</Unicode>
                </TextEquiv>
            </TextLine>
            <TextLine id="r1l321" custom="readingOrder {index:320;}">
                <Coords points="1629,3876 2331,3873 2360,3866 2360,3825 1629,3835"/>
                <Baseline points="1646,3866 1680,3866 1715,3866 1750,3866 1785,3866 1819,3866 1854,3866 1889,3866 1924,3866 1958,3865 1993,3865 2028,3865 2063,3864 2097,3864 2132,3863 2167,3863 2202,3862 2236,3862 2271,3861 2306,3861 2341,3861"/>
                <TextEquiv>
                    <Unicode>relativo alla stampa italiana pubbli¬</Unicode>
                </TextEquiv>
            </TextLine>
            <TextLine id="r1l322" custom="readingOrder {index:321;}">
                <Coords points="2353,3876 2846,3859 2876,3888 3084,3865 3083,3824 3035,3820 2352,3828"/>
                <Baseline points="2371,3867 2405,3867 2440,3868 2474,3869 2509,3869 2544,3869 2578,3869 2613,3869 2648,3869 2682,3869 2717,3868 2752,3868 2786,3868 2821,3867 2856,3867 2890,3866 2925,3866 2960,3865 2994,3865 3029,3865 3064,3865"/>
                <TextEquiv>
                    <Unicode>loro traduzioné in parole precise di¬</Unicode>
                </TextEquiv>
            </TextLine>
            <TextLine id="r1l323" custom="readingOrder {index:322;}">
                <Coords points="88,3888 106,3886 109,3881 117,3880 133,3889 151,3886 144,3842 82,3852"/>
                <Baseline points="104,3878 131,3874"/>
                <TextEquiv>
                    <Unicode>is</Unicode>
                </TextEquiv>
            </TextLine>
            <TextLine id="r1l324" custom="readingOrder {index:323;}">
                <Coords points="213,3871 1635,3883 1635,3831 213,3841"/>
                <Baseline points="233,3877 302,3878 371,3878 440,3879 509,3880 578,3880 647,3881 717,3881 786,3881 855,3882 924,3882 993,3882 1062,3882 1131,3881 1201,3881 1270,3881 1339,3880 1408,3880 1477,3879 1546,3878 1616,3877"/>
                <TextEquiv>
                    <Unicode>Risulta jn tal modo che alla meta la Jugoslavia con 14.329, la Rumensa</Unicode>
                </TextEquiv>
            </TextLine>
            <TextLine id="r1l325" custom="readingOrder {index:324;}">
                <Coords points="3065,3905 3106,3903 3113,3910 3121,3910 3124,3906 3128,3909 3154,3908 3151,3842 3133,3842 3108,3870 3089,3859 3063,3860"/>
                <Baseline points="3083,3893 3108,3892 3133,3891"/>
                <TextEquiv>
                    <Unicode>r</Unicode>
                </TextEquiv>
            </TextLine>
            <TextLine id="r1l326" custom="readingOrder {index:325;}">
                <Coords points="1630,3908 2309,3904 2357,3900 2357,3855 1629,3867"/>
                <Baseline points="1648,3902 1682,3902 1717,3902 1751,3901 1786,3901 1820,3901 1855,3900 1889,3900 1924,3900 1958,3900 1993,3899 2027,3899 2062,3898 2096,3898 2131,3898 2165,3897 2200,3897 2234,3896 2269,3895 2303,3894 2338,3894"/>
                <TextEquiv>
                    <Unicode>cata all’estero. Vedono In lnce all'o¬</Unicode>
                </TextEquiv>
            </TextLine>
            <TextLine id="r1l327" custom="readingOrder {index:326;}">
                <Coords points="2354,3905 3056,3908 3078,3904 3078,3867 2354,3868"/>
                <Baseline points="2373,3901 2407,3901 2441,3902 2476,3902 2510,3902 2545,3902 2579,3902 2613,3902 2648,3902 2682,3902 2717,3902 2751,3902 2785,3901 2820,3901 2854,3901 2889,3901 2923,3901 2957,3901 2992,3901 3026,3901 3061,3902"/>
                <TextEquiv>
                    <Unicode>venta una cosa impossibile, eccetuato</Unicode>
                </TextEquiv>
            </TextLine>
            <TextLine id="r1l328" custom="readingOrder {index:327;}">
                <Coords points="196,3912 1632,3917 1610,3869 196,3875"/>
                <Baseline points="213,3909 283,3911 353,3913 423,3914 493,3915 563,3916 633,3916 703,3917 773,3917 843,3917 913,3917 983,3917 1053,3917 1123,3917 1193,3916 1263,3916 1333,3915 1403,3915 1473,3914 1543,3913 1614,3913"/>
                <TextEquiv>
                    <Unicode>del 1927 gli itallani residentl fuori dellcon 12.246, 11 Lussemburgo con 10.688</Unicode>
                </TextEquiv>
            </TextLine>
            <TextLine id="r1l329" custom="readingOrder {index:328;}">
                <Coords points="1626,3941 2350,3934 2349,3893 2301,3883 1626,3896"/>
                <Baseline points="1645,3935 1679,3935 1713,3935 1747,3935 1782,3935 1816,3934 1850,3934 1885,3934 1919,3934 1953,3933 1988,3933 2022,3932 2056,3932 2090,3932 2125,3931 2159,3931 2193,3930 2228,3930 2262,3930 2296,3930 2331,3929"/>
                <TextEquiv>
                    <Unicode>stero in lingun itallana 278 perlodtei</Unicode>
                </TextEquiv>
            </TextLine>
            <TextLine id="r1l330" custom="readingOrder {index:329;}">
                <Coords points="3067,3940 3104,3938 3111,3930 3119,3930 3127,3937 3145,3936 3143,3899 3125,3900 3121,3904 3095,3901 3091,3898 3065,3899"/>
                <Baseline points="3086,3934 3128,3932"/>
                <TextEquiv>
                    <Unicode>ein</Unicode>
                </TextEquiv>
            </TextLine>
            <TextLine id="r1l331" custom="readingOrder {index:330;}">
                <Coords points="2348,3948 3071,3942 3071,3883 2347,3900"/>
                <Baseline points="2367,3936 2401,3936 2435,3937 2470,3937 2504,3937 2538,3937 2573,3937 2607,3937 2641,3937 2676,3936 2710,3936 2744,3936 2779,3936 2813,3935 2847,3935 2882,3935 2916,3935 2950,3935 2985,3935 3019,3935 3054,3936"/>
                <TextEquiv>
                    <Unicode>I enso ove 1l discorso à immaginato</Unicode>
                </TextEquiv>
            </TextLine>
            <TextLine id="r1l332" custom="readingOrder {index:331;}">
                <Coords points="190,3956 1637,3949 1637,3911 1507,3900 190,3908"/>
                <Baseline points="207,3944 277,3946 348,3948 418,3949 489,3950 559,3950 630,3951 700,3951 771,3951 841,3951 912,3951 983,3951 1053,3950 1124,3950 1194,3949 1265,3949 1335,3949 1406,3948 1476,3948 1547,3947 1618,3947"/>
                <TextEquiv>
                    <Unicode>Regno ammontavano a 9.168,367. Lalfino alla Lituania ed al territorio di</Unicode>
                </TextEquiv>
            </TextLine>
            <TextLine id="r1l333" custom="readingOrder {index:332;}">
                <Coords points="3072,3972 3095,3973 3098,3970 3113,3978 3125,3967 3128,3971 3136,3968 3154,3969 3156,3943 3137,3942 3119,3930 3075,3928"/>
                <Baseline points="3092,3963 3136,3965"/>
                <TextEquiv>
                    <Unicode>#c</Unicode>
                </TextEquiv>
            </TextLine>
            <TextLine id="r1l334" custom="readingOrder {index:333;}">
                <Coords points="1622,3981 2327,3982 2356,3974 2356,3914 1621,3936"/>
                <Baseline points="1641,3971 1675,3971 1710,3971 1745,3971 1780,3970 1815,3970 1850,3969 1884,3969 1919,3968 1954,3967 1989,3966 2024,3966 2059,3965 2094,3964 2128,3964 2163,3963 2198,3963 2233,3963 2268,3963 2303,3963 2338,3964"/>
                <TextEquiv>
                    <Unicode>giornali rivisto bollettini informazio¬</Unicode>
                </TextEquiv>
            </TextLine>
            <TextLine id="r1l335" custom="readingOrder {index:334;}">
                <Coords points="2347,3979 3075,3978 3075,3937 2997,3925 2347,3934"/>
                <Baseline points="2366,3969 2400,3969 2435,3969 2469,3969 2504,3969 2538,3969 2573,3969 2607,3969 2642,3969 2676,3969 2711,3969 2746,3969 2780,3969 2815,3969 2849,3969 2884,3969 2918,3970 2953,3970 2987,3971 3022,3972 3057,3973"/>
                <TextEquiv>
                    <Unicode>od elaborato scientemente rallentando</Unicode>
                </TextEquiv>
            </TextLine>
            <TextLine id="r1l336" custom="readingOrder {index:335;}">
                <Coords points="104,3986 122,3986 126,3990 134,3982 171,3986 174,3990 182,3986 204,3986 204,3915 148,3912 134,3927 104,3927"/>
                <Baseline points="123,3979 154,3977 185,3979"/>
                <TextEquiv>
                    <Unicode>110</Unicode>
                </TextEquiv>
            </TextLine>
            <TextLine id="r1l337" custom="readingOrder {index:336;}">
                <Coords points="192,3986 1639,3988 1639,3947 1568,3943 192,3942"/>
                <Baseline points="209,3978 279,3979 350,3981 420,3982 491,3983 562,3983 632,3984 703,3984 774,3985 844,3985 915,3985 986,3985 1056,3985 1127,3984 1198,3984 1268,3984 1339,3983 1410,3983 1480,3982 1551,3982 1622,3981"/>
                <TextEquiv>
                    <Unicode>percentuale piü forte &amp; data dall'A-]Gibilterra che ospitane ciascuno un</Unicode>
                </TextEquiv>
            </TextLine>
            <TextLine id="r1l338" custom="readingOrder {index:337;}">
                <Coords points="1624,4012 1676,4020 1687,4009 1721,4027 1743,4012 1847,4013 1865,4024 1910,4013 1936,4027 1995,4016 1995,3961 1921,3975 1624,3964"/>
                <Baseline points="1641,4007 1666,4006 1692,4006 1718,4005 1744,4005 1770,4005 1796,4005 1821,4006 1847,4006 1873,4006 1899,4006 1925,4006 1951,4006 1977,4005"/>
                <TextEquiv>
                    <Unicode>ni umoristiel, ecc.</Unicode>
                </TextEquiv>
            </TextLine>
            <TextLine id="r1l339" custom="readingOrder {index:338;}">
                <Coords points="2332,4029 2625,4005 3066,4030 3066,3966 2331,3958"/>
                <Baseline points="2351,4012 2385,4010 2420,4008 2455,4007 2490,4006 2524,4005 2559,4004 2594,4004 2629,4003 2663,4003 2698,4003 2733,4004 2768,4004 2802,4004 2837,4004 2872,4005 2907,4005 2941,4006 2976,4006 3011,4006 3046,4006"/>
                <TextEquiv>
                    <Unicode>in tal modo il pensieroe restringendo</Unicode>
                </TextEquiv>
            </TextLine>
            <TextLine id="r1l340" custom="readingOrder {index:339;}">
                <Coords points="3064,4004 3093,4009 3109,4007 3122,4017 3140,4020 3149,3969 3127,3965 3114,3974 3111,3970 3071,3963"/>
                <Baseline points="3082,4002 3124,4009"/>
                <TextEquiv>
                    <Unicode>p.</Unicode>
                </TextEquiv>
            </TextLine>
            <TextLine id="r1l341" custom="readingOrder {index:340;}">
                <Coords points="130,4017 928,4027 928,3979 424,3988 131,3965"/>
                <Baseline points="149,4011 187,4012 225,4013 263,4013 301,4014 339,4014 377,4015 415,4016 453,4016 491,4016 529,4017 567,4017 605,4018 643,4018 681,4018 719,4019 757,4019 795,4020 833,4020 871,4020 910,4021"/>
                <TextEquiv>
                    <Unicode>in- Imertca ove risiedono 7.674583 nostri</Unicode>
                </TextEquiv>
            </TextLine>
            <TextLine id="r1l342" custom="readingOrder {index:341;}">
                <Coords points="905,4031 942,4031 961,4016 1016,4027 1158,4023 1176,4005 1195,4005 1195,3971 1154,3982 1139,3975 1016,3990 905,3979"/>
                <Baseline points="925,4016 950,4018 975,4019 1000,4020 1025,4020 1050,4020 1075,4020 1100,4019 1125,4019 1150,4018 1176,4017"/>
                <TextEquiv>
                    <Unicode>solo itallano.</Unicode>
                </TextEquiv>
            </TextLine>
            <TextLine id="r1l343" custom="readingOrder {index:342;}">
                <Coords points="2338,4055 2553,4060 2698,4045 2698,4016 2628,4004 2338,4004"/>
                <Baseline points="2356,4042 2383,4041 2410,4041 2437,4040 2464,4039 2491,4039 2518,4039 2545,4039 2572,4039 2599,4040 2626,4041 2653,4042 2680,4044"/>
                <TextEquiv>
                    <Unicode>11 suo orizzonte.</Unicode>
                </TextEquiv>
            </TextLine>
            <TextLine id="r1l344" custom="readingOrder {index:343;}">
                <Coords points="81,4060 1651,4063 1599,3996 81,3997"/>
                <Baseline points="100,4044 176,4045 253,4047 330,4048 406,4049 483,4050 560,4051 636,4051 713,4052 790,4052 867,4052 943,4052 1020,4052 1097,4052 1173,4052 1250,4052 1327,4051 1403,4050 1480,4049 1557,4048 1634,4047"/>
                <TextEquiv>
                    <Unicode>loso, connazionali (83.71 per cento); seguo. La popolazlone italiana in Africa 6</Unicode>
                </TextEquiv>
            </TextLine>
            <TextLine id="r1l345" custom="readingOrder {index:344;}">
                <Coords points="2528,4113 3126,4110 3125,4054 3062,4039 2528,4050"/>
                <Baseline points="2547,4092 2576,4092 2605,4091 2635,4091 2664,4091 2694,4091 2723,4091 2752,4092 2782,4092 2811,4092 2841,4092 2870,4092 2900,4092 2929,4092 2958,4091 2988,4091 3017,4090 3047,4089 3076,4087 3106,4085"/>
                <TextEquiv>
                    <Unicode> </Unicode>
                </TextEquiv>
            </TextLine>
            <TextLine id="r1l346" custom="readingOrder {index:345;}">
                <Coords points="1341,4126 2462,4120 2461,4057 2324,4051 1341,4074"/>
                <Baseline points="1359,4113 1413,4113 1467,4114 1521,4115 1575,4115 1629,4115 1683,4114 1738,4114 1792,4113 1846,4112 1900,4111 1954,4110 2008,4109 2062,4108 2117,4107 2171,4106 2225,4105 2279,4105 2333,4104 2387,4104 2442,4104"/>
                <TextEquiv>
                    <Unicode> </Unicode>
                </TextEquiv>
            </TextLine>
            <TextLine id="r1l347" custom="readingOrder {index:346;}">
                <Coords points="98,4134 480,4128 480,4065 98,4071"/>
                <Baseline points="115,4115 141,4115 168,4114 194,4113 221,4113 248,4113 274,4113 301,4112 327,4112 354,4113 381,4113 407,4113 434,4113 461,4113"/>
                <TextEquiv>
                    <Unicode>r e Se</Unicode>
                </TextEquiv>
            </TextLine>
            <TextLine id="r1l348" custom="readingOrder {index:347;}">
                <Coords points="552,4129 1283,4131 1283,4064 552,4069"/>
                <Baseline points="569,4109 603,4111 638,4112 673,4113 707,4114 742,4115 777,4115 811,4116 846,4116 881,4116 916,4116 950,4115 985,4115 1020,4115 1054,4115 1089,4114 1124,4114 1158,4114 1193,4114 1228,4114 1263,4115"/>
                <TextEquiv>
                    <Unicode> </Unicode>
                </TextEquiv>
            </TextLine>
            <TextEquiv>
                <Unicode>Fial de id Presoe J. K.
GENEVE
e — Tél. Stand 40.05
oupures de journaux.
toutes langues.
es les grandes villes.
8
400. 1925
L TANJCHLUSG, LETTERARIO
/9—0
austriaco
e teatro
ktro tedesco
Hella terra „ - Diversa mentalità - Caratteristiche e sfumature
al caricaturale. E' l’atto di composi- ciato agli esami, bidillio di due ado. strnordinarjo potere afrodisiaco, Nel, Vedova per la seconda volta, Loulen
0
primo atto Lauleu, piccola figlia dell calca le scene. Mima ballerina accla¬
Izione passionale e spontaneo lovel lescenti che finisce nella maternitä
ia strada, fioraiae girovaga protettal mata ella acuisce i desideri degli uo¬
d’una monella di 14 auni, l’abortoe
räno
Taffettivo dell'anima rischia di do¬
da un noto personaggio, il dottorl mini in modo piü cccitante che mal,
Ja morte, II lavoro terminava in una
par-
minaree superare tutto. Forma ten¬
Schsen, ha sposato un vecchio medi-Pattrice e due völte femmina: =Se una
scena sul cimitero coll’apparizione
an
taute, forma pericolosa per la quale
sera. non ballo, dapzo fütta la nette
co, i1 dett. Goll, un buon uomo ma
Eella
della suicjda al giovane seduttore e
lo scrittore deve improvvisare Jui
in sogno e il giorno dopo scno tutta
non troppo in gamba e nell’atelier
Fude,
vaso dalla casa di correzione e in un
stesso la tastiera delle sue trasposi¬
dlisfattas dicevä ella.
del pittore Schwarz ella posa in co
ses¬
zioni peicologiche. Fucendo appello c
appello alla vita.
La sua mird vo a Schsen, 1I suo
stume per il suo ritratto. Schwarz ef
hmpe¬
semplicemente abbandonandosi alla
Questo sRisveglio della primaveras
innamorato di Loulen coine 11 figliol emecenates colui che potrebbe non
psicologia, acchmulatrice d’energie
aveva avuto in Germania un successo
Lpin
di Schsen; ella, civetta con tutti e ri-Pessere un minchtone, e che &amp; sul pun¬
o-serittore fäscia predomihare T’ele¬
Und
strepitoso. Ma in Francja il dramma
to di sposarsi. Ma ella Tavvince, T’ine¬
00st
mento emozionale, d’un valore possen
masta soln con T’artista lo fa impazzi
non rlusel per la totale mancanza di
bria, si rifiuta e T’attira nel suo pal¬
Pren¬
te per Tarte ma insufficiente senza
re, Goll, che rincasa all’improvviso,
ccerenza, per il miscuglio senza tran¬
cc. Vestita con un blancc costume di#
T’elemento intelle“tuale; i solo che
II sorprende, e il furore da cui vien
sizione di realismo e di inverosimi¬
Pierrôt che ie da uno strano sessole
indichi la maniera di creare T’unita
poll
preso lo uccide, ed ecco Louleu vedo¬
glianza delle situazionie dei caratte.

doppio, ella riesce a far perdere la
Ie la värietà, grazie alle quali si sta¬
vae ricca.
ri malgrado i lampj gulzzanti dalla
testà a Schsen che fino a quel momen¬
bilisce un legame di simpatia fra 11
a
7110
intromissione dell’autore nella psico
Louleu ha sposato Schwarz, e colla
to s’era difeso contro i lei molto be¬
pubblicoe T'artiste. Non basta sor¬
logia degli adolescenti,
sua sfrontata civetteria ella ha favori¬
ne. Piegato da quel diabolico andro¬
prendere, bisogna legare Tinteresse.
Il edemone della terras basato sul¬
to gli interessi del marito. Essi sono
gine tutto fremente di concupiscenza,
den
II francese o l’inglese dice: &amp; Ecco
la medesima formiula é pertanto piu
ricchie il pittore quasi celebre. Ma vi
Schsen, vinto scrive una lettere di¬
utro
come 1o descrivo gli oggettis, il te¬
serrato e piü breve. In questo e nella
e un'ombra nella vita di Louleu.Il suo
Wiem¬
pseudo genitore, il vecchio Cchemien #rottura vergognosa alla fidanzatz, E¬
sua continnazicne (La scatola di Ran¬
desco invece: „Vedete come mi col¬
azio-
Schigelch Pha scovata e viene à ram. glié perduto. Loleu finisse col domare
piscono questi oggettis. Questa frase
deres che fanno un dramma solo s’in

e in
scritta nei giornale intimo di Eenia¬
mentarle Tambiente fangose dondel Complctamente il disgraziato Schsen
catena una lunga serie di peripezie.
e converte la sua casu un lupanare
min Constant, i1 piü europeo dei fran
Quest'ultimo riprende i1 personaggio
ella é uscita. Schsen é per Louleu
ove clla regna fra nomini e femmine
cesi, uno di coloro che hanno cono¬
principale Louleu la femmina fatule
T’uomo brillante, dominatore, colui
4
25
In cut St., Jata sowvracccltazlor: fa le
sciuto a fondo la Germania, l'inghil¬
e la conduce fino alla sun morte a
che conosce una parte del segreto del
8
sue delim Schsen vergognoso della
terra e la Francia, é sempre vera.
Londra sotto il pugnale di Juck lo
suo dubbioso passato. Essi parlano
ins¬
sta posizicne, pensa a sbarazzersi di
Galswerthy descrive nettamente 1
sventratore, In questo espressionismo
troppo forte e 11 candido Schwarz
Fante
un colpo della donna e dell'abbomine-
suol caratteri e le sue situnzioni so¬
IV'ha molto romanticismoe molto na¬
vuol sapere, chiede spiegazioni. II ci
essl.
vole schiavità, in cui vegeta. Ma Lou¬
no logiche e perfettamente determi¬
turalismo insieme. L’ereina del aDe¬
nico Schsen gli consiglia di non do¬
Entre
leu previene il suo gesto e lo uccide,
nate. Bernardo Shaw nelle sue sati¬
mone della terras &amp; un'altra. Nania,
mandar nulla: Vol avete il milionen

ora-
Egli si sarà sufeidato come Schwarz
ro precede con un sistema coordina¬
una specie di donna fatale, creatura
gli va ripetendo a pie riprese, parole
allora potrà continuare 11 sug gloco
to. Ma Frank Wedekind vuol tutta la
avida e tentatrice, che é commedian¬
ingiuriose che illuminano il pittore
810
altro
infernale di domatrice d’uomini fino
libertà per fare posto alle sue con¬
te, cantatrice, ballerina, che prende
46
sull'origine della sua fortima.
cezioni, e spinge pin lontano che non
Intanto che Louleu civetta conal giorno in euf lack 1o svontratore
tutte le forme e tutti gli aspetti per
zato¬
Strindberg 11 sacrificio della verosi¬
Schsen, 1' infelice Schwarz, entrato sie darà il colpo di grazia.
far impazzire d’amorestutti gli noim¬
miglianza all’espressione della sua
cene
Questa cortigiana fatale é anche un
ni con una specie di magnetismo sen
9i
nel suo studio, si sgozza con un vo¬
ideologia, I suoi personaggi #no i¬
soio. Loulen é indifferente al suictd“9o del glorno d’oggl. La vita sporti¬
suale che conduce a lei tutti i maschi
int
dee e le sue situazioni sono dei mo¬
va, la libertà delle donne hanno mo¬
di tutte le etd e dogni condizione
a1
del suo marito come lo fu alla mort.,
vimenti per mettere in evidenza le
dificato il tipo, ma il movimento e¬
non solo ma altresi le femmine dan.
c1#
di Goll. Schsen persuade la polizia
sue idec.
spressionista fa passare sctto i nostri
71
nate di Bandelaire personificato nella
che la tragica fine di Schwarz 6 la
II eRisveglio della primaveras in 15
ecchiquest’incubo bruciante non man
contessa Gesewitz.
conseguenza d’uns improvvisa alie¬
g##
8
ca di vigore. II suo arrabbiato dina-cof
quadri mostrava l'ahnunzio improv¬
II =Demone della terras non &amp; che
nazione mentale, e Louleu ha aseiu¬
viso della pubertà nei fanciulli, negli
la prima fase dell’ascensione di Lon I gato il sangue del marito sulla inano nismo e la sua bestiale voluttà, la re#
nto,
Bua tragica fine sono d’essenza ger- i##
scolarl, il sujeidio d’un allievo boc¬ leu verso la fortuna, grazie al suo dell'amante.
sen¬
manica. Arturo Schnitzer &amp; un altroe pae¬
qua¬
ortorico, Mero-Mfefstve, piu appas- jet#
sen¬
ionato, di una erotica meno nervosa, des
par
neno ribelle, e nieno perschale. Anche lo#
rbie¬
gli scrisse delle ssagnetese di spirito eu
Nove milioni
di lavoratori italiani
con¬
ienucse. come: dLa Ronda- uns serie g##
episodi che mettono successivamen
Endb¬
sparsi per il mondo
ein scena un uomo e una donna di cof
tur¬
Wiifferente classe sociale sempre in. ca
alla
ROMA, 13
no l’Eurona con 1.267.841 (13,83 per
quasi completamente assorbita da
fluchzati da un'unich preoccupazio-sin
We¬
A cura del ministero degli Esteri 6
cento) I’Africa con 88,702 (2,06 per cen¬
quattro regioni: la Tunisja, I’Egitto,
ne.
car¬
stato pubblicato un volume, in cui
to). L’Oceania con 27.567 10,30
per
TAlgeria ed 11 Marocco.
90
Meno vigorost dei germanicl, nien¬
rna¬
scno stati raccolti i dati relativi al
ceito)
&amp; l'Asla con 9,674 (0.10 per
I. censimento non si é fermato alla
tealfatto moralisti, osservatorile bur¬
us¬
cento).
censimento degli itallani all’Estero al¬
in
composizione quantitativa e qualita-Tjoni i viennesi nella loro superficia¬
ag¬
ja metà del 1927. In questo volume, di
In Europa la Francia rappresenta
tiva della popolazione italiana all'e¬
lità non mancano di sfumature. Una
ene¬
circa 800 pagine, dopo una introdu¬
II paese dove risiede 1! maggior nu¬
stero, ma ha voluto ancora tentare
lunga novella di Schnitzler, -La signo
atort
zione riassuntlva circa i metodi a¬
mero di connazionali: 962,593 con 1I
Tindagine sulla consistenza delle va¬
rina Elsae da und costunii e
dottatl per il rilevamento, sono espo-174.91 per cento della totale popolazjo.
rie istituzioni esistenti nelle colonie
5
della psicologia. Essa &amp; seritta da un
5
sti in una serie di tabelle statistiche i ne italiana einigrata nei paest d’En¬
italiane fuori confine: scuole, asso¬
1a
autore drammatico sotto la falsa for¬
10
datl relativi agli italiani ed alle isti-Tropa. Segue la Svizzera con 135,912.
ciazioni e simij. 1
ma di un monologo interiore. Ouesto 6
che
tuzioni italiane all’estero corredati di
Gli altri paest hanno cifre minori: no¬
5
iin amalgama di sensazioni estrema¬
I fasei italianl all’estero sono 590
Frea¬
notizie che permettono ena
tiamo solo la Gran Brettagna con
chlara
g##
raggruppano drca 1,120,000 tesera¬
mente disparate, quasi simultnnee, e
istl.
visione delle diverse loro manifesta¬
29.130, la Germania con 22,205, l'Au¬
cosi rapide, fuggitive e svariate che In
tI. Un altro dato interessante é qucllo
Sion!
zioni di attività.
stria con 18.700, 41 Belgio con 15,700,
5
relativo alla stampa italiana pubbli¬
loro traduzioné in parole precise di¬
is
Risulta jn tal modo che alla meta la Jugoslavia con 14.329, la Rumensa
r
cata all’estero. Vedono In lnce all'o¬
venta una cosa impossibile, eccetuato
del 1927 gli itallani residentl fuori dellcon 12.246, 11 Lussemburgo con 10.688
stero in lingun itallana 278 perlodtei
ein
I enso ove 1l discorso à immaginato
Regno ammontavano a 9.168,367. Lalfino alla Lituania ed al territorio di
#c
giornali rivisto bollettini informazio¬
od elaborato scientemente rallentando
110
percentuale piü forte &amp; data dall'A-]Gibilterra che ospitane ciascuno un
ni umoristiel, ecc.
in tal modo il pensieroe restringendo
p.
in- Imertca ove risiedono 7.674583 nostri
solo itallano.
11 suo orizzonte.
loso, connazionali (83.71 per cento); seguo. La popolazlone italiana in Africa 6
 
 
r e Se
 </Unicode>
            </TextEquiv>
        </TextRegion>
    </Page>
</PcGts>
