3392 4384
188 337 795 440 2. Cuttings
2116 244 2355 326 —.—
933 339 1393 429 box 38/1
1238 913 2170 987 THE NEW YORK MEDICAL WEEK
1709 1037 2641 1108 with so much pride in his understanding and
832 1057 1653 1122 into your wanton, and you have filled this
1716 1100 2636 1148 vision, discovers that he has been enmeshed in a
836 1102 1653 1169 house with your lies and foulness up to the
1713 1132 2638 1188 treacherous entanglement of illusions. Schnitzler
838 1144 1652 1191 roof until it makes me sick—and that’s
1711 1188 2649 1227 knows the manifestations of neuroticism with the
834 1177 1655 1252 why—that’s why, yes, that’s why l’m going
1704 1207 2640 1276 precision of a scientist. He has at his command
834 1223 1279 1288 to kick you out
1718 1256 2641 1311 an asthetie perception which is the result of a
772 1265 1699 1326 And it is the courageous scientist in Schnitzler
1710 1288 2649 1344 life of constant observation and the use of a brit¬
788 1314 1701 1363 that leads him to go on further with the disillu¬
1713 1340 2651 1379 tie intelligence. His name is another brilliant
784 1354 1697 1407 sionment of his story. It is the last bitter blow
1710 1368 2656 1431 addition to the history of men at once scientists
770 1389 1702 1436 for Pilgram to discover that his wife had known
1712 1415 2639 1470 and artists whose creative lives have added to the
776 1423 1705 1476 of Hausmann'’s engagement and had yet betrayed
1711 1434 2647 1514 blessings and the fugitive beauties to be encoun¬
772 1471 1701 1516 her husband. Clairvoyantly and dispassionately
1718 1493 2263 1561 tered in a human existence.
771 1507 1703 1579 he reveals to us the tragie figure of Pilgram who
931 1647 2493 1738 THE MEDICAL SOCIETY OF THE COUNTY OF NEW YORK
1405 1710 2040 1779 CURRENT ACTIVITIES
1718 1761 2647 1841 gin the Bulletin of League Activities, and the
778 1792 2646 1873 Abstract of the Proceedings of the Special###tement made th ealth examinations are given
952 1856 1554 1920 Committee on Economics
1779 1871 2411 1911 a competent female physician.
1760 1871 2653 1945 Regularly mored, seconded and carried that the
828 1912 1711 1965 A regular meeting of the Special Committee on
1716 1938 2654 1991 Chair appoint a sub-committee to draw up a set
775 1955 1720 2006 Economies was held in the Society'’s rooms on
1722 1973 2655 2040 of working principles for this and similar prob¬
791 1999 1716 2040 Wednesday, February 6, 1929. The meeting was
1725 2025 1853 2075 lems.
785 2036 1710 2082 called to order by the chairman, Dr. Seward Erd¬
1770 2028 2665 2121 The Chair appointed Drs. Platt, Peshkin and
781 2063 1717 2129 man, at 4:00 P.M. Present: Drs. Erdman, Hell¬
1724 2083 1904 2153 Roberts.
788 2107 1707 2177 man, Irving, Messing, Peshkin, Platt, Roberts,
1764 2108 2651 2186 A letter was read from the Chairman of the#
780 2144 1191 2205 Rosenthal and Witt.
1727 2170 2653 2218 Committee on Medical Economics of the Bronx
823 2176 1708 2237 In view of the fact that a meeting at four
1736 2197 2663 2257 County Societg re. the organization of a“ Credit
782 2232 1715 2267 o’clock interfered with the office hours of some
1726 2240 2653 2307 Burcau, and suggesting the advisability of joint
779 2262 1717 2306 of the members and did not allow sufficient time
1735 2286 2586 2348 meetings of the various economie committees.
779 2292 1727 2348 for business, it was decided, on motion, that the#
1770 2297 2663 2370 On motion, an invitation was extended to Dr.
788 2340 1567 2395 future meetings should be held at 3:30.
1722 2361 2669 2415 Magid to address the committee at the April
833 2378 1709 2441 On motion, it was decided that a majority con
1728 2405 1915 2462 meeting.
789 2418 1155 2485 stitute a quorum.
1766 2420 2662 2492 A letter from Dr. Josephson re. personal loan
838 2435 1716 2503 The Chairman stated that the Comitia Minora
1733 2475 2407 2532 service of the National Citv Bank.
792 2490 1717 2536 had assigned to the Committee for study and
1766 2497 2656 2567 On metion, action was deferred for a month
788 2528 1724 2590 consideration that portion of the report by More¬
1727 2545 2663 2608 and Dr. Roberts requested to obtain further in¬
783 2567 1721 2630 land Commissioner Rodgers which treats of the
1724 2597 1953 2642 formation.
794 2611 1576 2659 medical aspect of the compensation law.
1775 2605 2651 2676 Dr. Rosenthal suggested that some action be
835 2627 1718 2689 As the Committec on Civie Policy is to hold an
1726 2651 2668 2708 taken to the end of standardizing the Publie
789 2684 1718 2730 open forum on this subject on February 15th, it
1732 2706 2661 2752 Health examination fees in accordance with those
789 2730 1718 2784 was thought best to take no action until after
1734 2741 2661 2797 of the Association for Improving the Condition
796 2764 1048 2815 the forum.
1734 2786 2009 2833 of the Poor.
846 2779 1722 2842 The matter of the questionnaire submitted at
1767 2806 2666 2877 The Chair suggested that the matter be taken
797 2835 1726 2890 the Annual Meeting was taken up for discussion.
1730 2863 2222 2921 up at the next meeting.
794 2877 1725 2933 It being considered that the matter required more
1779 2879 2662 2962 There being no further business the meeting
805 2918 1725 2968 intimate study and minute analysis than could
1738 2936 2264 3003 adjourned at 5:45 o’clock.
797 2948 1729 3005 be afforded by the full committee, it was referred
2062 2961 2463 3042 Respectfully submitted,
803 2994 1727 3043 to a sub-committee consisting of Drs. Rosenthal,
2304 2989 2630 3076 SEWARD ExpMANN.
797 3035 1730 3090 Witt and Messing, the sub-committee to report
2461 3044 2667 3109 Chairman.
786 3055 1254 3121 at the March meeting.
835 3102 1727 3155 Dr. Peshkin reported on the New York League
806 3141 1735 3194 of Girl’s Clubs, which had been referred to him
1788 3146 2602 3208 Report on the Medical Center and
803 3188 1726 3238 by the previous committee. His conclusions were
1995 3193 2411 3265 Medical Practice
803 3228 1063 3277 as follows:
854 3243 1726 3308 The League is conducting a health service
1745 3262 2152 3327 To the Comitia Minora,
1744 3304 1960 3348 Gentlemen:
808 3302 1732 3347 which consists in the main of periodic health ex¬
1786 3306 2651 3375 We beg herewith to submit our report of the
803 3335 1735 3394 aminations. These examinations are performed
1744 3362 2659 3422 conference beld at the Medical Center on Janu¬
804 3379 1731 3428 by a duly licensed physician qualified to perform
1730 3413 2664 3455 ary 11, 1929, between vour President and Direc¬
796 3414 1036 3472 this work.
1741 3447 2665 3490 tor of Activities, representing the Medical So¬
848 3427 1731 3517 This service is not considered by the League as
1743 3486 2661 3539 ciety of the County of New York, and Dr. William
803 3492 1725 3540 a charitable undertaking. The fee of 83.00 for
1744 3518 2655 3580 Darrach, dean: Dr. Frederie T. Van Beuren, as¬
808 3529 1733 3579 an examination is regarded as an adequate one
1738 3549 2658 3616 sistant dean; Dr. Allen O. Whipple, professor of
809 3571 1733 3621 for the majority of the persons examined, their
1748 3597 2659 3649 surgery; Dr. Walter W. Palmer, professor of
805 3606 1642 3653 average wage being about 825.00 per weck.
1736 3629 2663 3689 medieine, and Dr. Benjamin P. Watson, professor
846 3649 1727 3693 In keeping with the code of ethics, it is sug¬
1737 3669 2667 3724 of gynecology and obstetrics, of the College of
802 3679 1734 3725 gested that the name of the physician in charge
1740 3718 2665 3779 Physicians and Surgeons, and Mr. John F. Bush,
804 3723 1727 3794 of the service be omitted from the announcement
2717 4238 2837 4285 M
