3344 4384
119 271 479 359 2. Cutt
360 285 725 386 ings
2039 204 2268 278 —.—
872 283 1325 383 box 38/1
942 1104 1077 1174 268
1467 1107 1943 1181 NIELS TH. THOMSEN
941 1244 2466 1305 der, som viser, at Digteren har tankt paa Danmark, som han jo har
957 1296 2453 1348 gestet flere Gange, sidst i 1923, og som han omfatter med Sympati.
960 1356 2456 1410 Tredje Akt af hans Skuespil „Forferelsens Komedie“, der skildrer Stem¬
954 1415 2469 1473 ninger og Tilstande lige inden Krigens Udbrud i 1914, foregaar saaledes
954 1457 2477 1533 1 Gilleleje, et Navn, som havde charmeret den estrigske Digter rent
942 1541 2466 1596 musikalsk. Under et Beseg hos ham i Wien har jeg hert ham udtale det
953 1591 2474 1654 med den mest dvelende Betonir g. „Hvilken Melodi i det Ord!“ siger en
952 1652 2458 1726 af Personerne i Stykket, Kammersangeren Fenz. — Og i den gaade¬
957 1708 2460 1758 fulde „Dremmenovelle“, en koncentreret Roman om forspildte Mulighe¬
957 1767 2463 1817 der iser paa det erotiske Omraade, har Forfatteren haft det groteske Ind¬
962 1831 2461 1893 fald at benytte Navnet Danmark som en Parole, et Lesen, der giver
957 1887 2473 1954 Adgang til en mystisk Nattefest. Denne mesterlige Novelle, hvor Fantasi
957 1937 2471 2000 og Intellekt i en sjeelden Grad afbalancerer hinanden, er noget af det
952 2013 2464 2074 allerbedste fra Schnitzlers senere Aar, skrevet i hans udsegte, fleilsblede
956 2069 2474 2126 Sprog og fuld af den Melankoli, det Vemod, der nesten altid fortoner
950 2125 2481 2164 sig i Baggrunden for hans Skildringer. Den tilsigter at vise, at ingen
956 2192 2245 2241 Drem er helt Drom, og ingen Virkelighed hele Virkeligheden.
1022 2238 2456 2305 Det mest omfattende om end nappe mest verdifulde af disse Ver¬
958 2297 2454 2352 ker er den store Forteelling fra 1928, „Therese“, en Bog paa ca. 400 Si¬
947 2367 2470 2422 der; paa en Gang dyb og stark. „En Kvindetilverelses Kronik“ kalder
950 2421 2464 2473 Forfatteren den; han kunde have kaldt den en moderne Hverdagshistorie;
959 2479 2478 2534 for Therese lever en halvfattig Privatlererindes banale Hverdagsliv; men
954 2536 2460 2590 samtidig med at Schnitzler her renoncerer paa ethvert mondaent Raffine¬
958 2597 2476 2650 ment, viser han paany, at han kender alle Sieelens Schatteringer, og godt¬
954 2654 2468 2700 ger sin sjaldne Evne til at trange psykologisk tilbunds i en Kvindes Men¬
955 2724 2479 2777 talitet, efterfele hende Foleiser. Som ogsaa fremhavet af den tyske
960 2771 2405 2823 Kritik viser denne Roman, at Tiden ikke er lebet fra Arthur Schnitzler.
1033 2825 2478 2883 Alle disse Arbejder er udkommen paa Fischers Forlag i Berlin med
957 2885 2475 2945 Undtagelse af Novellen „Freken Else“, der behandler et delikat Emne,
954 2951 2475 3018 og ligesom de beremte ironisk-satiriske „Reigen“-Dialoger er udgivet i
965 3004 2464 3064 Wien. Ogsaa et interessant Trak, at Östrigs beremteste nulevende Forfat¬
949 3064 2478 3136 ter har udsendt nesten hele sin Produktion paa et Berlinerforlag. Det
958 3129 2474 3199 hanger i nogen Grad sammen med den estrigske Anti-Semitisme, som
962 3189 2481 3238 Schnitzler til Tider har faaet ret kraftigt at fole. Og det illustrerer, at
960 3299 2472 3360 man Richard Spechts glimrende Studie, der indtil Dato er Standardverket
955 3360 2476 3413 om Schnitzler, saa finder man, at den munder ud i en uforbeholden Verd¬
956 3434 2472 3486 settelse af et Forfatterskab, der giver „den fineste Essens af det estrig¬
966 3489 2470 3541 ske Landskab, den estrigske Aand og den estrigske Kultur. Vor Digter“.
949 3532 2495 3619 En Guy de Maupassant i Wienerstil, kunde man kalde ham. En estrigsk
2680 3492 2786 3611 10
3191 4120 3249 4217 3
