<?xml version="1.0" encoding="UTF-8" standalone="yes"?>
<PcGts xmlns="http://schema.primaresearch.org/PAGE/gts/pagecontent/2013-07-15" xmlns:xsi="http://www.w3.org/2001/XMLSchema-instance" xsi:schemaLocation="http://schema.primaresearch.org/PAGE/gts/pagecontent/2013-07-15 http://schema.primaresearch.org/PAGE/gts/pagecontent/2013-07-15/pagecontent.xsd">
    <Metadata>
        <Creator>prov=University of Rostock/Institute of Mathematics/CITlab/Gundram Leifert/gundram.leifert@uni-rostock.de:name=ONB_Newseye_GT_M1+(htr_id=10810)::::v=2.4.2
prov=University of Rostock/Institute of Mathematics/CITlab/Tobias Gruening/tobias.gruening@uni-rostock.de:name=de.uros.citlab.module.baseline2polygon.B2PSeamMultiOriented:v=2.4.2
prov=University of Rostock/Institute of Mathematics/CITlab/Tobias Gruening/tobias.gruening@uni-rostock.de:name=/mnt/transkribus/LA/DEA/URO/LA_news_onb_att.pb:de.uros.citlab.segmentation.CITlab_LA_ML:v=2.4.2
Transkribus</Creator>
        <Created>2019-10-07T15:18:33.109+02:00</Created>
        <LastChange>2019-10-09T01:52:03.815+02:00</LastChange>
        <TranskribusMetadata docId="224260" pageId="9516110" pageNr="55" tsid="16618612" status="IN_PROGRESS" userId="40391" imgUrl="https://files.transkribus.eu/Get?id=IPSOUJVYYREVUHQJXNAHMPOQ&amp;fileType=view" xmlUrl="https://files.transkribus.eu/Get?id=YMSJWOQTDOERLSZDMIOYLUUG" imageId="6204223"/>
    </Metadata>
    <Page imageFilename="224260_0055.jpeg" imageWidth="3392" imageHeight="4384">
        <ReadingOrder>
            <OrderedGroup id="ro_1711443226882" caption="Regions reading order">
                <RegionRefIndexed index="0" regionRef="r1"/>
            </OrderedGroup>
        </ReadingOrder>
        <TextRegion orientation="0.0" id="r1" custom="readingOrder {index:0;}">
            <Coords points="202,303 202,4214 3390,4214 3390,303"/>
            <TextLine id="r1l1" custom="readingOrder {index:0;}">
                <Coords points="917,365 1015,347 1034,366 1125,352 1174,368 1209,353 1277,369 1311,343 1390,343 1391,283 1297,263 1209,281 1156,261 1092,284 1008,287 963,260 918,259"/>
                <Baseline points="935,333 960,332 986,332 1011,331 1037,331 1063,332 1088,332 1114,333 1140,333 1165,334 1191,335 1217,335 1242,336 1268,336 1294,336 1319,335 1345,334 1371,332"/>
                <TextEquiv>
                    <Unicode>box 38/1</Unicode>
                </TextEquiv>
            </TextLine>
            <TextLine id="r1l2" custom="readingOrder {index:1;}">
                <Coords points="182,351 292,339 355,372 776,371 779,284 415,268 316,310 230,258 184,264"/>
                <Baseline points="202,326 229,331 257,334 285,338 313,341 341,343 368,345 396,347 424,348 452,349 480,349 507,350 535,350 563,350 591,350 619,350 646,350 674,350 702,350 730,350 758,350"/>
                <TextEquiv>
                    <Unicode>2. Cuttings</Unicode>
                </TextEquiv>
            </TextLine>
            <TextLine id="r1l3" custom="readingOrder {index:2;}">
                <Coords points="2542,1316 2561,1314 2569,1320 2596,1317 2586,1245 2563,1249 2559,1245 2533,1249"/>
                <Baseline points="2562,1315 2577,1313"/>
                <TextEquiv>
                    <Unicode>94#</Unicode>
                </TextEquiv>
            </TextLine>
            <TextLine id="r1l4" custom="readingOrder {index:3;}">
                <Coords points="2502,1362 2529,1365 2544,1380 2563,1368 2578,1372 2608,1363 2620,1371 2638,1363 2661,1377 2673,1366 2691,1365 2690,1293 2637,1291 2611,1307 2588,1296 2569,1311 2561,1304 2531,1312 2501,1309"/>
                <Baseline points="2521,1353 2546,1352 2571,1351 2596,1350 2621,1350 2646,1350 2671,1349"/>
                <TextEquiv>
                    <Unicode>A</Unicode>
                </TextEquiv>
            </TextLine>
            <TextLine id="r1l5" custom="readingOrder {index:4;}">
                <Coords points="1491,1460 3244,1424 3368,1405 3367,1344 1489,1415"/>
                <Baseline points="1511,1454 1603,1451 1695,1447 1787,1444 1879,1441 1971,1438 2063,1434 2155,1432 2247,1429 2339,1426 2431,1424 2523,1421 2615,1419 2707,1416 2799,1414 2891,1411 2983,1409 3075,1406 3167,1404 3259,1401 3351,1398"/>
                <TextEquiv>
                    <Unicode>künstlerisch erfüllen können. Früher gab es das: schaffener Kunst auszusagen</Unicode>
                </TextEquiv>
            </TextLine>
            <TextLine id="r1l6" custom="readingOrder {index:5;}">
                <Coords points="1529,1510 3369,1453 3341,1404 1527,1460"/>
                <Baseline points="1547,1501 1637,1498 1727,1495 1817,1492 1907,1489 1997,1486 2087,1483 2177,1480 2267,1477 2357,1475 2447,1472 2537,1469 2627,1467 2717,1464 2807,1462 2897,1459 2987,1457 3077,1456 3167,1454 3257,1452 3348,1450"/>
                <TextEquiv>
                    <Unicode>Fontaue für den Norden und Raimund für den Süden etwa sind heute nicht mind</Unicode>
                </TextEquiv>
            </TextLine>
            <TextLine id="r1l7" custom="readingOrder {index:6;}">
                <Coords points="667,1535 750,1524 800,1553 905,1526 985,1527 1008,1546 1136,1518 1167,1529 1196,1497 1234,1508 1232,1447 1187,1445 1155,1415 1103,1444 981,1418 842,1449 788,1421 663,1429"/>
                <Baseline points="686,1520 712,1520 738,1520 765,1520 791,1520 818,1520 844,1519 871,1519 897,1517 924,1517 950,1516 976,1514 1003,1513 1029,1512 1056,1511 1082,1509 1109,1508 1135,1507 1162,1506 1188,1505 1215,1504"/>
                <TextEquiv>
                    <Unicode>Feuilleion.</Unicode>
                </TextEquiv>
            </TextLine>
            <TextLine id="r1l8" custom="readingOrder {index:7;}">
                <Coords points="1525,1549 3319,1507 3371,1456 1523,1508"/>
                <Baseline points="1543,1552 1633,1547 1724,1544 1814,1541 1905,1538 1995,1535 2086,1532 2176,1529 2267,1527 2357,1524 2448,1522 2538,1519 2629,1517 2719,1514 2810,1512 2900,1509 2991,1506 3081,1504 3172,1500 3262,1497 3353,1493"/>
                <TextEquiv>
                    <Unicode>sind Beispiele dafür. Und Gerhart Hauptmann selbst als irgendein aus dem Volk</Unicode>
                </TextEquiv>
            </TextLine>
            <TextLine id="r1l9" custom="readingOrder {index:8;}">
                <Coords points="2739,1582 2860,1557 3053,1566 3094,1546 3371,1558 3378,1504 2738,1510"/>
                <Baseline points="2758,1552 2788,1552 2818,1552 2848,1551 2878,1551 2908,1551 2938,1550 2968,1550 2998,1549 3028,1548 3059,1548 3089,1547 3119,1547 3149,1546 3179,1546 3209,1546 3239,1545 3269,1545 3299,1545 3329,1545 3360,1545"/>
                <TextEquiv>
                    <Unicode>Weihnachts= oder Legendens</Unicode>
                </TextEquiv>
            </TextLine>
            <TextLine id="r1l10" custom="readingOrder {index:9;}">
                <Coords points="476,1625 513,1618 522,1605 549,1607 558,1594 571,1599 605,1577 636,1595 655,1575 678,1575 653,1441 604,1450 598,1459 543,1431 500,1451 474,1436 441,1443"/>
                <Baseline points="490,1590 517,1583 545,1577 572,1570 600,1565 627,1561 655,1561"/>
                <TextEquiv>
                    <Unicode>11</Unicode>
                </TextEquiv>
            </TextLine>
            <TextLine id="r1l11" custom="readingOrder {index:10;}">
                <Coords points="1523,1622 2734,1572 2740,1518 1520,1546"/>
                <Baseline points="1540,1602 1599,1598 1658,1595 1717,1592 1776,1589 1835,1587 1894,1584 1953,1583 2012,1581 2071,1579 2130,1578 2189,1576 2248,1575 2307,1573 2366,1572 2425,1570 2484,1569 2543,1566 2602,1564 2661,1561 2721,1559"/>
                <TextEquiv>
                    <Unicode>beweist ganz ebenso wie Thomas Mann und mancher</Unicode>
                </TextEquiv>
            </TextLine>
            <TextLine id="r1l12" custom="readingOrder {index:11;}">
                <Coords points="2821,1604 3309,1604 3370,1596 3369,1550 2820,1566"/>
                <Baseline points="2839,1594 2864,1595 2890,1596 2915,1596 2941,1596 2966,1596 2992,1596 3017,1596 3043,1596 3068,1595 3094,1595 3120,1595 3145,1594 3171,1594 3196,1594 3222,1593 3247,1593 3273,1592 3298,1592 3324,1592 3350,1592"/>
                <TextEquiv>
                    <Unicode>Von dem Raimundschei</Unicode>
                </TextEquiv>
            </TextLine>
            <TextLine id="r1l13" custom="readingOrder {index:12;}">
                <Coords points="1523,1667 2750,1622 2748,1565 1522,1603"/>
                <Baseline points="1541,1645 1600,1643 1659,1641 1719,1639 1778,1637 1838,1635 1897,1634 1957,1633 2016,1631 2076,1630 2135,1629 2194,1627 2254,1626 2313,1624 2373,1623 2432,1621 2492,1619 2551,1617 2611,1614 2670,1612 2730,1609"/>
                <TextEquiv>
                    <Unicode>andre, daß die Großstädte in Zeiten, da ihre eigenen</Unicode>
                </TextEquiv>
            </TextLine>
            <TextLine id="r1l14" custom="readingOrder {index:13;}">
                <Coords points="2743,1661 2872,1644 3110,1656 3193,1636 3254,1655 3375,1638 3375,1604 2742,1593"/>
                <Baseline points="2761,1649 2790,1647 2820,1645 2850,1643 2880,1643 2910,1642 2939,1642 2969,1641 2999,1641 3029,1642 3059,1642 3088,1642 3118,1642 3148,1642 3178,1642 3208,1642 3237,1641 3267,1640 3297,1639 3327,1637 3357,1635"/>
                <TextEquiv>
                    <Unicode>schen Oberösterreich, von ein</Unicode>
                </TextEquiv>
            </TextLine>
            <TextLine id="r1l15" custom="readingOrder {index:14;}">
                <Coords points="529,1702 578,1682 806,1704 865,1675 1048,1696 1153,1665 1264,1684 1342,1659 1340,1587 1184,1566 1132,1598 1017,1564 856,1619 778,1557 648,1531 563,1470 521,1479"/>
                <Baseline points="547,1675 585,1676 624,1675 663,1675 702,1674 741,1674 779,1673 818,1672 857,1670 896,1669 935,1667 973,1665 1012,1663 1051,1662 1090,1661 1129,1658 1167,1657 1206,1656 1245,1654 1284,1653 1323,1652"/>
                <TextEquiv>
                    <Unicode>Dichter Oesterreichs.</Unicode>
                </TextEquiv>
            </TextLine>
            <TextLine id="r1l16" custom="readingOrder {index:15;}">
                <Coords points="1533,1712 2620,1693 2748,1674 2747,1625 1531,1647"/>
                <Baseline points="1553,1691 1611,1689 1670,1688 1729,1687 1788,1685 1846,1684 1905,1683 1964,1681 2023,1680 2081,1678 2140,1676 2199,1675 2258,1673 2316,1671 2375,1669 2434,1668 2493,1665 2551,1664 2610,1662 2669,1660 2728,1658"/>
                <TextEquiv>
                    <Unicode>Kräfte versiegen, sich aus der Provinz frische Kräfte</Unicode>
                </TextEquiv>
            </TextLine>
            <TextLine id="r1l17" custom="readingOrder {index:16;}">
                <Coords points="2736,1698 2925,1713 2944,1694 3319,1694 3364,1689 3363,1640 2735,1657"/>
                <Baseline points="2753,1696 2782,1696 2812,1695 2841,1694 2871,1694 2901,1693 2930,1692 2960,1692 2990,1691 3019,1691 3049,1690 3079,1689 3108,1689 3138,1688 3168,1687 3197,1687 3227,1687 3257,1686 3286,1685 3316,1685 3346,1684"/>
                <TextEquiv>
                    <Unicode>tiefer schafft und denkt, als</Unicode>
                </TextEquiv>
            </TextLine>
            <TextLine id="r1l18" custom="readingOrder {index:17;}">
                <Coords points="1532,1763 1615,1765 1648,1737 1804,1752 1925,1726 2084,1734 2129,1721 2128,1687 1927,1681 1784,1704 1700,1687 1530,1710"/>
                <Baseline points="1551,1738 1578,1737 1606,1737 1634,1736 1662,1735 1690,1734 1718,1734 1746,1733 1774,1732 1802,1732 1830,1731 1857,1730 1885,1729 1913,1729 1941,1728 1969,1727 1997,1726 2025,1726 2053,1725 2081,1724 2109,1723"/>
                <TextEquiv>
                    <Unicode>und Säfte holen müssen.</Unicode>
                </TextEquiv>
            </TextLine>
            <TextLine id="r1l19" custom="readingOrder {index:18;}">
                <Coords points="2746,1754 3367,1738 3366,1689 2745,1701"/>
                <Baseline points="2766,1743 2795,1742 2824,1741 2853,1740 2882,1740 2911,1739 2940,1739 2969,1739 2998,1739 3027,1738 3056,1738 3085,1738 3114,1737 3143,1737 3172,1737 3201,1736 3230,1734 3259,1733 3288,1732 3317,1730 3346,1728"/>
                <TextEquiv>
                    <Unicode>duktion dieser Tage vollkom</Unicode>
                </TextEquiv>
            </TextLine>
            <TextLine id="r1l20" custom="readingOrder {index:19;}">
                <Coords points="417,1767 1549,1735 1547,1682 1319,1656 415,1714"/>
                <Baseline points="436,1755 490,1754 545,1754 599,1753 654,1752 709,1751 763,1749 818,1747 873,1745 927,1743 982,1741 1037,1739 1091,1737 1146,1735 1201,1733 1255,1730 1310,1728 1365,1726 1419,1724 1474,1722 1529,1720"/>
                <TextEquiv>
                    <Unicode>Gerhart Hauptmann war in Wien zu Besuch, man</Unicode>
                </TextEquiv>
            </TextLine>
            <TextLine id="r1l21" custom="readingOrder {index:20;}">
                <Coords points="1622,1785 2755,1767 2752,1695 2653,1683 2435,1723 2158,1697 2090,1734 1621,1748"/>
                <Baseline points="1642,1785 1696,1783 1751,1781 1805,1780 1860,1778 1915,1776 1969,1775 2024,1774 2079,1772 2133,1771 2188,1769 2243,1768 2297,1767 2352,1765 2407,1763 2461,1761 2516,1760 2571,1757 2625,1755 2680,1752 2735,1750"/>
                <TextEquiv>
                    <Unicode>Wollte man bei dem Bankett des P. E. N.=Klubs</Unicode>
                </TextEquiv>
            </TextLine>
            <TextLine id="r1l22" custom="readingOrder {index:21;}">
                <Coords points="2751,1794 3372,1783 3371,1741 3325,1735 3216,1748 3181,1733 3144,1753 2992,1740 2970,1756 2750,1744"/>
                <Baseline points="2770,1791 2799,1790 2828,1788 2857,1787 2886,1786 2915,1786 2944,1786 2974,1785 3003,1785 3032,1785 3061,1785 3090,1785 3119,1785 3148,1785 3178,1784 3207,1783 3236,1783 3265,1781 3294,1780 3323,1778 3353,1775"/>
                <TextEquiv>
                    <Unicode>auf einer Ebene, die zu ho</Unicode>
                </TextEquiv>
            </TextLine>
            <TextLine id="r1l23" custom="readingOrder {index:22;}">
                <Coords points="328,1819 1422,1789 1550,1777 1549,1736 325,1747"/>
                <Baseline points="345,1810 404,1809 463,1807 522,1806 582,1805 641,1803 700,1801 760,1799 819,1797 878,1795 938,1793 997,1790 1056,1788 1115,1786 1175,1784 1234,1782 1293,1780 1353,1777 1412,1775 1471,1773 1531,1771"/>
                <TextEquiv>
                    <Unicode>feierte und ehrte ihn hier mit einer Herzlichkeit, die</Unicode>
                </TextEquiv>
            </TextLine>
            <TextLine id="r1l24" custom="readingOrder {index:23;}">
                <Coords points="1543,1844 2743,1811 2742,1761 1541,1784"/>
                <Baseline points="1562,1833 1620,1832 1678,1830 1736,1829 1794,1828 1852,1827 1910,1825 1969,1824 2027,1823 2085,1821 2143,1820 2201,1819 2259,1818 2317,1816 2376,1814 2434,1813 2492,1811 2550,1809 2608,1807 2666,1805 2725,1802"/>
                <TextEquiv>
                    <Unicode>Gerhart Hauptmann einen Dichter zeigen, von dem</Unicode>
                </TextEquiv>
            </TextLine>
            <TextLine id="r1l25" custom="readingOrder {index:24;}">
                <Coords points="2751,1842 2865,1851 2910,1827 2929,1846 3126,1854 3160,1830 3372,1834 3371,1785 3292,1775 3254,1791 2750,1793"/>
                <Baseline points="2770,1837 2799,1836 2828,1835 2857,1834 2886,1833 2916,1833 2945,1832 2974,1832 3003,1832 3032,1832 3062,1831 3091,1831 3120,1831 3149,1830 3178,1830 3208,1829 3237,1828 3266,1827 3295,1826 3324,1824 3354,1822"/>
                <TextEquiv>
                    <Unicode>Typen eines Stammes bew</Unicode>
                </TextEquiv>
            </TextLine>
            <TextLine id="r1l26" custom="readingOrder {index:25;}">
                <Coords points="329,1872 1256,1829 1307,1858 1522,1831 1554,1785 327,1819"/>
                <Baseline points="346,1860 405,1858 465,1856 524,1854 584,1852 643,1850 703,1849 762,1847 822,1845 881,1843 941,1841 1001,1840 1060,1837 1120,1836 1179,1833 1239,1831 1298,1828 1358,1826 1417,1824 1477,1820 1537,1817"/>
                <TextEquiv>
                    <Unicode>nicht mehr übertroffen werden kann, man schleppte ihn</Unicode>
                </TextEquiv>
            </TextLine>
            <TextLine id="r1l27" custom="readingOrder {index:26;}">
                <Coords points="322,1903 2750,1858 2495,1802 322,1869"/>
                <Baseline points="342,1909 461,1903 580,1898 700,1892 819,1889 938,1886 1058,1883 1177,1881 1296,1879 1416,1877 1535,1876 1654,1874 1774,1873 1893,1871 2012,1869 2132,1867 2251,1865 2370,1862 2490,1858 2609,1854 2729,1849"/>
                <TextEquiv>
                    <Unicode>von einem Empfang zum andern, und auch der man sagen durfte: „Dieser Mann ist kennzeichnend für</Unicode>
                </TextEquiv>
            </TextLine>
            <TextLine id="r1l28" custom="readingOrder {index:27;}">
                <Coords points="2749,1889 3086,1891 3127,1871 3196,1899 3229,1876 3320,1881 3365,1853 3364,1827 2747,1839"/>
                <Baseline points="2767,1885 2796,1885 2825,1885 2854,1884 2883,1883 2912,1883 2941,1882 2970,1882 2999,1881 3028,1880 3057,1879 3086,1878 3115,1878 3144,1877 3173,1876 3202,1875 3231,1874 3260,1873 3289,1872 3318,1871 3348,1870"/>
                <TextEquiv>
                    <Unicode>vor die Augen Gerhart</Unicode>
                </TextEquiv>
            </TextLine>
            <TextLine id="r1l29" custom="readingOrder {index:28;}">
                <Coords points="1546,1939 2754,1906 2752,1849 1545,1890"/>
                <Baseline points="1566,1931 1624,1928 1682,1926 1741,1925 1799,1922 1858,1921 1916,1919 1974,1918 2033,1917 2091,1916 2150,1914 2208,1913 2266,1912 2325,1911 2383,1909 2442,1907 2500,1905 2558,1903 2617,1900 2675,1897 2734,1894"/>
                <TextEquiv>
                    <Unicode>österreichische Art und österreichisches Schaffen, er ver¬</Unicode>
                </TextEquiv>
            </TextLine>
            <TextLine id="r1l30" custom="readingOrder {index:29;}">
                <Coords points="2753,1937 3378,1925 3376,1853 3308,1885 3232,1875 3187,1896 3126,1867 2751,1887"/>
                <Baseline points="2770,1931 2799,1931 2828,1930 2858,1929 2887,1929 2917,1928 2946,1928 2976,1928 3005,1927 3035,1927 3064,1926 3093,1926 3123,1925 3152,1924 3182,1924 3211,1922 3241,1922 3270,1920 3300,1918 3329,1916 3359,1914"/>
                <TextEquiv>
                    <Unicode>Dichter stellen will, findet</Unicode>
                </TextEquiv>
            </TextLine>
            <TextLine id="r1l31" custom="readingOrder {index:30;}">
                <Coords points="323,1948 1554,1930 1552,1869 322,1907"/>
                <Baseline points="343,1956 402,1953 462,1950 521,1947 581,1944 640,1942 700,1940 759,1938 819,1936 878,1934 938,1933 997,1931 1057,1930 1116,1928 1176,1926 1235,1924 1295,1922 1354,1920 1414,1917 1473,1915 1533,1911"/>
                <TextEquiv>
                    <Unicode>P. E. N.=Klub versammelte seine Mitglieder und</Unicode>
                </TextEquiv>
            </TextLine>
            <TextLine id="r1l32" custom="readingOrder {index:31;}">
                <Coords points="1551,1985 2751,1960 2750,1903 1549,1939"/>
                <Baseline points="1570,1978 1628,1976 1686,1975 1744,1973 1802,1972 1860,1970 1918,1969 1976,1968 2034,1966 2092,1965 2150,1964 2208,1963 2266,1961 2324,1960 2382,1958 2440,1956 2498,1954 2556,1952 2614,1949 2672,1946 2731,1943"/>
                <TextEquiv>
                    <Unicode>möchte nirgends anderswo als hier zu gedeihen und</Unicode>
                </TextEquiv>
            </TextLine>
            <TextLine id="r1l33" custom="readingOrder {index:32;}">
                <Coords points="2758,1979 2936,1998 2955,1979 3083,1968 3371,1977 3370,1916 2757,1934"/>
                <Baseline points="2777,1976 2805,1977 2834,1977 2863,1976 2892,1976 2921,1975 2949,1975 2978,1974 3007,1974 3036,1973 3065,1972 3093,1971 3122,1970 3151,1969 3180,1969 3209,1968 3237,1967 3266,1967 3295,1966 3324,1966 3353,1966"/>
                <TextEquiv>
                    <Unicode>Billinger, den Bauern aus</Unicode>
                </TextEquiv>
            </TextLine>
            <TextLine id="r1l34" custom="readingOrder {index:33;}">
                <Coords points="324,2013 1285,1968 1377,1996 1554,1968 1553,1926 322,1964"/>
                <Baseline points="341,2005 400,2001 460,1998 520,1995 580,1992 639,1990 699,1988 759,1987 819,1985 878,1984 938,1983 998,1982 1058,1980 1117,1979 1177,1977 1237,1975 1297,1973 1356,1971 1416,1967 1476,1964 1536,1960"/>
                <TextEquiv>
                    <Unicode>Freunde, damit der Dichter einen Abend in ihrg Mitte</Unicode>
                </TextEquiv>
            </TextLine>
            <TextLine id="r1l35" custom="readingOrder {index:34;}">
                <Coords points="1546,2038 2754,1994 2752,1953 2646,1948 1545,1985"/>
                <Baseline points="1563,2028 1621,2026 1680,2024 1738,2022 1797,2020 1855,2019 1914,2017 1972,2015 2031,2014 2089,2012 2148,2010 2206,2009 2265,2007 2323,2006 2382,2004 2440,2002 2499,2001 2557,1998 2616,1996 2674,1993 2733,1991"/>
                <TextEquiv>
                    <Unicode>Früchte zu tragen“ — wen konnte man ihm vor¬</Unicode>
                </TextEquiv>
            </TextLine>
            <TextLine id="r1l36" custom="readingOrder {index:35;}">
                <Coords points="2748,2032 3252,2018 3290,2036 3309,2016 3377,2015 3376,1973 3312,1982 3274,1964 2747,1979"/>
                <Baseline points="2767,2020 2796,2022 2826,2022 2855,2023 2885,2023 2914,2023 2944,2023 2973,2022 3003,2022 3032,2021 3062,2020 3092,2019 3121,2017 3151,2016 3180,2016 3210,2014 3239,2014 3269,2013 3298,2013 3328,2012 3358,2013"/>
                <TextEquiv>
                    <Unicode>Ortner, den Krämersohn as</Unicode>
                </TextEquiv>
            </TextLine>
            <TextLine id="r1l37" custom="readingOrder {index:36;}">
                <Coords points="330,2059 1147,2012 1352,2044 1548,2016 1547,1966 328,2010"/>
                <Baseline points="350,2053 408,2048 467,2045 526,2042 585,2040 644,2038 703,2036 762,2035 821,2034 880,2033 939,2032 997,2031 1056,2030 1115,2029 1174,2027 1233,2025 1292,2023 1351,2020 1410,2017 1469,2012 1528,2007"/>
                <TextEquiv>
                    <Unicode>verbringen möchte. Eine Heerschau der Pra##nenten</Unicode>
                </TextEquiv>
            </TextLine>
            <TextLine id="r1l38" custom="readingOrder {index:37;}">
                <Coords points="2753,2071 2885,2072 2939,2097 2972,2069 3033,2087 3131,2065 3321,2079 3374,2070 3373,2017 3293,2034 3035,2018 2960,2043 2937,2025 2751,2030"/>
                <Baseline points="2773,2070 2802,2072 2831,2072 2860,2073 2889,2073 2918,2073 2947,2073 2976,2072 3005,2072 3034,2071 3063,2070 3092,2069 3121,2068 3150,2067 3179,2066 3208,2065 3237,2063 3266,2061 3295,2060 3324,2059 3353,2057"/>
                <TextEquiv>
                    <Unicode>Provinz. Ihnen gesellt sich</Unicode>
                </TextEquiv>
            </TextLine>
            <TextLine id="r1l39" custom="readingOrder {index:38;}">
                <Coords points="331,2096 2509,2071 2762,2058 2761,1998 330,2058"/>
                <Baseline points="350,2099 469,2092 589,2086 708,2082 828,2078 948,2075 1067,2073 1187,2071 1307,2069 1426,2068 1546,2067 1666,2066 1785,2065 1905,2064 2025,2062 2144,2060 2264,2057 2384,2054 2503,2049 2623,2044 2743,2038"/>
                <TextEquiv>
                    <Unicode>war hier aufgeboten, und es waren ihrer wi#klich nicht stellen? Artur Schnitzler, der letzte Große, der Wien</Unicode>
                </TextEquiv>
            </TextLine>
            <TextLine id="r1l40" custom="readingOrder {index:39;}">
                <Coords points="2759,2124 3002,2129 3035,2109 3100,2126 3130,2103 3313,2136 3380,2112 3379,2055 2966,2069 2944,2089 2758,2074"/>
                <Baseline points="2779,2117 2808,2118 2837,2119 2866,2119 2895,2119 2924,2118 2953,2118 2983,2117 3012,2116 3041,2115 3070,2114 3099,2112 3128,2112 3157,2111 3187,2110 3216,2109 3245,2108 3274,2107 3303,2107 3332,2107 3362,2108"/>
                <TextEquiv>
                    <Unicode>Reinste, als der Stärkste,</Unicode>
                </TextEquiv>
            </TextLine>
            <TextLine id="r1l41" custom="readingOrder {index:40;}">
                <Coords points="336,2146 2771,2097 335,2100"/>
                <Baseline points="354,2150 473,2141 593,2135 713,2129 833,2125 953,2122 1073,2119 1192,2118 1312,2117 1432,2116 1552,2115 1672,2115 1792,2114 1912,2113 2031,2112 2151,2110 2271,2108 2391,2105 2511,2101 2631,2095 2751,2088"/>
                <TextEquiv>
                    <Unicode>wenige. Wien, so weit östlich vorgeschoben, erbrachte, vollkommen zugehört, war nicht zugegen. Und der</Unicode>
                </TextEquiv>
            </TextLine>
            <TextLine id="r1l42" custom="readingOrder {index:41;}">
                <Coords points="1547,2177 2766,2142 2764,2086 2261,2126 1545,2109"/>
                <Baseline points="1566,2170 1628,2168 1690,2167 1752,2165 1814,2164 1876,2162 1938,2161 2000,2160 2062,2158 2124,2156 2186,2155 2248,2153 2310,2151 2372,2150 2434,2148 2496,2145 2558,2143 2620,2140 2682,2138 2745,2135"/>
                <TextEquiv>
                    <Unicode>wahre Oesterreicher unter den Dichtern der letzten</Unicode>
                </TextEquiv>
            </TextLine>
            <TextLine id="r1l43" custom="readingOrder {index:42;}">
                <Coords points="2758,2181 2857,2190 2887,2159 2910,2174 2997,2180 3019,2160 3167,2180 3186,2161 3318,2158 3318,2124 3132,2105 3106,2125 3033,2111 3015,2130 2757,2124"/>
                <Baseline points="2777,2163 2803,2163 2829,2164 2855,2164 2881,2164 2907,2164 2933,2164 2959,2163 2985,2163 3011,2162 3038,2161 3064,2160 3090,2160 3116,2159 3142,2158 3168,2157 3194,2157 3220,2156 3246,2155 3272,2155 3299,2154"/>
                <TextEquiv>
                    <Unicode>Max Mell, der Steirer.</Unicode>
                </TextEquiv>
            </TextLine>
            <TextLine id="r1l44" custom="readingOrder {index:43;}">
                <Coords points="336,2191 1555,2163 1519,2111 334,2149"/>
                <Baseline points="355,2194 414,2189 473,2186 532,2184 591,2181 650,2179 709,2177 768,2175 827,2173 886,2171 946,2170 1005,2169 1064,2167 1123,2166 1182,2164 1241,2162 1300,2160 1359,2158 1418,2156 1477,2153 1537,2150"/>
                <TextEquiv>
                    <Unicode>schon umbrandet von Slawentum und Magyarentum,</Unicode>
                </TextEquiv>
            </TextLine>
            <TextLine id="r1l45" custom="readingOrder {index:44;}">
                <Coords points="2843,2214 3093,2221 3112,2205 3131,2220 3173,2200 3192,2219 3347,2212 3373,2208 3372,2140 3323,2133 3297,2160 3240,2169 2930,2174 2884,2160 2843,2184"/>
                <Baseline points="2863,2209 2888,2209 2914,2209 2940,2210 2966,2210 2991,2210 3017,2210 3043,2209 3069,2209 3095,2209 3120,2209 3146,2208 3172,2208 3198,2207 3224,2206 3249,2205 3275,2204 3301,2202 3327,2201 3353,2199"/>
                <TextEquiv>
                    <Unicode>Diese drei, so scheint e</Unicode>
                </TextEquiv>
            </TextLine>
            <TextLine id="r1l46" custom="readingOrder {index:45;}">
                <Coords points="322,2241 2771,2147 321,2195"/>
                <Baseline points="342,2242 462,2235 582,2228 703,2224 823,2220 944,2217 1064,2215 1185,2213 1305,2212 1426,2212 1546,2211 1666,2210 1787,2210 1907,2209 2028,2208 2148,2206 2269,2203 2389,2199 2510,2195 2630,2189 2751,2182"/>
                <TextEquiv>
                    <Unicode>den Beweis, wie reich und wie vielfältig sich hier deutsche Generation, Hugo von Hofmannsthal, ist tot. Als</Unicode>
                </TextEquiv>
            </TextLine>
            <TextLine id="r1l47" custom="readingOrder {index:46;}">
                <Coords points="2760,2275 3301,2266 3380,2253 3379,2204 3175,2201 3092,2222 2872,2219 2826,2194 2758,2207"/>
                <Baseline points="2777,2261 2806,2261 2835,2260 2864,2260 2894,2259 2923,2259 2952,2259 2981,2258 3011,2257 3040,2257 3069,2256 3098,2256 3128,2255 3157,2254 3186,2253 3215,2252 3245,2251 3274,2250 3303,2249 3332,2248 3362,2247"/>
                <TextEquiv>
                    <Unicode>Hofmannsthal sterbend hin</Unicode>
                </TextEquiv>
            </TextLine>
            <TextLine id="r1l48" custom="readingOrder {index:47;}">
                <Coords points="338,2294 2322,2272 2758,2249 2757,2189 337,2252"/>
                <Baseline points="358,2289 477,2282 596,2276 715,2272 834,2268 953,2265 1072,2263 1191,2261 1310,2260 1429,2259 1548,2259 1667,2258 1786,2257 1905,2256 2024,2255 2143,2253 2262,2250 2381,2247 2500,2243 2619,2238 2739,2232"/>
                <TextEquiv>
                    <Unicode>Geistigkeit in einer Fülle von Temperamenten spiegelt. man in Deutschland so sehr über sein Sterben trauerte,</Unicode>
                </TextEquiv>
            </TextLine>
            <TextLine id="r1l49" custom="readingOrder {index:48;}">
                <Coords points="2758,2311 3334,2309 3387,2296 3386,2247 3299,2268 2757,2266"/>
                <Baseline points="2778,2309 2807,2308 2836,2307 2866,2306 2895,2305 2925,2304 2954,2304 2983,2303 3013,2303 3042,2302 3072,2302 3101,2301 3130,2301 3160,2300 3189,2299 3219,2299 3248,2297 3277,2296 3307,2295 3336,2294 3366,2292"/>
                <TextEquiv>
                    <Unicode>einem treuen und engen S#</Unicode>
                </TextEquiv>
            </TextLine>
            <TextLine id="r1l50" custom="readingOrder {index:49;}">
                <Coords points="339,2332 2694,2300 2761,2215 338,2294"/>
                <Baseline points="358,2337 477,2329 596,2323 716,2319 835,2315 954,2312 1074,2310 1193,2308 1312,2307 1432,2307 1551,2306 1670,2306 1790,2306 1909,2305 2028,2304 2148,2303 2267,2300 2386,2297 2506,2292 2625,2288 2745,2281"/>
                <TextEquiv>
                    <Unicode>Aber indem man über diese vielen hinblickte, wurde ahnte man wohl gar nicht, welch einem Oesterreicher</Unicode>
                </TextEquiv>
            </TextLine>
            <TextLine id="r1l51" custom="readingOrder {index:50;}">
                <Coords points="2754,2365 3333,2353 3382,2340 3381,2298 3101,2317 2752,2308"/>
                <Baseline points="2772,2354 2801,2354 2831,2354 2860,2354 2890,2354 2920,2354 2949,2353 2979,2352 3009,2352 3038,2351 3068,2350 3098,2349 3127,2347 3157,2346 3187,2345 3216,2344 3246,2343 3276,2342 3305,2341 3335,2340 3365,2339"/>
                <TextEquiv>
                    <Unicode>kennt, und das ist gut. Bei</Unicode>
                </TextEquiv>
            </TextLine>
            <TextLine id="r1l52" custom="readingOrder {index:51;}">
                <Coords points="334,2396 2769,2342 2768,2285 333,2332"/>
                <Baseline points="352,2386 471,2378 591,2372 711,2367 831,2363 951,2360 1071,2358 1190,2356 1310,2355 1430,2354 1550,2353 1670,2353 1790,2352 1910,2352 2029,2350 2149,2349 2269,2347 2389,2344 2509,2340 2629,2335 2749,2329"/>
                <TextEquiv>
                    <Unicode>plötzlich die Lust geweckt, unter ihnen diejenigen heraus= diese Trauer galt. Aber in seiner engeren Heimt kann</Unicode>
                </TextEquiv>
            </TextLine>
            <TextLine id="r1l53" custom="readingOrder {index:52;}">
                <Coords points="1550,2413 2769,2390 2745,2337 1549,2364"/>
                <Baseline points="1568,2410 1627,2408 1686,2407 1745,2405 1804,2404 1863,2402 1922,2401 1981,2399 2040,2398 2099,2397 2158,2395 2217,2394 2276,2392 2335,2391 2394,2390 2453,2389 2512,2388 2571,2387 2630,2386 2689,2385 2749,2384"/>
                <TextEquiv>
                    <Unicode>man ermessen, wie tief heimatbedingt, wie ganz aus</Unicode>
                </TextEquiv>
            </TextLine>
            <TextLine id="r1l54" custom="readingOrder {index:53;}">
                <Coords points="2766,2405 3387,2398 3385,2333 3329,2354 3272,2340 2765,2363"/>
                <Baseline points="2786,2401 2815,2401 2844,2401 2873,2401 2902,2401 2931,2400 2960,2400 2989,2400 3018,2399 3047,2399 3077,2398 3106,2398 3135,2397 3164,2396 3193,2395 3222,2394 3251,2393 3280,2392 3309,2390 3338,2388 3368,2386"/>
                <TextEquiv>
                    <Unicode>man beobachten, daß seine ##</Unicode>
                </TextEquiv>
            </TextLine>
            <TextLine id="r1l55" custom="readingOrder {index:54;}">
                <Coords points="337,2431 1249,2390 1288,2423 1564,2396 1563,2347 336,2397"/>
                <Baseline points="358,2430 417,2426 476,2424 535,2422 595,2419 654,2417 713,2416 772,2415 832,2413 891,2412 950,2411 1009,2409 1069,2408 1128,2407 1187,2405 1246,2404 1306,2401 1365,2399 1424,2397 1483,2394 1543,2391"/>
                <TextEquiv>
                    <Unicode>zusuchen, die vor allem österreichisch sind, so wie</Unicode>
                </TextEquiv>
            </TextLine>
            <TextLine id="r1l56" custom="readingOrder {index:55;}">
                <Coords points="2765,2456 3378,2439 3377,2394 3332,2391 2764,2407"/>
                <Baseline points="2782,2449 2810,2448 2839,2447 2868,2447 2897,2446 2926,2445 2954,2444 2983,2444 3012,2443 3041,2443 3070,2442 3098,2442 3127,2441 3156,2440 3185,2440 3214,2439 3242,2439 3271,2438 3300,2437 3329,2437 3358,2436"/>
                <TextEquiv>
                    <Unicode>daß er aus der Weite, der</Unicode>
                </TextEquiv>
            </TextLine>
            <TextLine id="r1l57" custom="readingOrder {index:56;}">
                <Coords points="1565,2464 2607,2451 2769,2436 2768,2383 1564,2411"/>
                <Baseline points="1582,2458 1640,2456 1698,2454 1757,2453 1815,2451 1874,2450 1932,2448 1991,2447 2049,2446 2108,2444 2166,2443 2224,2442 2283,2441 2341,2439 2400,2438 2458,2437 2517,2435 2575,2434 2634,2433 2692,2431 2751,2429"/>
                <TextEquiv>
                    <Unicode>alter, fruchtbarer Tradition geschöpft der „Rosen¬</Unicode>
                </TextEquiv>
            </TextLine>
            <TextLine id="r1l58" custom="readingOrder {index:57;}">
                <Coords points="348,2476 1457,2461 1563,2447 1562,2401 347,2438"/>
                <Baseline points="366,2475 424,2472 483,2469 542,2467 601,2465 660,2463 719,2461 777,2460 836,2457 895,2456 954,2454 1013,2453 1072,2452 1131,2451 1189,2449 1248,2448 1307,2446 1366,2445 1425,2444 1484,2442 1543,2441"/>
                <TextEquiv>
                    <Unicode>Gerhart Hauptmann selbst — über alles gemeinsam</Unicode>
                </TextEquiv>
            </TextLine>
            <TextLine id="r1l59" custom="readingOrder {index:58;}">
                <Coords points="2772,2499 3378,2496 3377,2439 3051,2451 2994,2429 2771,2454"/>
                <Baseline points="2790,2498 2818,2496 2847,2496 2875,2495 2904,2494 2932,2493 2961,2493 2989,2492 3018,2491 3046,2491 3075,2491 3103,2490 3132,2490 3160,2489 3189,2488 3217,2487 3246,2487 3274,2486 3303,2485 3331,2483 3360,2482"/>
                <TextEquiv>
                    <Unicode>gehört, immer mehr zurückl</Unicode>
                </TextEquiv>
            </TextLine>
            <TextLine id="r1l60" custom="readingOrder {index:59;}">
                <Coords points="1547,2502 2744,2486 2765,2429 1546,2465"/>
                <Baseline points="1567,2506 1629,2504 1691,2502 1753,2500 1815,2499 1877,2497 1939,2496 2001,2494 2063,2493 2125,2492 2187,2490 2249,2489 2311,2488 2373,2487 2435,2485 2497,2484 2559,2482 2621,2480 2683,2479 2746,2476"/>
                <TextEquiv>
                    <Unicode>kavalier" und „Jedermann“ waren. Mozart mußte</Unicode>
                </TextEquiv>
            </TextLine>
            <TextLine id="r1l61" custom="readingOrder {index:60;}">
                <Coords points="335,2536 1300,2492 1539,2519 1563,2442 333,2487"/>
                <Baseline points="354,2522 413,2520 473,2518 532,2516 592,2514 651,2513 711,2511 770,2509 830,2508 889,2506 949,2504 1008,2503 1068,2501 1127,2499 1187,2498 1246,2495 1306,2493 1365,2491 1425,2489 1484,2487 1544,2484"/>
                <TextEquiv>
                    <Unicode>Deutsche hinaus — ein Schlesier ist. Man prüfte und</Unicode>
                </TextEquiv>
            </TextLine>
            <TextLine id="r1l62" custom="readingOrder {index:61;}">
                <Coords points="2760,2551 2991,2537 3165,2552 3256,2527 3294,2545 3373,2536 3372,2486 3164,2507 3092,2486 2759,2501"/>
                <Baseline points="2779,2547 2807,2545 2836,2544 2865,2542 2894,2542 2922,2540 2951,2540 2980,2539 3009,2539 3037,2538 3066,2537 3095,2537 3124,2536 3152,2536 3181,2535 3210,2535 3239,2534 3267,2533 3296,2532 3325,2532 3354,2530"/>
                <TextEquiv>
                    <Unicode>sich selbst beruhte. Es ist in</Unicode>
                </TextEquiv>
            </TextLine>
            <TextLine id="r1l63" custom="readingOrder {index:62;}">
                <Coords points="1549,2568 2776,2534 2774,2492 2588,2478 1547,2503"/>
                <Baseline points="1569,2557 1628,2555 1687,2552 1746,2550 1806,2548 1865,2546 1924,2545 1984,2543 2043,2541 2102,2540 2162,2539 2221,2538 2280,2536 2339,2535 2399,2533 2458,2531 2517,2530 2577,2528 2636,2526 2695,2523 2755,2520"/>
                <TextEquiv>
                    <Unicode>gelebt, Raimund mußte sich aus qualvoller Melancholie</Unicode>
                </TextEquiv>
            </TextLine>
            <TextLine id="r1l64" custom="readingOrder {index:63;}">
                <Coords points="343,2597 1414,2555 1467,2542 1466,2497 341,2525"/>
                <Baseline points="361,2563 415,2563 469,2562 524,2562 578,2561 633,2560 687,2558 741,2556 796,2555 850,2553 905,2551 959,2549 1013,2548 1068,2545 1122,2544 1177,2542 1231,2541 1285,2539 1340,2538 1394,2537 1449,2536"/>
                <TextEquiv>
                    <Unicode>sonderte lange, und die Ausbeute war nicht groß.</Unicode>
                </TextEquiv>
            </TextLine>
            <TextLine id="r1l65" custom="readingOrder {index:64;}">
                <Coords points="2766,2598 3042,2580 3096,2598 3163,2581 3380,2591 3386,2526 3185,2531 3151,2555 3094,2537 2879,2554 2859,2535 2765,2557"/>
                <Baseline points="2785,2591 2814,2591 2843,2590 2872,2590 2901,2589 2930,2589 2959,2588 2989,2588 3018,2587 3047,2586 3076,2586 3105,2585 3134,2584 3163,2584 3193,2583 3222,2582 3251,2580 3280,2580 3309,2578 3338,2578 3368,2576"/>
                <TextEquiv>
                    <Unicode>gültig, daß ihm während</Unicode>
                </TextEquiv>
            </TextLine>
            <TextLine id="r1l66" custom="readingOrder {index:65;}">
                <Coords points="1553,2598 2629,2595 2773,2576 2772,2530 1552,2557"/>
                <Baseline points="1573,2601 1632,2599 1691,2598 1750,2597 1809,2595 1868,2594 1927,2592 1986,2591 2045,2589 2104,2588 2164,2587 2223,2585 2282,2583 2341,2582 2400,2581 2459,2579 2518,2577 2577,2576 2636,2575 2695,2573 2755,2572"/>
                <TextEquiv>
                    <Unicode>in die Heiterkeit seines Theaters geflüchtet haben,</Unicode>
                </TextEquiv>
            </TextLine>
            <TextLine id="r1l67" custom="readingOrder {index:66;}">
                <Coords points="437,2620 1570,2596 1568,2536 1530,2533 436,2575"/>
                <Baseline points="456,2619 510,2617 565,2615 620,2614 674,2612 729,2610 784,2609 838,2608 893,2606 948,2605 1003,2603 1057,2602 1112,2600 1167,2598 1221,2597 1276,2594 1331,2592 1385,2590 1440,2588 1495,2586 1550,2583"/>
                <TextEquiv>
                    <Unicode>Hier waren vor allem Wiener Schriftsteller ver¬</Unicode>
                </TextEquiv>
            </TextLine>
            <TextLine id="r1l68" custom="readingOrder {index:67;}">
                <Coords points="2768,2639 3378,2633 3377,2584 2767,2590"/>
                <Baseline points="2786,2633 2814,2633 2843,2634 2871,2634 2900,2634 2929,2634 2957,2634 2986,2634 3014,2633 3043,2633 3072,2632 3100,2632 3129,2631 3157,2631 3186,2630 3215,2629 3243,2628 3272,2627 3300,2626 3329,2625 3358,2624"/>
                <TextEquiv>
                    <Unicode>Lebens wichtiger und wese</Unicode>
                </TextEquiv>
            </TextLine>
            <TextLine id="r1l69" custom="readingOrder {index:68;}">
                <Coords points="1566,2653 2679,2639 2778,2625 2777,2576 1565,2608"/>
                <Baseline points="1586,2647 1644,2646 1703,2644 1761,2643 1820,2642 1879,2641 1937,2639 1996,2638 2055,2637 2113,2636 2172,2634 2231,2633 2289,2632 2348,2630 2407,2629 2465,2627 2524,2626 2583,2624 2641,2622 2700,2621 2759,2619"/>
                <TextEquiv>
                    <Unicode>damit der Urenkel diese Werke schreiben konnte. Was</Unicode>
                </TextEquiv>
            </TextLine>
            <TextLine id="r1l70" custom="readingOrder {index:69;}">
                <Coords points="339,2670 1574,2645 1572,2588 554,2638 338,2605"/>
                <Baseline points="360,2670 419,2668 479,2665 538,2663 598,2662 658,2660 717,2658 777,2657 837,2655 896,2654 956,2653 1016,2651 1075,2650 1135,2649 1195,2647 1254,2645 1314,2644 1374,2642 1433,2640 1493,2638 1553,2636"/>
                <TextEquiv>
                    <Unicode>sammelt, und man muß sich hüten, Wien schlechthin mit</Unicode>
                </TextEquiv>
            </TextLine>
            <TextLine id="r1l71" custom="readingOrder {index:70;}">
                <Coords points="2771,2687 2914,2680 2968,2702 2990,2682 3244,2696 3327,2676 3354,2702 3384,2694 3383,2633 3258,2620 3092,2643 2770,2637"/>
                <Baseline points="2789,2679 2817,2681 2846,2682 2875,2682 2904,2683 2933,2683 2962,2683 2991,2683 3020,2682 3049,2681 3078,2681 3106,2680 3135,2679 3164,2678 3193,2677 3222,2676 3251,2675 3280,2674 3309,2673 3338,2673 3367,2672"/>
                <TextEquiv>
                    <Unicode>Welt die Salzburger Festst</Unicode>
                </TextEquiv>
            </TextLine>
            <TextLine id="r1l72" custom="readingOrder {index:71;}">
                <Coords points="1566,2703 2623,2690 2778,2675 2777,2622 1565,2654"/>
                <Baseline points="1584,2695 1642,2694 1701,2693 1760,2692 1819,2691 1877,2690 1936,2688 1995,2687 2054,2686 2112,2685 2171,2684 2230,2683 2289,2682 2347,2680 2406,2678 2465,2677 2524,2675 2582,2673 2641,2671 2700,2669 2759,2667"/>
                <TextEquiv>
                    <Unicode>dieses Stammesösterreichische sei, ist schwer zu de¬</Unicode>
                </TextEquiv>
            </TextLine>
            <TextLine id="r1l73" custom="readingOrder {index:72;}">
                <Coords points="348,2723 1469,2705 1563,2691 1562,2638 347,2685"/>
                <Baseline points="365,2718 424,2716 483,2714 542,2712 601,2711 660,2709 719,2708 778,2706 837,2705 896,2704 955,2702 1014,2701 1073,2700 1132,2698 1191,2697 1250,2695 1309,2693 1368,2691 1427,2689 1486,2687 1546,2684"/>
                <TextEquiv>
                    <Unicode>Oesterreich zu identifizieren. Mit ebensoweng Recht</Unicode>
                </TextEquiv>
            </TextLine>
            <TextLine id="r1l74" custom="readingOrder {index:73;}">
                <Coords points="2773,2734 3372,2724 3371,2678 3273,2672 3254,2691 2773,2688"/>
                <Baseline points="2793,2731 2820,2730 2848,2730 2876,2730 2904,2729 2932,2729 2960,2729 2988,2728 3016,2728 3044,2728 3072,2727 3099,2727 3127,2727 3155,2727 3183,2726 3211,2726 3239,2726 3267,2726 3295,2726 3323,2725 3351,2725"/>
                <TextEquiv>
                    <Unicode>sowenig belanglos, daß</Unicode>
                </TextEquiv>
            </TextLine>
            <TextLine id="r1l75" custom="readingOrder {index:74;}">
                <Coords points="1567,2747 2779,2720 2778,2675 2672,2658 2623,2690 1566,2701"/>
                <Baseline points="1588,2742 1646,2741 1705,2740 1764,2739 1822,2738 1881,2737 1940,2735 1998,2734 2057,2732 2116,2731 2175,2729 2233,2728 2292,2727 2351,2725 2409,2724 2468,2722 2527,2722 2585,2721 2644,2720 2703,2719 2762,2719"/>
                <TextEquiv>
                    <Unicode>finieren. Jeder hat es an Mozart gefühlt, keiner</Unicode>
                </TextEquiv>
            </TextLine>
            <TextLine id="r1l76" custom="readingOrder {index:75;}">
                <Coords points="346,2779 1550,2744 1571,2690 344,2722"/>
                <Baseline points="366,2766 425,2764 484,2763 544,2761 603,2759 662,2758 722,2756 781,2754 840,2752 900,2750 959,2748 1018,2746 1078,2745 1137,2743 1196,2741 1256,2740 1315,2738 1374,2737 1434,2735 1493,2734 1553,2733"/>
                <TextEquiv>
                    <Unicode>dürfte man das Berlin von heute als repräsentativ für</Unicode>
                </TextEquiv>
            </TextLine>
            <TextLine id="r1l77" custom="readingOrder {index:76;}">
                <Coords points="1564,2797 3264,2798 3381,2773 3381,2720 1563,2748"/>
                <Baseline points="1582,2795 1671,2790 1760,2787 1849,2783 1938,2781 2027,2778 2116,2776 2205,2775 2294,2774 2383,2773 2472,2772 2561,2772 2650,2771 2739,2771 2828,2770 2917,2770 3006,2769 3095,2768 3184,2767 3273,2766 3362,2764"/>
                <TextEquiv>
                    <Unicode>hat es mit voller Klarheit aussprechen können. Mit Billinger, nachdem Eingew</Unicode>
                </TextEquiv>
            </TextLine>
            <TextLine id="r1l78" custom="readingOrder {index:77;}">
                <Coords points="351,2828 1570,2787 1568,2742 1473,2729 349,2775"/>
                <Baseline points="371,2814 430,2813 489,2811 548,2809 607,2807 666,2806 725,2805 784,2803 843,2801 902,2800 961,2798 1020,2796 1079,2795 1138,2793 1197,2791 1256,2790 1315,2789 1374,2787 1433,2785 1492,2783 1552,2781"/>
                <TextEquiv>
                    <Unicode>Deutschland bezeichnen. Ein Franzose hat dies gefühlt:</Unicode>
                </TextEquiv>
            </TextLine>
            <TextLine id="r1l79" custom="readingOrder {index:78;}">
                <Coords points="346,2859 3378,2772 345,2824"/>
                <Baseline points="364,2863 513,2858 663,2854 813,2851 963,2847 1113,2843 1263,2840 1413,2837 1563,2834 1713,2832 1863,2829 2012,2827 2162,2825 2312,2823 2462,2822 2612,2821 2762,2820 2912,2819 3062,2819 3212,2818 3362,2818"/>
                <TextEquiv>
                    <Unicode>Paul Morand erklärt, Berlin wäre das Deutschland dem Worte Anmut ist ihm nicht beizukommen, denn diese Festspiele zum erste</Unicode>
                </TextEquiv>
            </TextLine>
            <TextLine id="r1l80" custom="readingOrder {index:79;}">
                <Coords points="341,2908 3379,2867 341,2862"/>
                <Baseline points="360,2912 509,2907 659,2903 809,2899 959,2895 1109,2892 1259,2889 1409,2886 1559,2883 1709,2881 1859,2879 2008,2876 2158,2875 2308,2873 2458,2871 2608,2869 2758,2868 2908,2866 3058,2865 3208,2863 3358,2862"/>
                <TextEquiv>
                    <Unicode>von 1950 Damit will er zunächst sagen, daß es nicht Stifter und Grillparzer waren kaum anmutig im Volkes gezeigt wurden. O</Unicode>
                </TextEquiv>
            </TextLine>
            <TextLine id="r1l81" custom="readingOrder {index:80;}">
                <Coords points="349,2961 3409,2906 348,2908"/>
                <Baseline points="367,2959 518,2955 669,2950 820,2946 971,2942 1122,2939 1273,2936 1425,2933 1576,2930 1727,2928 1878,2926 2029,2924 2180,2922 2331,2920 2483,2918 2634,2917 2785,2915 2936,2914 3087,2913 3238,2911 3390,2910"/>
                <TextEquiv>
                    <Unicode>das Deutschland von heute ist und sein kann, weil es sich, Sinne der literarhistorischen Schablone. Eines gehört der österreichischesten Bühnek</Unicode>
                </TextEquiv>
            </TextLine>
            <TextLine id="r1l82" custom="readingOrder {index:81;}">
                <Coords points="344,3017 3406,2908 343,2957"/>
                <Baseline points="361,3009 512,3004 663,2999 815,2994 966,2990 1117,2986 1269,2983 1420,2980 1571,2977 1723,2975 1874,2973 2025,2971 2177,2969 2328,2967 2479,2966 2631,2964 2782,2963 2933,2961 3085,2960 3236,2958 3388,2956"/>
                <TextEquiv>
                    <Unicode>ganz ebenso wie Wien, jenem Entwicklungsprozeß ein= jedenfalls dazu: daß man aus dem Volkstum schöpft, Publikum sprechen, das er</Unicode>
                </TextEquiv>
            </TextLine>
            <TextLine id="r1l83" custom="readingOrder {index:82;}">
                <Coords points="341,3055 3408,2960 340,3014"/>
                <Baseline points="361,3057 512,3052 663,3047 815,3044 966,3040 1118,3036 1269,3033 1421,3030 1572,3027 1724,3025 1875,3022 2026,3020 2178,3018 2329,3016 2481,3015 2632,3013 2784,3011 2935,3010 3087,3008 3238,3007 3390,3006"/>
                <TextEquiv>
                    <Unicode>gefügt hat, der alle Großstädte zu sehr ähnlichen, ja fast das künstlerisch nirgends reicher ist als auf bajuvari= gewann, als er sich ganz a</Unicode>
                </TextEquiv>
            </TextLine>
            <TextLine id="r1l84" custom="readingOrder {index:83;}">
                <Coords points="2866,3066 2999,3075 3021,3059 3097,3066 3123,3046 3143,3065 3226,3071 3275,3066 3294,3047 3370,3057 3369,3011 2865,3021"/>
                <Baseline points="2884,3060 2910,3060 2936,3061 2962,3061 2988,3061 3014,3060 3040,3060 3066,3060 3092,3059 3118,3059 3144,3058 3170,3057 3196,3057 3222,3056 3248,3055 3274,3054 3300,3054 3326,3053 3352,3052"/>
                <TextEquiv>
                    <Unicode>In diesen dreien be¬</Unicode>
                </TextEquiv>
            </TextLine>
            <TextLine id="r1l85" custom="readingOrder {index:84;}">
                <Coords points="352,3104 2791,3071 2767,3007 351,3066"/>
                <Baseline points="371,3106 491,3101 611,3096 731,3093 851,3089 971,3086 1091,3084 1211,3082 1331,3080 1451,3078 1572,3077 1692,3075 1812,3074 1932,3073 2052,3071 2172,3069 2292,3067 2412,3064 2532,3061 2652,3057 2773,3053"/>
                <TextEquiv>
                    <Unicode>gleichen Teilen eines kosmopolitischen Ganzen macht. schem Boden. Bei aller Höhe der Kunst: die Musik</Unicode>
                </TextEquiv>
            </TextLine>
            <TextLine id="r1l86" custom="readingOrder {index:85;}">
                <Coords points="352,3153 3279,3120 3384,3039 351,3104"/>
                <Baseline points="370,3151 519,3147 669,3143 819,3139 969,3136 1119,3133 1268,3130 1418,3127 1568,3125 1718,3123 1868,3120 2017,3119 2167,3116 2317,3114 2467,3112 2617,3110 2766,3108 2916,3105 3066,3103 3216,3100 3366,3097"/>
                <TextEquiv>
                    <Unicode>Auf die Literatur angewandt heißt das, daß kein des österreichischen Volkes klingt in das Mozartsche springen, der lange versch</Unicode>
                </TextEquiv>
            </TextLine>
            <TextLine id="r1l87" custom="readingOrder {index:86;}">
                <Coords points="356,3207 3389,3153 355,3154"/>
                <Baseline points="374,3197 523,3193 673,3190 823,3186 973,3183 1123,3180 1273,3178 1423,3175 1573,3173 1723,3171 1873,3169 2022,3167 2172,3165 2322,3163 2472,3161 2622,3159 2772,3157 2922,3155 3072,3152 3222,3150 3372,3148"/>
                <TextEquiv>
                    <Unicode>Berliner Dichter von heute wesensnotwendig aus Rokoko hinein. Und bei Schubert und Bruckner wird lkannten, daß es kein Zu</Unicode>
                </TextEquiv>
            </TextLine>
            <TextLine id="r1l88" custom="readingOrder {index:87;}">
                <Coords points="356,3252 3384,3146 355,3210"/>
                <Baseline points="374,3245 523,3241 673,3237 822,3234 972,3230 1122,3228 1271,3225 1421,3223 1571,3220 1720,3218 1870,3216 2020,3214 2169,3212 2319,3210 2469,3208 2618,3206 2768,3203 2918,3201 3067,3198 3217,3195 3367,3191"/>
                <TextEquiv>
                    <Unicode>Berlin und kein Wiener Dichter aus Wien stammen immer wieder der österreichische Landler lebendig. Instärksten Volksdramatiker,</Unicode>
                </TextEquiv>
            </TextLine>
            <TextLine id="r1l89" custom="readingOrder {index:88;}">
                <Coords points="363,3305 3407,3231 362,3248"/>
                <Baseline points="381,3288 531,3285 681,3282 832,3280 982,3277 1133,3274 1283,3272 1433,3270 1584,3267 1734,3265 1885,3263 2035,3260 2185,3258 2336,3256 2486,3254 2637,3252 2787,3249 2937,3247 3088,3244 3238,3242 3389,3239"/>
                <TextEquiv>
                    <Unicode>müßte. Dort wie hier gibt es heute wenig Schaffende, die Tradition dieses Volkstums sind die Werke dieser Volksspiele, die Oberamme</Unicode>
                </TextEquiv>
            </TextLine>
            <TextLine id="r1l90" custom="readingOrder {index:89;}">
                <Coords points="352,3351 3408,3287 351,3290"/>
                <Baseline points="371,3338 529,3334 688,3331 847,3329 1006,3326 1165,3324 1324,3321 1483,3319 1642,3317 1801,3315 1959,3313 2118,3310 2277,3308 2436,3305 2595,3303 2754,3300 2913,3297 3072,3293 3231,3290 3390,3286"/>
                <TextEquiv>
                    <Unicode>denen Berlin oder Wien zur inneren Heimat wurde, Großen selbst übergegangen als unlösbare Bestand= Süden hervorgebracht hätt</Unicode>
                </TextEquiv>
            </TextLine>
            <TextLine id="r1l91" custom="readingOrder {index:90;}">
                <Coords points="359,3422 3328,3374 3409,3286 357,3350"/>
                <Baseline points="377,3393 527,3390 678,3388 828,3385 979,3383 1130,3380 1280,3378 1431,3375 1582,3373 1732,3370 1883,3368 2034,3365 2184,3362 2335,3360 2486,3357 2636,3354 2787,3352 2938,3349 3088,3346 3239,3343 3390,3340"/>
                <TextEquiv>
                    <Unicode>zum engeren seelischen Bezirk, in dem allein sie sich teile, und nichts Schöneres wäre von bewußt ge= wie sehr gerade hier der</Unicode>
                </TextEquiv>
            </TextLine>
            <TextLine id="r1l92" custom="readingOrder {index:91;}">
                <Coords points="3186,4196 3217,4198 3221,4194 3232,4199 3240,4192 3251,4192 3273,4205 3292,4206 3296,4135 3270,4133 3258,4144 3227,4145 3223,4149 3190,4143"/>
                <Baseline points="3206,4199 3239,4201 3272,4203"/>
                <TextEquiv>
                    <Unicode></Unicode>
                </TextEquiv>
            </TextLine>
            <TextEquiv>
                <Unicode>box 38/1
2. Cuttings
94#
A
künstlerisch erfüllen können. Früher gab es das: schaffener Kunst auszusagen
Fontaue für den Norden und Raimund für den Süden etwa sind heute nicht mind
Feuilleion.
sind Beispiele dafür. Und Gerhart Hauptmann selbst als irgendein aus dem Volk
Weihnachts= oder Legendens
11
beweist ganz ebenso wie Thomas Mann und mancher
Von dem Raimundschei
andre, daß die Großstädte in Zeiten, da ihre eigenen
schen Oberösterreich, von ein
Dichter Oesterreichs.
Kräfte versiegen, sich aus der Provinz frische Kräfte
tiefer schafft und denkt, als
und Säfte holen müssen.
duktion dieser Tage vollkom
Gerhart Hauptmann war in Wien zu Besuch, man
Wollte man bei dem Bankett des P. E. N.=Klubs
auf einer Ebene, die zu ho
feierte und ehrte ihn hier mit einer Herzlichkeit, die
Gerhart Hauptmann einen Dichter zeigen, von dem
Typen eines Stammes bew
nicht mehr übertroffen werden kann, man schleppte ihn
von einem Empfang zum andern, und auch der man sagen durfte: „Dieser Mann ist kennzeichnend für
vor die Augen Gerhart
österreichische Art und österreichisches Schaffen, er ver¬
Dichter stellen will, findet
P. E. N.=Klub versammelte seine Mitglieder und
möchte nirgends anderswo als hier zu gedeihen und
Billinger, den Bauern aus
Freunde, damit der Dichter einen Abend in ihrg Mitte
Früchte zu tragen“ — wen konnte man ihm vor¬
Ortner, den Krämersohn as
verbringen möchte. Eine Heerschau der Pra##nenten
Provinz. Ihnen gesellt sich
war hier aufgeboten, und es waren ihrer wi#klich nicht stellen? Artur Schnitzler, der letzte Große, der Wien
Reinste, als der Stärkste,
wenige. Wien, so weit östlich vorgeschoben, erbrachte, vollkommen zugehört, war nicht zugegen. Und der
wahre Oesterreicher unter den Dichtern der letzten
Max Mell, der Steirer.
schon umbrandet von Slawentum und Magyarentum,
Diese drei, so scheint e
den Beweis, wie reich und wie vielfältig sich hier deutsche Generation, Hugo von Hofmannsthal, ist tot. Als
Hofmannsthal sterbend hin
Geistigkeit in einer Fülle von Temperamenten spiegelt. man in Deutschland so sehr über sein Sterben trauerte,
einem treuen und engen S#
Aber indem man über diese vielen hinblickte, wurde ahnte man wohl gar nicht, welch einem Oesterreicher
kennt, und das ist gut. Bei
plötzlich die Lust geweckt, unter ihnen diejenigen heraus= diese Trauer galt. Aber in seiner engeren Heimt kann
man ermessen, wie tief heimatbedingt, wie ganz aus
man beobachten, daß seine ##
zusuchen, die vor allem österreichisch sind, so wie
daß er aus der Weite, der
alter, fruchtbarer Tradition geschöpft der „Rosen¬
Gerhart Hauptmann selbst — über alles gemeinsam
gehört, immer mehr zurückl
kavalier" und „Jedermann“ waren. Mozart mußte
Deutsche hinaus — ein Schlesier ist. Man prüfte und
sich selbst beruhte. Es ist in
gelebt, Raimund mußte sich aus qualvoller Melancholie
sonderte lange, und die Ausbeute war nicht groß.
gültig, daß ihm während
in die Heiterkeit seines Theaters geflüchtet haben,
Hier waren vor allem Wiener Schriftsteller ver¬
Lebens wichtiger und wese
damit der Urenkel diese Werke schreiben konnte. Was
sammelt, und man muß sich hüten, Wien schlechthin mit
Welt die Salzburger Festst
dieses Stammesösterreichische sei, ist schwer zu de¬
Oesterreich zu identifizieren. Mit ebensoweng Recht
sowenig belanglos, daß
finieren. Jeder hat es an Mozart gefühlt, keiner
dürfte man das Berlin von heute als repräsentativ für
hat es mit voller Klarheit aussprechen können. Mit Billinger, nachdem Eingew
Deutschland bezeichnen. Ein Franzose hat dies gefühlt:
Paul Morand erklärt, Berlin wäre das Deutschland dem Worte Anmut ist ihm nicht beizukommen, denn diese Festspiele zum erste
von 1950 Damit will er zunächst sagen, daß es nicht Stifter und Grillparzer waren kaum anmutig im Volkes gezeigt wurden. O
das Deutschland von heute ist und sein kann, weil es sich, Sinne der literarhistorischen Schablone. Eines gehört der österreichischesten Bühnek
ganz ebenso wie Wien, jenem Entwicklungsprozeß ein= jedenfalls dazu: daß man aus dem Volkstum schöpft, Publikum sprechen, das er
gefügt hat, der alle Großstädte zu sehr ähnlichen, ja fast das künstlerisch nirgends reicher ist als auf bajuvari= gewann, als er sich ganz a
In diesen dreien be¬
gleichen Teilen eines kosmopolitischen Ganzen macht. schem Boden. Bei aller Höhe der Kunst: die Musik
Auf die Literatur angewandt heißt das, daß kein des österreichischen Volkes klingt in das Mozartsche springen, der lange versch
Berliner Dichter von heute wesensnotwendig aus Rokoko hinein. Und bei Schubert und Bruckner wird lkannten, daß es kein Zu
Berlin und kein Wiener Dichter aus Wien stammen immer wieder der österreichische Landler lebendig. Instärksten Volksdramatiker,
müßte. Dort wie hier gibt es heute wenig Schaffende, die Tradition dieses Volkstums sind die Werke dieser Volksspiele, die Oberamme
denen Berlin oder Wien zur inneren Heimat wurde, Großen selbst übergegangen als unlösbare Bestand= Süden hervorgebracht hätt
zum engeren seelischen Bezirk, in dem allein sie sich teile, und nichts Schöneres wäre von bewußt ge= wie sehr gerade hier der
</Unicode>
            </TextEquiv>
        </TextRegion>
    </Page>
</PcGts>
