3344 4384
892 194 1341 301 box 38/1
139 208 719 310 2. Cuttings
987 562 1268 649 NNo s
626 582 826 664 #
656 634 1231 706 —
528 654 1289 752 ISSE ET INTERNATIONAL]
501 731 1059 807 ELA PRESSE S. 4.
490 778 1146 846 #e du Rhöne — Geneve
248 796 1290 891 Adr. te#: Coupures-Genève — Teleph. 44.0051
255 910 1276 1017 Bureau International de coupures de journaux:
399 961 1161 1036 Traductions de et en toutes langues
282 1078 1277 1167 Correspondants dans toutes les grandes villes
274 1238 411 1310 Ert
281 1338 417 1405 Ad
290 1425 412 1500 Dai
690 1692 1371 1867 TIME ROBS
693 1851 1411 1985 SCHNTTZLER
302 1928 415 2031 hr
671 1989 1405 2101 OE ANATOLE
330 2006 671 2093 On fraile a for
697 2132 1402 2230 Dramatist Saddened by
802 2208 1352 2300 Tragic Death of
896 2286 1207 2369 Daughter
1917 2341 1973 2442 *
1961 2378 2178 2465 S
680 2404 1401 2501 DIsAVOWSGAYETY
815 2522 1298 2605 By PIERRE LOVING
779 2579 1407 2660 BRIEF letter from Arthur
684 2601 1408 2717 —1 Schnitzler, who appeared in ihe
690 2697 1416 2768 news columns recently as a tragie
684 2759 1402 2825 figure bowed over the deathbed of
682 2810 1410 2886 a beloved child, served to recall to
688 2865 1406 2924 me the tender relation between
687 2919 1413 2973 daughter and father which I had
691 2956 1402 3012 witnessed in the dramatist’s home
693 3002 1401 3065 several years ago, although my
689 3051 1411 3114 friend’s communication touched on
680 3102 1405 3151 ancther, a less personal matter. As
678 3141 1401 3207 I glanced at the words I conjured
689 3189 1413 3249 up the (for me) memorable visit to
679 3233 1404 3294 his home on Sterwartestrasse in the
688 3283 1415 3333 fashionable new cottage section of
693 3309 1410 3387 Vienna, and the admonition, kindlz
686 3369 1403 3427 and sage, and afterward long pon¬
678 3415 1316 3467 dered, which he then gave me.
2302 3399 2474 3484 Eelc
714 3459 1394 3518 I had invited the“finest portraitist
2328 3464 2530 3527 Gaud
1602 3453 1788 3557 42
680 3492 1403 3562 of the old Austrian regime,“ as Dr.
682 3540 1400 3601 Schnitzler has often been salled, to
671 3585 1387 3638 furnish an introduction to a charming.
686 3623 1403 3680 racy book of memoirs by Countess Her¬
1822 3604 2344 3683 Dr. Arthur Schnitzler
681 3669 1393 3721 mynia zur Mühlen, who is asort of run¬
682 3705 1390 3752 away princess, a niece of Archduke
1392 3716 2796 3768 writer for me: how, far back in the host and asked: Why is it, do yo##
683 3744 1386 3795 Ferdinand who was assassinated at
1400 3761 2793 3834 eightles and ninetles, he and the late think, that your books have not had ##
678 3789 1388 3853 Sarajevo. Countess zur Mühlen is al¬
1389 3802 2079 3857 Hugo von Hofmannsthal were closely
2097 3804 2537 3858 steady sale in America?“
682 3830 1376 3877 ways witty and engaging, acerb and
1393 3843 2096 3898 associated, Von Hofmannsthal writing
2125 3849 2783 3904 •I believe 1 am appreclated in Ameri¬
683 3864 1388 3923 tnoroughly objective in her revelations
1396 3887 2085 3939 exquisite Parnasslan poetry and
2103 3889 2785 3935 ca.“ he replied, "but so far I do no#
680 3911 1398 3977 of pre-war Austria and Russia, into
1396 3932 2082 3977 Schnitzler emerging as a realistic satir¬
2095 3928 2791 3984 think I have had a fair chance. But#
675 3957 1378 4003 which country she married; and a tonc
1401 3961 2085 4020 ist, witty and graceful, softening the
2100 3967 2799 4024 the situation Is about to change. The¬
678 3987 1387 4055 of indulgent irony permeates her casy
1386 4009 2078 4060 nataralist current which had reached
2091 4005 2797 4055 Amerlcan public is waking up to thes
683 4046 1927 4082 style. This being so, it was but natural Vienna via Berlin and Paris.
2082 4047 2791 4109 #value of a psychologieal method in thei
683 4069 1393 4135 to call on Arthur Schnitzler, also gen¬
1425 4088 2825 4138 *T owe my recognition.“ he sald. “totdellneation of character, Of course, 1###
682 4116 1366 4158 die and ironical and tout-a-laif Vien
3168 4060 3233 4136 a
