3484 4256
161 136 758 243 2. Guttings
904 139 1374 240 box 38/1
1964 403 2114 564 70
1654 524 1830 627 0
2468 693 2707 813 Le p
704 753 2460 851 AATURU SCTHHTELEN
2473 794 2693 873 Si conost
1443 827 1787 911 —
2453 861 2696 912 creto appr
2443 894 2690 940 dei ministr
766 898 2456 973 II nome di Arturo Schnitzler 6 racco-Isenza afferrarla mai, e anche nel mezzo
2460 927 2705 976 gegmanti el
718 970 1597 1016 mandato fra di noi quasi esclusivamente a
1597 958 2697 1017 dell’orgia sente levarglisi in petto alcun- Immi e Pa
2448 993 2676 1044 Inscrivere
718 1011 1589 1084 quel Girotondo che solo recentemente, do¬
1593 1015 2453 1069 che di triste che gli ricorda la fine non lon¬
2459 1017 2690 1072 miniti di c
2462 1062 2683 1107 istituzioni
718 1060 2451 1128 po che da molti e molti anni si rappresen-Itana. Di questo mondo donde fede dovere
2458 1079 2691 1143 di contribi
1599 1093 2446 1148 Javoro sono assenti, ove la tragedia si am¬
720 1093 1592 1159 ta su tutte le scene di Austria e di Ger¬
2463 1122 2704 1175 ed in part¬
1594 1142 2439 1208 manta di leggerezza, il pianto si nasconde
717 1135 1586 1194 mania, iu dato in Italia nel Teatro degli
2457 1161 2680 1203 10, previo
1600 1184 2443 1234 sotto il riso, di questi personaggi ricchi
719 1178 1589 1253 Indipendenti di Bragaglia a Roma. Ed 6
2463 1192 2696 1242 surato eull¬
2460 1228 2698 1275 alla data d
1595 1231 2454 1286 eleganti decadenti a precocemente maturi
712 1226 1584 1290 veraniente epera, benche gia antica, ancora
2452 1259 2683 1315 vizio, imm
1604 1275 2454 1335 eteneri e tristi n, che si creano passioni
706 1272 1590 1331 quanto mai rappresentativa edl esemplare
2453 1295 2679 1341 militare. I.
1593 1305 2450 1367 cui sono i primi a non credere, che sentono
705 1311 1580 1377 del mondo e dell’arte del raffinato scritto
2454 1327 2702 1384 sere prese)
2467 1360 2683 1410 dagli inser
1583 1364 2453 1419 st gran pietà di sc stessi, che giocano con
705 1366 1013 1431 re viennese.
2457 1391 2690 1441 ni da quel
1588 1399 2452 1460 Ja vita e con l’amore, Schnitzler é il poeta
739 1383 1592 1472 Sono dieci brevt uadri legati a catena
2451 1421 2689 1479 al 1.0 gen
1600 1450 2449 1512 squisito e misurato, riservato e accorato,
713 1445 1592 1504 e giranti a tondo su sé stessi, nel senso che
2456 1460 2697 1508 vo del cor
1598 1489 2453 1552 ironico e pietoso insieme, e la sua malinco¬
2453 1493 2682 1541 volta sola
705 1492 1589 1552 in ogni quadro compare un personaggio
2452 1521 2690 1580 ni di servis
1584 1524 2448 1590 mica musa ha la compostezza e la grazia
705 1532 1584 1612 del quadro antecedente, e l’ultimo quadro
2454 1561 2699 1609 dennità und
1599 1572 2444 1626 dell’Eros funebre in cui gli antichi raffi¬
710 1575 1586 1650 ci riconduce al primo, si che il circolo 6
2460 1600 2686 1648 Sati dal ser
1591 1625 2441 1687 guravano la morte: e di cattive cose gra¬
2463 1629 2682 1675 anni di se
703 1611 1584 1678 chinso e si puo ricomineiare da caf Su
2460 1654 2677 1721 raggimnto
1587 1671 2444 1729 ziosa formulazione v. E' un mondo senza
702 1659 1596 1737 strade deserte, in dimore private, in cabi¬
2454 1700 2687 1744 nità verrag
1590 1710 2445 1764 tragedia, ove la tragedia non esplode se
707 1702 1583 1792 nets partientzers, in alcove maritali, in
2454 1728 2680 1783 1 10 anni %
2461 1763 2682 1806 ceseino ditr
704 1757 2454 1813 stanze di albergo e di case equivoche, in inon quando vi faccia subitanea irruzione
2455 1790 2683 1851 interdizion
1599 1808 2442 1855 qualenno ehe viene dul mondo ove fede e
702 1792 1589 1866 tutti e dieci i quadri é sempre la stessa
2452 1836 2673 1879 ziamento
708 1841 1577 1904 scens che ci si presenta: l’uomo circuisce
1586 1837 2445 1904 dovere e lavoro, amore e onore, sono real¬
2454 1856 2685 1911 ga il diris
702 1883 1574 1952 la donna, la insidia, la prende dopo pin o
1583 1885 2444 1962 ta grandi e austere, cose che si pigliamo
2449 1893 2675 1947 pensiolte 1
2445 1930 2692 1979 (lei 40 ams
1587 1934 2079 1994 terribilmente sul serio.
709 1936 1587 1985 meno lunga, piu o meno sincera resistenza,
2455 1956 2701 2019 inabilità os
1621 1952 2444 2043 A questo sio mondo, che esclude da 8o
702 1975 1595 2041 la wesiede, c finalmente se ne allontana,
2450 2004 2674 2043 ett e gli
706 2022 1584 2090 colmo T'animo di disgusto di noia di delu¬
1584 2020 2448 2083 ogni laboricso intreccio di eventi, ogni
2453 2028 2664 2079 dispensati
2456 2040 2687 2113 servizio uts
699 2059 1586 2119 sione di gelo. La donna del marciapiede
1583 2056 2449 2120 Ccomplessa logica di casi, ove d un senso 6
2478 2096 2692 2144 La pensi
700 2104 1584 2155 seduce il soldato, il soldato prende la ca¬
1575 2103 2449 2163 Trovato sol da colui che lo cerca s, Schnitz¬
2455 2133 2677 2177 rare la me
1585 2151 2449 2204 ler ha dato espressione per via di brevi
711 2147 1586 2218 meriera, questa si fa violentare dal pa¬
2459 2164 2680 2209 di e di ass
2449 2191 2687 2251 sere inferi
1586 2187 2447 2254 racconti, piccoli romanzi o lunghe novelle,
701 2190 1578 2268 droneino, i' padreneino fa la conquista di
2460 2231 2689 2281 abbiano ris
708 2233 1578 2294 una signora maritata, la signora ritorna
1589 2235 2441 2290 e di atti unici, talvolta aggruppati a for¬
2454 2267 2687 2308 anni di ser
716 2270 1595 2340 —ur i marite, iI ma¬
1589 2285 2443 2338 mware dei cieli Lazione si frammenta in
2451 2297 2658 2342 emnte1
708 2330 1577 2380 rito la tradisce con una giovane signerina,
1593 2326 2436 2376 episodi, II dialogo diventa dialettica spiri¬
2450 2325 2673 2375 pensione
2457 2361 2680 2422 üguale al
706 2372 1577 2419 la signorina se la fa con un pocta dramma¬
1585 2368 2445 2423 tosa e malinconica che avvoige i personag¬
2444 2397 2685 2444 assegni av
1589 2409 2439 2479 gi in un uniferme velo di nebbia e di tri¬
702 2407 1578 2480 tco, 1I poeta con m'atirice, l’attrice con
2441 2429 2680 2486 manenten
1581 2450 1740 2517 stezza.
699 2448 1588 2507 un ußßciale, T’ufliciale con una ctera, quel¬
2477 2463 2670 2515 Ha paris
2449 2490 2651 2542 del macel
690 2487 1591 2564 la del primo quadro; il circclo & chiuso, e
1612 2475 2445 2563 Con gli anni, il mondo dello Schnitzler
2454 2525 2646 2576 insegnag
701 2548 1582 2605 pud confinuare a girare indefinitamente
1579 2544 2443 2604 non e eostanzialmente mutato: tutto al
2439 2567 2617 2618 stato
697 2588 1027 2653 81 80 stess0.
1575 2575 2442 2649 piü il suo orizzonte si e slargato, la coscien¬
2448 2599 2618 2654 pe dal
1582 2632 2449 2687 za della relatività universale gli si e fatta
735 2612 1580 2688 La sitnaziene in tutti e dieci i quadri
1585 2671 2456 2729 pin acnta, al tono dilettantesco delle
706 2676 1582 2743 e sempre monotonämente la medesima.
1593 2718 2453 2778 prime opere 6 succeduta maggiore penso¬
692 2718 1587 2780 Pur con la varietà dovuta alle condizioni
1591 2763 2443 2812 sità e austerità. In pari tempo, Ja sua ar¬
705 2769 1569 2825 diverse e alla diversa situazione, il soldato
1582 2807 2451 2870 te e nel pieno possesso di tutti i suoi mez¬
694 2817 1577 2870 e l’ufficiale, la signora e la cortigiana, la
2477 2822 2624 2912 Imp
1581 2845 2450 2907 zi, esenza nulla perdere in finczza e squi¬
688 2862 1571 2918 cameriera e l’attrice fanno gli stessi gesti,
1575 2881 2446 2951 sitezza ha gundagnato in forza e vigore.
689 2908 1569 2961 dicono le stesse parole, si comportano nel¬
1577 2939 2455 2998 Uno dei piü belli esempi ne 6 una delle
698 2941 1567 2988 la stessa maniera. II fatto che in ogni qua¬
1578 2962 2456 3040 sue ultime novelle, Za Signorina Eisa, di
694 2987 1570 3038 sdro uno dei personaggi del quadro prece¬
689 3017 2458 3098 dente ritorna à compiere con un altro fcui & or ora uscita la traduzione francese,
2467 3012 2614 3094 Una
1578 3072 2617 3136 e che a me sembra uno dei capolavori del-solo ors
696 3069 1569 3135 can un'altra gli stessi gesti che ha compiu¬
1581 3111 2445 3164 la letteratura narrativa contemporanea.
2449 3115 2616 3172 siccio C
685 3114 1569 3181 to#nel quadro antecedente rende ancor piü
2451 3161 2637 3217 alpinist
1586 3155 2439 3213 Senza sforzo, troviamo in La Signorina
688 3161 1576 3226 vivn l’impressione di desolazione infinita,
1572 3199 2631 3272 Aésa applicati i nuovi procedimenti tecni-alla par¬
695 3207 1578 3260 di nalinconia sottile e profonda che si spri¬
689 3240 2633 3305 giona da quei dieci quadri, in eui la ear-jei del romanzo francese e inglese, soprat,  noto co.
2437 3281 2613 3335 duto la
686 3309 2435 3353 ne ci à rappresentata nel delirio e nel fu-tutto quel monclogo interiore che, creato,
2434 3321 2619 3384 masto f.
684 3342 2427 3395 rore del sesso. Semnbra davvero di veder gi-päre, da Dujardin un quarant’anni fa, 6
2433 3363 2628 3430 zioni ce
686 3375 2431 3438 rare un carosello di morti, dannati in eter-]ora venuto in gran voga dopo le esperien¬
2439 3406 2603 3454 gura.
1575 3418 2439 3473 ze di Joyce e di Valéry Larbaud, II mo¬
691 3426 1577 3492 no a ripétere indefinitamente gli stessi ge¬
2468 3432 2642 3495 Una C.
1579 3465 2431 3529 nologo interiore & il tentativo di rendere
694 3471 1565 3527 sti, a ridire le stesse parole, travolti in
2432 3473 2632 3538 resident
1579 3509 2431 3560 Jla vita interiore in tutta la sua immedia¬
683 3508 1569 3572 un fatale movimento circolare che non
2435 3515 2637 3573 de Glu
1576 3557 2440 3614 tezza, cogliendola neil’atto stesso del suo
2436 3556 2621 3616 Miluno
680 3566 1566 3628 conclude miila. La vita appare qui un
1574 3594 2443 3661 primo zampillare e pullulare, prima che
687 3604 1580 3664 giuoco, che non conclude e non pud con¬
1577 3649 2441 3699 schefmi eriflessione e analisi vengano a
2430 3641 2621 3706 din Glac
689 3659 1575 3708 cludere, che non mena a nulia e sa di non
2435 3687 2631 3739 Je giust
1573 3684 2445 3737 congelarne # alterarne il geso. Uno serit¬
690 3689 1571 3754 menare a nulla, dove niente consiste, ma
2435 3725 2624 3782 3834 me
1570 3735 2441 3790 tore partito dall'impressionismo e dalla rea¬
679 3738 1563 3794 tutto gira in vortice, eternamente fluido
2442 3765 2624 3830 di mare
1570 3778 2427 3833 zione al naturalismo e rimasto in fondo
684 3790 1566 3848 ed eternamente uguale a se stesso: un
2441 3809 2639 3865 del mas
1572 3819 2425 3870 sempre impressionista come Schnitzler do¬
685 3822 1571 3890 eterno permanere che simula l'aspetto di
2438 3852 2630 3914 ramide
1573 3865 2433 3915 veva sentirsi attratto dalla forma del mo¬
683 3886 1571 3939 un eterno divenire, un fluttuare di appa¬
2463 3889 2618 3943 Essi 1
1567 3904 2433 3956 nologo interiore, che corrisponde cosi be¬
677 3914 1565 3986 renze, un danzare di marionette, un gioco
2424 3924 2631 3993 I·Alée I
1568 3952 2425 4010 ne alle esigenze del suo mondo spirituale,
677 3963 1319 4028 di ombre fugaci el effimere.
2437 3975 2643 4023 vettero
1573 3997 2430 4054 ove i personaggi non comunicano mai ve¬
718 3981 1565 4065 La siessa concczione dell amore nel bel¬
2423 4010 2629 4070 ghiaccia
1577 4042 2424 4089 ramente gli uni con gli altri, ne esiste un
672 4055 1563 4104 Lissirno Auntoco: un virare in tondo, un
2428 4059 2594 4106 tina il
3165 4037 3245 4106 40
