3392 4384
916 313 1375 414 box 38/1
167 323 788 425 2. Cuttings
1855 1345 2305 1446 DER BAZAR
2618 1457 3363 1533 den reinen Dichtungen. Es wird schwer sein
1557 1459 2599 1544 zu lassen, daß ich naturgeheime Zusammenhänge erkenntnisgemäß
490 1474 1536 1559 seiner Patienten machte. Der Grundzug seines Wesens bleibt
2614 1521 3352 1578 tungen etwas von Anatomie, Physiologie,
1571 1517 2583 1597 weiß. Ich stellte mich als Dichter absichtlich intuitiv, nie lehr¬
484 1541 1554 1598 aber nicht die Erforschung des Einzelmenschen, sondern die Ent¬
2620 1562 3361 1622 decken, und doch werden meine Poesien un
489 1583 1549 1642 schleierung der Weltzusammenhänge, ein Beginnen, das ihn
2623 1611 3358 1661 schauung und mein Weltwissen im Kern en
487 1611 1537 1680 schließlich zu dem schwermütigen Geständnis treibt: „Wie kann
2615 1656 3336 1713 bildet zu fliehenden Wolken, zum fließenden
492 1678 1538 1730 ich in einer solchen durcheinanderstürzenden Welt gehen, vor¬
2697 1692 3348 1743 Hans Much, der Leiter des Hamburger
486 1714 1536 1769 schreiten? Sie erdrückt mich, ich bin unendlich klein neben
2616 1739 3358 1798 für Tuberkulose und Direktor des Eppendor
492 1759 1528 1820 ihr, ganz nichtig. Ist ein Ich überhaupt? Was bleibt mir
3234 1784 3352 1837 als Ph
2616 1785 2970 1845 ist als Novellist und ?
2972 1783 3155 1842 tyriker, aber
483 1797 1554 1850 übrig, als mich ganz zu unterwersen? In dieser Allnatur kann
2631 1835 3002 1890 kenner erfolgreich hert
492 1846 1552 1907 ich nicht einmal stehen. Aber ich könnte — in ihr schwimmen.
2630 1878 2819 1934 ebenso den
496 1893 1553 1950 Unendlich demütig, leise mich hingebend, mich ihr anschmiegen.
504 1938 1557 2001 Nur nichts mehr tun! Es wäre vergebens. Ich wehre mich
492 1983 1252 2059 nicht, ich gehorche, lasse mich überwältigen!“
588 2009 1543 2082 Schöpferisch als Arzt und Dichter war der leider allzufrüh
501 2059 1558 2123 verstorbene Carl Ludwig Schleich, der Freund und Vertraute
498 2106 1555 2170 Strindbergs. Nach seinem eigenen Geständnis in seinen Jugend¬
494 2145 1555 2217 erinnerungen schwankte er lange zwischen wissenschaftlicher
501 2194 1548 2270 und künstlerischer Berufsneigung, bis er sich schließlich auf Ver¬
489 2229 1556 2303 anlassung seines Vaters, der selbst Arzt war, dem ärztlichen
493 2269 1560 2331 Wirkungskreis zuwandte. Nur ein Dichter und Arzt konnte die
505 2305 1568 2394 Widmungsverse schreiben, die er seinen Betrachtungen „Vom
497 2378 1179 2442 Schaltwerk der Gedanken“ voranstellt:
736 2435 1268 2494 Auf den feinsten Nervensaiten
735 2470 1350 2544 Spielt ein Spielmann sein Gedicht.
732 2525 1337 2590 Wohl fühlst du die Finger gleiten,
733 2561 1408 2645 Doch den Spielmann siehst du nicht ...
588 2628 1560 2699 In seinen Lebenserinnerungen „Besonnte Vergangenheit“.
2803 2566 2906 2734 150
501 2670 1568 2751 sagt Schleich von seiner dichterischen Sendung: „Ich habe
2805 2719 2949 2778 Doch u
509 2725 1556 2787 eigentlich in keiner Periode meines Lebens der Feder Ruhe ge¬
3232 2758 3362 2813 nschreit
2805 2759 3061 2819 Ich muß dir d
506 2757 1566 2841 lassen. Das ganze Leben hindurch, von Kindheit an, rannen
3214 2799 3364 2876 Du bist
2806 2809 3156 2879 Denn Ich bin Du un
501 2819 1565 2868 mir die Ereignisse zu poetischen Bildern zusammen. Im Spiel
511 2856 1561 2919 der Wolken formten sich namentlich in meiner Jugend mir Bal¬
2709 2857 3363 2934 Was den Arzt zur dichterischen Gestalt
509 2901 1555 2957 laden, im Rauschen der Wellen und Wälder klangen Begebnisse,
1879 2906 2309 2976 Troleser Der ans Much
2628 2905 3356 2983 in den meisten Fällen das Wissen um M
506 2953 1569 3007 und alle meine wissenschaftlichen Erkenntnisse setzten sich zu ge¬
2633 2963 3361 3022 schöpferisch veranlagten Naturen den Rahn
1567 2952 2632 3040 haft ein. Was Strindberg mir einmal sagte: „Ein Dichter muß
509 2984 1569 3050 formten Gedankenkristallen in dem Grund der Seele ab oder
2635 3007 3360 3075 sprengt, um auf dem freieren Gebiete der
1573 3015 2626 3081 vieles, vielleicht alles wissen. Wehe, wenn man merkt, was alles
511 3032 1568 3090 bildeten sich um zu Ereignissen mit einem Kerngehalt von neuem
2631 3030 3367 3124 schautes mit äußerlich Erlebtem zu einer Ein
1574 3056 2635 3139 er weiß!“ danach habe auch ich stets poetisch gearbeitet bei
519 3082 1565 3152 Schauen. Immer vermied ich, in meinen Versen durchschauen
534 3196 3369 3450 Oie sugendliebe gresser ILänner vonen enn
2634 3450 3373 3524 außer zu der jungen Ricke Holst=Tressell ins
1579 3471 2635 3536 ter eines Londoner Bankiers, die, als die beiden einander kennen¬
592 3473 1557 3547 Nirgends findet man Freude und Schmerz so nahe beieinan¬
2651 3501 3369 3567 ginzes, von literarischen Sorgen wildbeweg
1577 3530 2641 3571 lernten, 19 Jahre zählte. Vier Jahre dauerten die Beziehungen.
502 3525 1573 3587 der, als wenn man der ersten Liebe großer Männer nachspürt
2649 3533 3373 3601 Aue seine Gedanken und Pläne teilte er sein
1574 3552 2638 3625 Im Mai 1833, gerade, als Dickens Name in der Offentlichkeit
514 3571 1571 3633 und feststellen muß, daß eigentlich selten ein Mädchen an das
2648 3587 3366 3649 Jeder Tag brachte Ricke lange poetische G
1580 3598 2640 3658 bekannt zu werden begann, sagte sich Maria, die ja ein wenig
510 3613 1570 3684 junge Genie so fest glaubt, um sich ihm für Lebenszeit zu ver¬
2652 3639 3363 3696 von einem Blumenstrauß begleitet. Oft
1591 3643 2644 3707 älter war und den poesievollen Jüngling stets von oben herab
512 3671 698 3736 binden.
2652 3679 3373 3744 hungern und auf sein Essen verzichten, un
1587 3688 2644 3754 behandeln zu müssen glaubte, von Dickens los und vermählte
596 3696 1569 3771 Wagner verliebte sich als junger Mensch in ein Mädchen,
2636 3718 3361 3783 zu können. Ibsens Briefe an Ricke ende
1580 3739 2630 3815 sich mit einem Mister Winter. Dickens aber, der in seinem Ro¬
504 3750 1574 3815 das er vergebens von seiner Größe zu überzeugen suchte. Als
2653 3766 3363 3824 Worten: „Meine einzige Ricke! Ich glau
1587 3779 2644 3842 man „David Copperfield“ in der Gestalt der Dora Spenlow und
506 3792 1577 3857 er einmal wieder eine Rede mit einer Verdonnerung aller bis¬
2644 3797 3361 3877 glaube an das Weib!“ — Unter Rickes Ein
1586 3822 2642 3884 in „Klein Dorrit“ in der Figur der Flora Fincking ein Idealbild
512 3837 1575 3901 herigen Musik und Opernkomponisten begann, aber nicht mit
2651 3844 3365 3917 erstes größeres Drama „Die Herrin von
1597 3864 2639 3933 seiner geliebten Maria entwarf, konnte jene erste Liebe niemals
515 3883 1575 3949 einem Hinweis auf das in ihm ruhende Talent schloß, sondern
2655 3898 3362 3961 wandte sich Ibsen von seiner Jugendliebeg
1586 3917 2643 3973 vergessen. Einmal schrieb er der Angebeteten: „Was auch an
518 3925 1585 3983 mit der Frage: „Wollen Sie meine Frau werden?“ antwortete
2739 3944 3365 3998 Tragisch, wie sein ganzes Leben, wa
1590 3955 2643 4011 Phantasie, Romantik, Willenskraft, Leidenschaft und Ehrfurcht
507 3963 1588 4019 das junge Mädchen kurz und verächtlich: „Nein!“ Wagner, erst
2644 3983 3362 4053 Kleists Jugendliebe. Wilhelmine von Zeng
1594 3998 2640 4062 in mir sein mag, ich bin nie von Dir getrennt und werde mich auch
519 3998 1579 4072 verdutzt, faßte sich bald wieder und rief: „Einst wird der Tag
2654 4014 3365 4092 dem der preußische Dichter seine frühesten 3
1594 4045 2634 4107 nie von Dir trennen“. Mißverständnisse führten zur Trennung.
513 4064 1584 4110 kommen, an dem Sie Ihre Antwort bereuen werden“, und ver¬
2649 4072 3363 4128 das er in langen Vorträgen zu sich heran
1591 4085 2640 4144 In seinem Abschiedsbriefe gestand Dickens freimütig: „Ich habe
520 4099 1580 4162 ließ das Zimmer. Ein paar Tage später sandte er an die Ge¬
2651 4117 3369 4179 das er zu seinem idealen Publikum zu erz
1587 4134 2644 4192 keine Hoffnung zu äußern, ich bin so lange gewöhnt. Jammer
518 4135 1582 4198 liebte einen langen Brief, in dem er seine künstlerischen Pläne
2655 4157 3373 4215 schüchterner und doch empfindlich selbstben
1596 4170 2642 4242 und Elend in mir zu verarbeiten, daß es nicht darauf ankommt,
526 4185 1586 4248 ausführlich darlegte und nochmals um Gegenliebe bat. Allein
2664 4208 3378 4256 trat Kleist auf, völlige Hingabe an seine mit
881 4232 1388 4292 e Se Wenen sehOte
