3344 4320
165 252 465 359 16. Tr
328 1121 381 1206 2
1519 256 2012 362 box 35/11
467 256 1385 364 äum und Schicksal
584 694 798 789 GR
478 760 1312 901 „OBSERVER
567 886 1273 950 I. österr. behördl. konzessioniertes
531 926 1302 1010 Unternehmen für Zeitungs-Ausschnitte
612 978 1237 1063 WIEN, I., WOLLZELLE 11
687 1046 1156 1103 TErEPHON R-23-0-43
1441 1071 1856 1141 Das Kleine Blatt
369 1071 496 1149 12
657 1090 1056 1147 Wien, Mittwoch
2167 1078 2656 1154 30. November 1932
2690 1080 2948 1159 Nr. 331
2107 1200 2993 1273 im Wappen“. Die Bändchen dieser kleinen
2099 1244 2986 1316 Bücherei sind sehr hübsch gebunden und
484 1188 2086 1359 in alten und neuten Bächern.
2100 1286 2980 1352 kosten nur 80 Pfennig (1°44 Schilling).
2112 1335 2999 1393 Vom indischen Dichter Rabindranath
2106 1378 2987 1439 Tagore ist in einer Volksausgabe des
342 1379 2095 1464 Bücher, die man zu Weihnachten kaufen könnte.
2115 1417 2993 1483 Verlages Kurt Wolff in Berlin der Roman
2106 1468 2993 1523 „Das Heim und die Welt“ zum Preise von
399 1459 2097 1529 Ja, könnte... Wenn man die Mittel dazuffel der Roman des Opernkomponisten
2104 1508 2993 1558 5°13 Schilling erschienen. Ebensoviel kosten
1239 1511 2098 1577 „Verdi“ Meisternovellen Galswor¬
335 1517 1224 1580 hat. Aber noch immer besteht die Hoffnung,
2107 1547 2996 1608 die Standard=Bände des Verlages Knaur,
1239 1564 2096 1620 thys, der in diesem Jahre den Nobelpreis
334 1566 1227 1617 daß die Schenkfreudigkeit zu Weihnachten,
2111 1597 2998 1651 unter denen wir finden: Knut Hamsuns
1230 1607 2093 1659 erhalten hat, und der wunderbare, viel zu
342 1606 1222 1654 wie sie auch durch alle Erscheinungen der
2109 1638 3002 1690 „Das letzte Kapitel“, das populärste Werk
1239 1647 2091 1703 wenig gewürdigte Roman von Max Brod,
337 1647 1228 1695 wirtschaftlichen Krise eingeschränkt sein mag,
2102 1675 3002 1740 Wilhelm Raabes, dessen 100. Geburtstag
1228 1692 2099 1746 der zur Zeit des Kaisers Rudolf II. in Prag
328 1683 1230 1747 doch den Ankauf von Büchern möglich machen
2109 1718 2987 1774 in ganz Deutschland kürzlich gefeiert wurde,
1239 1734 2090 1784 und in der Welt der Astronomen und
343 1728 1234 1793 wird. Die immer stärkere Benützung aller
2106 1769 2991 1821 „Der Hungerpastor“. Beim Malik=Verlag,
1226 1775 2102 1834 Astrologen spielt, „Tycho Brahes Weg
339 1764 1230 1826 Arten von Volksbibliotheken zeigt ja er¬
2111 1787 2986 1854 immer zu diesem Normalpreis 2°85 Mark,
1231 1815 2094 1871 zu Gott“. Der Schillerroman von
335 1813 1218 1867 freulicherweise, daß die Liebe zu den Büchern
2102 1844 2984 1893 der neueste Roman von Upton Sinclair
1229 1840 2096 1918 Walter v. Molo, vom Amerikaner Theodore
333 1857 1224 1901 durch keine Not und Tagessorge unterdrückt
2102 1878 2995 1939 „Alkohol“, ein amerikanischer Prohibitions¬
1227 1897 2092 1962 Dreiser der Roman, der ihn in Europa
330 1901 1227 1954 wird. Und sobald man schenken kann, sind
2106 1937 2988 1990 roman, und von Sergej Tretjakow
331 1934 1229 1995 Bücher als Geschenke noch immer das Wert¬
1233 1947 2098 2012 berühmt gemacht hat, „Eine amerika¬
2100 1974 3002 2031 „Den Schi=Chua, ein junger Chinese erzählt
1238 1981 1703 2053 nische Tragödie“.
332 1981 1219 2041 vollste, Bleibendste, in gewissem Maß auch
2109 2009 2354 2073 sein Leben.
331 2026 1233 2092 Billigste, was es gibt. Die nachstehenden Hin¬
1278 2038 2095 2108 Der Verlag Albert Langen, München,
2154 2032 2990 2111 Dies nur eine kurze Auslese aus den
330 2076 1225 2137 weise auf Bücher, die wert sind, geschenkt zu
1232 2084 2099 2155 gibt eine Sammlung „Die kleine Bücherei“
2102 2105 2991 2161 Sonderausgaben, die heute in Anbetracht
342 2110 1219 2167 werden, berücksichtigen neben dem selbst¬
1231 2134 2099 2191 heraus, in der sehr vornehme Autoren ver¬
2105 2141 2996 2210 der Wirtschaftskrise von den meisten Ver¬
1109 2157 1221 2209 die
329 2158 1118 2206 verständlichen Wert insbesondere
1228 2182 2087 2239 zeichnet sind. So: eine Anzahl von Natur¬
2103 2184 2990 2249 lagen ausgegeben werden. Es sind dies
334 2201 1214 2267 Preise. Es soll eben bewiesen werden, daß
1233 2217 2100 2265 und Landschaftsbildern von Knut Ham¬
2102 2228 2993 2294 schone Bücher und die Preise sind sicherlich
333 2243 1222 2297 Bücher noch immer und sogar mehr als
1233 2264 2991 2310 sun unter dem Titel „Gottes Erde“. Von nicht höher als die vieler anderer Ge¬
343 2293 1215 2361 früher, die billigsten Geschenke sein können.
1224 2307 2982 2377 Selma Lagerlöf ein Bändchen „Der brauchsartikel, die man schenkt, wobei nur
1226 2351 2100 2407 verzauberte Hof und andere Erzählungen“
2094 2356 2985 2409 noch zu bemerken ist, daß diese Geschenke
387 2341 1199 2435 Billige ungekürzte Sonderausgaben.
1226 2382 2997 2441 Vom Wiener Richard Billinger, dessen nicht unmodern werden, den Schenker nicht
393 2423 1225 2474 Mehrere große Verlagsanstalten fahren
1232 2433 2997 2488 Bauerndrama „Rauhnacht“ im Burg= blamieren und gerade in den Stunden der
335 2468 1218 2518 fort, ihre erfolgreichsten Bücher nunmehr in
1225 2485 2994 2561 theater mit großem Erfolg aufgeführt Sorgen und des Argers die beste Medizin
339 2515 1214 2566 wohlfeilen Sonderausgaben, die zwischen
1237 2521 2975 2588 wurde, eine Gedichtsammlung „Der Pfeil sind. Wenn man sie nur schenken kann ...
336 2547 1227 2612 2•85 Mark und 3°75 Mark kosten, (also
335 2592 1229 2653 zwischen 5°•30 Schilling und 6·75 Schilling),
337 2651 1226 2699 den Massen darzubieten. So sind bei . Fi¬
339 2666 1232 2738 scher, Berlin, zu dem erstgenannten Preis
338 2715 1233 2776 erschienen: der Roman von Thomas Mann,
338 2754 1236 2827 der ihn berühmt gemacht hat, „Budden¬
329 2795 1233 2867 broocks“ feiner vom selben Autor
336 2837 1242 2904 „Königliche Hoheit“ ein Roman, der
337 2875 1233 2955 die Inhaltslosigkeit des Lebens eines kleinen
337 2938 1241 2990 deutschen Fürstenhofes in der Vorkriegszeit
337 2980 1234 3035 schildert. Vom dönischen Dichter Johannes
338 3028 1236 3077 V. Jensen figuriert in dieser Sammlung
324 3070 1239 3120 der Roman „Der Gletscher", von
331 3105 1231 3163 Jakob Wassermann „Das Gänse¬
331 3139 1235 3207 männchen“ vom vielgefeierten Gerhart
333 3193 1241 3236 Hauptmann eines seiner letzten Werke,
324 3240 1230 3286 der phantastische Roman „Die Insel der
320 3280 1236 3337 großen Mutter" Bernhard Keller¬
326 3305 1234 3367 manns technischer Roman „Der Tun¬
322 3359 1226 3422 nel“ vor Jahren ein ungeheurer Erfolg,
331 3403 1233 3469 später verfilmt, eines der ersten Exemplare
330 3455 1226 3500 eines technischen Reportageromanes, die Ge¬
329 3492 1227 3549 schichte eines Tunnels zwischen Amerika und
334 3537 1231 3582 Europa, ist auch um diesen Preis zu haben.
328 3579 1223 3628 Und von Artur Schnitzler eine Samm¬
325 3628 1229 3672 lung von sieben Novellen aus seiner letzten
318 3664 1224 3728 Schaffensperiode „Traum und Schick¬
317 3712 1232 3767 sal“. In der zweiten Abteilung sind ein
317 3739 1236 3811 Frühwerk des Autors von „Berlin=Alexan¬
312 3796 1222 3857 derplatz", Alfred Döblin „Giganten“,
325 3841 1218 3891 und ein zweiter vielgelesener Roman von
319 3874 1225 3952 Jakob Wassermann „Christian
314 3917 677 3979 Wahnschaffe“
404 3958 577 4013 Ebenso
668 3939 1227 4021 der Wiener Verlag Paul!
323 3992 1218 4056 Zsolnay eine Anzahl von Büchern in un¬
323 4047 1229 4087 gekürzten Sonderausgaben zu denselben
326 4086 1224 4137 Preisen (zwischen 5°30 Schilling und
345 4130 1225 4190 6°85 Schilling) herausgegeben. Da sind er¬
