3392 4352
2151 84 2750 174 ob Berere
2054 148 2893 230 Bureau für Zeitungeaueschnitte. *
2003 221 2892 301 Berlin NO. 43, Georgenkirchplatz 21!
1281 236 1790 336 box 35/8
138 245 1180 354 5. Masken und Nunder
2071 327 2849 390 (Liest die meisten Zeitungen und ist dan
2065 382 2846 445 bestorganisierteste Bureau Dautschlands.)
2398 459 2806 562 Bohemia
1827 521 2206 619 Zeitung
2670 534 2949 609 ———
2433 593 2711 681 Prag
1833 620 2126 725 Or: —
2387 656 2463 720 —
2568 635 2811 722 —
1842 728 2122 832 Datum: —
1967 1078 2932 1170 Kanft, Wissenschaft und Literatat.
2102 1140 2801 1261 Neue Novellen Schnitzlers.
2022 1219 2943 1320 Unmittelbar vor der heutigen Feier von Arthur
1950 1256 2939 1355 Schnitzlers fünfzigstem Geburtstag hat der Verlag
1949 1304 3016 1422 S. Fischer, Berlin, der zugleich drei Bände gesam¬
1931 1333 2938 1457 melter Erzählungen des Dichters ankündigt, einen
1942 1396 2936 1493 neuen Novellenband mit dem Schaffen der Jahre seit
1940 1438 2957 1525 den „Dämmexseelen“ erscheinen lassen. Der Titel?
1931 1485 2946 1598 ist „Masken und Wunder“ Abermals
1932 1533 2924 1628 sind es ellgsche Meisterwerke, von klarer, in sich voll¬
1929 1584 2924 1671 endeter Sprachkunst und mit der zwischen Leben und
1915 1618 2920 1710 Tod versonnen dahinwandelnden Philosophie ihres
1924 1663 2921 1748 Antors. Den Kranz wird man diesmal der Novelle
1921 1711 2925 1803 „Der Mörder“ zuerkennen, die ein tiefes Problem,
679 1724 1299 1814 Klose & Seidel
1909 1750 2925 1844 das Verbrechen eines harten Ehrgeizigen an seiner
1909 1789 2914 1891 Geliebten und die Schicksalsfühne, mit grausamer
471 1806 1448 1878 Bureau für Zeitungeausechnitte.
1913 1844 2916 1910 Eindringlichkeit behandelt. Dann der „Tote Ga¬
533 1846 1428 1943 Berlin NO. 43, Georgenkirchplatz 211
1905 1878 2913 1978 briel“ eine Geschichte von tragischem Sterben, Liebe
1903 1906 2924 2015 über den Tod hinaus und auf den Feind des Ge¬
598 1965 1371 2038 (Liest die meisten Zeitungen und ist das
1908 1959 2908 2062 liebten abgelenkien Gluten des Hasses. An dritter
605 2025 1376 2106 bestorganisierteste Bareau Deutschlands.)
1894 2015 2905 2103 Stelle die „Redegonda“ die mit verdoppelter und
1894 2048 2905 2139 dreifacher Ironie das Gespenstische auflösende Trau¬
1894 2095 2920 2198 mesvision, vie man in Prag von Schnitzler selbst
1891 2144 2900 2234 vorlesen gehört hat. In goethisch zeitloser Prosa ist
370 2141 1461 2244 teg
1889 2180 2914 2277 die „Hirtenflöte“ geschrieben, die der Uebergang zum
1897 2232 2893 2321 Symbol ist, das Drama eines durch alle Abenteuer,
1892 2280 2894 2365 alle Schuld und alle Aengste hindurchgejagten, von
375 2239 1293 2365 G
1885 2307 2902 2410 verzeihender Liebe erlösten Frauendaseins. Der###
1898 2377 2898 2453 „Tod des Junggesellen“ klingt an das einaktige
382 2382 729 2476 Datum: —
819 2380 1413 2482 L
1895 2408 2902 2497 Drama „Die letzten Masken“ an. Ein Buch der häth¬
1890 2450 2902 2556 sten Reife und ein Versprechen kommender Erye¬
1887 2489 2033 2546 jahre.
1640 2563 2634 2645 gellendes Gelächter über den unsinteber-elord¬
952 2574 1406 2682 Feuilleton.
1643 2630 2628 2693 nung, die das Einzelwesen in die Maschen ihres
1657 2662 2627 2731 Determinismus zappeln und leiden läßt. In der
801 2660 1561 2752 Literatur, Künst und Wissenschaft.
1659 2709 2632 2774 präzisen Darstellung der Handlung und der Szenen
734 2727 1649 2801 F. M. Genau auf den fünfzigsten Geburtstag
1668 2758 2630 2822 zeigt sich der routinierte Dramatiker und scharfe.
670 2759 1661 2844 Arthur Schu#tiars ist von ihm in S. Fischers
1659 2796 2634 2865 Psychologe, im sachlich kühlen, mehr geistreichen als
678 2818 1660 2888 Verlag in Berlin ein neuer Novellenband erschienen,
1661 2837 2341 2914 sinnlichen Stil der feine Dialektiker.
673 2845 1653 2943 betitelt „Masken,und Wunder“. Der Dichter
669 2899 1651 2978 der „Liebelei“=bewegt sich diesmal nicht auf realisti¬
1667 2908 2628 3009 W. Mackenzie: Alle Fonti della Vita.
665 2950 1662 3012 schem Boden, sondert opfert zur Abwechslung dem
1747 2981 2539 3043 A. F. Formiggini. Editore Genova. 1912.
671 2996 1657 3074 Symbolismus. Alle sechs Stücke sind mehr oder
1701 3005 2637 3089 Kürzlich ist in Genua in italienischer Sprache
663 3034 1638 3106 weniger phantastisch=symbolischen Charakters, das
1650 3071 2630 3132 ein Buch erschienen, das weitere Verbreitung ver¬
673 3071 1648 3151 letzte ist sogar eine eigentliche Parabel. Wenn aber
1646 3108 2625 3158 dient und auf das hier auch deshalb hingewiesen!
666 3134 1646 3195 auch in allen Erzählungen die Handlung phantastisch
1654 3153 2626 3219 werden soll. „An den Quellen des Lebens“
669 3164 1644 3242 ist, so ist es doch der psychologische Kern nicht. Dieser
1653 3197 2648 3282 betiteit der Verfasser sein Werk, das mit großer ###
665 3206 1649 3280 ist vielmehr sehr realistischer Natur, beinahe wie in
1650 3237 2639 3317 Liebe und Sachkenntnis geschrieben und von dem ##
669 3257 1637 3320 dem sehr pikanten, beinahe berüchtigten Bande
1639 3281 2636 3346 Verleger außerordentlich schön ausgestattet worden:
675 3301 1632 3364 „Reigen". Der Dichter hat diese poetische Form ge¬
1645 3322 2627 3402 ist. Der Verfasser hat zusammen mit verschiedenen;
663 3346 1630 3407 wählt, um das psychologische Problem um so reiner
1651 3370 2637 3436 italienischen Fachgelehrten von Genua (Prof. Artom,
663 3384 1630 3466 darstellen zu können. Das Resultat ist für die mensch¬
1649 3413 2634 3479 Dr. Brian, Dr. Forti, Prof. Issel) vor einigen Jah¬
667 3428 1630 3495 liche, speziell die weibliche Psyche, die sich hier in
1639 3460 2628 3510 ren in Quarto bei Genua eine biologische
660 3465 1642 3537 ihrer Nacktheit in allen Flächen des Prismas bricht,
1636 3508 2620 3565 Station gegründet („Laboratorio Marino di Quarto“
661 3528 1634 3587 nicht gerade schmeichelhaft. Schwäche, rätselhafte
1647 3547 2627 3609 dei Mille“), in welcher vor allem biologische Studien
659 3567 1624 3629 Launenhaftigkeit und Untreue sind die Spektren
1636 3583 2633 3643 und Experimente über die Meeresfauna, die gerade.
651 3618 1628 3677 dieser Prismen. In dem Stück „Die Hirtenflöte“
1632 3618 2626 3706 in dem Golf von Genua sich so reichhaltig und in¬
658 3651 1625 3720 unterliegt die von ihrem Gatten zur Erprobung ihrer
1644 3676 2624 3739 teressant vorfindet, ausgeführt werden. Aus Beob¬
651 3698 1620 3758 Stärke freigegebene schöne Frau den Lockungen
1640 3714 2624 3794 achtungen und Arbeiten in diesem Laboratorium ist
661 3731 1629 3808 immer neuer Männer, in „Der Tod des Jungge¬
1632 3758 2617 3831 zum Teil dieses Buch hervorgegangen; zum großen
655 3778 1622 3840 sellen“ bekennt der Held in einem nachgelassenen
1641 3810 2619 3879 Teil aber fußt es auf persönlichen mühevollen Pri¬
653 3825 1626 3893 Brief an seine Freunde, daß er eines jeden Gattin
1641 3855 2613 3931 vatstudien und Arbeiten des Verfassers in den letz¬
643 3877 1625 3932 besessen. Auch in den übrigen Novollen spitzt sich die
1633 3891 1984 3947 ten zehn Jahren.
648 3919 1640 3967 Pointe auf die Untreue der Frau zu, wie es nicht
1693 3923 2622 3996 Im ersten Kapitel „Le generazioni alternanti“!
651 3957 1631 4032 anders sein kann in einer Gesellschaft, in der sich
1628 3968 2613 4048 (Die wechselnden Generationen) schilderi der Ver¬
644 3998 2608 4085 der Verkehr der Geschlechter nur um den einen' fasser in allgemeinen, weiten Zügen die wechselnden
649 4049 2606 4137 Vunkt dreht. Die kurze Parabel am Schlusse ist einGenerationsformen, beleuchtet bioloaische interessante
