3392 4352
1355 341 1837 435 box 35/8
166 343 1218 437 5. Masken und Vunder
439 1178 915 1274 Ausschaftt aus:
903 1192 1592 1311 Schlesische Zaitung, Brecien
430 1278 1095 1402 ea 10. Mal. 1512.
2044 1328 2158 1403 1
1618 1370 2946 1468 Konflikt zwischen zwei Frauen, seine Braut und seine Geliebte,
1623 1416 2942 1492 1 gestellt. Er entledigt sich der Letzteren auf raffinierte Art
458 1414 1516 1515 Ein neues Buch von Arthur Schnitzler.
405 1475 2934 1575 Zu seinem 50. Geburtstage, den er am heutigen 15. Madjdurch Gift, verliert aber trotzdem auch die erstere und wird
1633 1517 2930 1599 im Duell von einem Rivalen erschossen, der um sein furchtbares
339 1557 1635 1626 feiert, hat Arthur Schnitzler seinen Freunden einen neuen
1628 1564 2928 1640 Geheimnis weiß. „Der tote Gabriel“ behandelt eine Art von
324 1595 1639 1670 Novellenband geschenkt, „Masken und Wunder“ betitelt")
1641 1606 2933 1686 Ballabenteuer und läßt einen Blick in die seltsame Seele eines
325 1648 1632 1749 Das mag auch denjenigen Gelegenheit geben, heute etwas länger
1638 1649 2934 1741 jungen Mädchens tun; ein wenig spiritistisch mutet die Geschichte
335 1695 1635 1762 bei dem Dichter der „Liebelei" zu verweilen, die es sonst nicht
1628 1691 2944 1774 vom „Tagebuch der Redegonda“ an, die auf das dunkle Gebiet
338 1736 1642 1827 recht einsehen wollen, daß berühmte Schriftsteller deswegen, weil
1634 1758 2749 1841 der Willens- und Gedankenübertragung hinüberspielt.
344 1787 1641 1867 sie 50 Jahre alt werden, bereits durch Gedenkartikel und Fest¬
1706 1789 2947 1886 Den Eingang und Schluß des Bandes bilden Erzählungen,
336 1825 1650 1917 betrachtungen gefeiert werden müssen wie ehrwürdige Jubel¬
1638 1841 2937 1929 die sozusagen zeitlos gehalten sind, überall und immer sich
343 1881 1639 1955 greise oder Tote. Besonders Arthur Schnitzler hat dies nicht
1654 1878 2948 1978 abspielen könnten. Die erste, „Die Hirtenflöte“ handelt von
342 1939 1641 2015 nötig. Noch steht er in der Vollkraft seines Schaffens und im
1640 1927 2946 2024 einem grüblerischen Ehegatten, der durch absonderliche Zweifel
340 1979 1640 2071 literarischen Kampf der Gegenwart ficht er noch immer in der
1647 1986 2944 2073 verführt, seine Frau ins Leben und in die Welt hinausschickt,
339 2024 1649 2111 ersten Reihe, er hat sich nicht in den Hintergrund drängen lassen.
1648 2032 2942 2115 mit dem Auftrag, allen Lockungen der Sinne nachzugeben und
341 2080 1641 2148 Freilich ist mit den Jahren aus dem elegant=frivolen Zeichner
1647 2078 2947 2161 dann, wenn sie alles ausgekostet, zu ihm zurückzukehren und an
342 2119 1648 2217 der „Anatol“=Szenen ein ernster und mit tiefen Problemen
1652 2126 2955 2212 seiner Seite als Gattin weiterzuleben. So will er sie im tiefsten
353 2166 1655 2248 ringender Künstler geworden; in seinen Werken leben außer dem
1648 2168 2950 2258 Kern ihres Wesens prüfen. Der abenteuerliche Leidensweg der
346 2217 1643 2301 süßen Wiener Mädel auch noch bedeutungsvollere Gestalten, die
1651 2207 2945 2316 Frau durch die Welt wird nun mit glühenden Farben gemalt —
353 2271 1655 2338 unser lebhaftes Interesse erregt haben. Schnitzler gehört zu jenen
1654 2268 2952 2349 aber als sie endlich zu ihrem Gatten heimkommt, muß dieser von
348 2312 1655 2395 Dichtern, die sich stets selbst getreu geblieben sind. Das ist
1660 2316 2945 2399 der gänzlich Verwandelten hören, daß ihr weniger graut vor den
355 2368 1652 2432 vielleicht daraus zu erklären, daß er fast nie den Boden verlassen
1645 2366 2967 2444 Masken und Wundern der Welt als vor der steinernen Fratze
344 2412 1647 2489 hat, auf dem er am tiefsten heimisch ist: Wien und die Wiener.
1653 2409 2959 2495 seiner Weisheit. Und über seiner krankhaften Sucht, ihre Seele
346 2456 1648 2536 Als Sohn eines reichen und angesehenen Wiener Arztes und
1649 2448 2959 2543 zu erforschen, verliert er jetzt Seele und Leib der geliebten Frau
356 2491 1653 2578 später selber Arzt, lebt er von Jugend an jenes Leben der Wiener
1647 2502 2951 2593 endgültig. Recht nachdenklich mutet auch das Schlußmärchen
350 2551 1654 2628 Gesellschaft, die um das Rathausviertel wohnt, und diese Kreise
1653 2559 2948 2637 „Die dreifache Warnung“ an, das lehrt, wie alles Sein und
358 2597 1662 2672 haben in dem auch äußerlich sehr soignierten Mann mit der
1660 2615 2625 2688 Geschehen durch Spiel und Zufall verknüpft ist.
356 2641 1654 2713 berühmten Stirnlocke ihren klassischsten Schilderer gefunden.
1734 2624 2963 2733 Neben der dunklen und melancholischen Stimmung, die über
358 2683 1662 2775 Man hat Schnitzler öfters als frivol und leichtfertig gescholten
1659 2701 2952 2771 dem Buche liegt, ist allen darin vereinigten Novellen gemeinsam
359 2751 1663 2829 und einiges, wie sein berüchtigter „Reigen“ gibt solchem Urteile
1666 2748 2953 2823 die außerordentliche Feinheit und Geschliffenheit des Stils.
354 2783 1658 2863 auch recht. Aber falsch wäre es, derartiger Abirrungen wegen ihn
1670 2792 2960 2873 Herangebildet an der Prosa des älteren Goethe, aber doch von
362 2834 1656 2919 lediglich als einen Amüseur zu betrachten — er ist im Gegenteil
1657 2838 2961 2921 persönlichstem Charakter zeigt dieser Stil eine Klarheit und
364 2876 1664 2962 (allein der „Leutnant Gustl“ schon beweist es) ein Psychologe
1661 2875 2966 2971 einen Glanz, den man bisher bei Schnitzler noch nicht oft
359 2929 1669 3004 von größter Feinheit und Delikatesse und das zeigt auch wieder
1665 2916 2993 3019 gefunden hat, weder in „Frau Bertha Garlan“ noch in dem
365 2982 1666 3063 der neue Novellenband mit dem ein wenig symbolischen Titel.
1669 2983 2979 3066 großen Roman „Der Weg ins Freie“. Wer so zu schreiben ver¬
440 3024 1668 3090 Merkwürdig viel ist in diesem Buch vom Tod und von den
1661 3029 2974 3104 steht, dem kann man getrost vorhersagen, daß er noch im Auf¬
359 3067 1665 3148 letzten Dingen die Rede — mehr fast, als man bei einem
1665 3074 2984 3161 wärtssteigen nach den Höhen der Kunst begriffen ist. Und als
358 3114 1667 3214 Fünfzigjährigen erwarten sollte. Aber wir wissen ja, daß
1667 3126 2974 3206 einen immer noch „Werdenden“ im Goetheschen Sinne wollen wir
361 3159 1664 3225 Schnitzler von jeher neben der Liebe den Tod zum Helden seiner
1663 3198 2594 3257 Arthur Schnitzler zum heutigen Tage grüßen.
369 3198 1675 3303 Dichtungen erkor, hieß doch gleich eines seiner ersten Bücher
2649 3207 2953 3300 AD-
360 3256 1670 3344 „Sterben“. Ein wenig an den Schnitzler von früher gemahnt
371 3306 1679 3384 die melancholisch-zynische Pointe der Novelle „Der Tod des
366 3350 1688 3443 Junggesellen“. Ein Lebemann ruft drei seiner Freunde an sein
368 3396 1687 3477 Sterbebett. Sie kommen, finden ihn aber bereits tot vor und
372 3451 1678 3522 entdecken in seinem Schreibtisch einen gemeinsam an sie ge¬
377 3474 1690 3569 richteten Brief des Verstorbenen. Und darin teilt er seinen
365 3534 1681 3622 drei Freunden mit, daß die Frau eines jeden von ihnen einmal
382 3589 1689 3667 seine Geliebte war. Ganz eigentümlich ist nun, wie Schnitzler
1561 3628 1693 3692 wie
383 3639 1525 3718 die überlebenden auf diese Eröffnung reagieren läßt:
379 3682 1695 3768 durch allerlei überlegungen und Einsichten der Tote um den
380 3723 1696 3813 Triumph seiner posthumen Rache gebracht wird. In der
379 3774 1695 3875 Erzählung „Der Mörder“ wird ein junger Mann in einen
446 3846 1204 3960 *) Berlin, S. Fischer, Preis 3 Mi.,
