3344 4352
126 232 240 312 5
1316 223 1780 314 box 35/8
248 244 1248 333 nasken-und Hunder
410 761 1200 863 Klose & Seidel
329 830 1255 912 = Bureau für Zeitungsausschnitte. —
304 907 1301 980 Berlin NO 43, Georgenkirchplatz 211.
393 1007 1207 1090 (Liest die meisten Zeitungen und ist das
402 1066 1220 1148 bestorganisierte Bureau Deutschlands.)
273 1168 1297 1257 Zeitung: Hamburg. Correspondent
279 1268 444 1349 Ort:
897 1273 1250 1360 Hamburg.
271 1395 1317 1474 Datum:   ee Beesee ereE S Seeemn
1980 1447 2209 1538 S
629 1475 1027 1565 1 6 Mai-af
1576 1539 2847 1605 Dschungeln der Phantasie zu finden und mit anmutiger Hand zu
519 1523 1334 1640 Masken und Munder.
1585 1574 1883 1641 pflücken weiß.
1656 1589 2839 1662 Masken und Wunder! Masken wohl; alle seine Gestalten
354 1600 1493 1698 Arthur Schnitzlers neuer Novellenband.
1580 1649 2851 1707 sind ja Masken. Sind künstliche Geschöpfe von menschlichem Aus¬
602 1658 1245 1731 Von Jul. Philipp=Heergesell.
1581 1690 2843 1748 sehen, mit menschlichen Worten und menschlichen Gebärden. Aber
365 1701 1555 1769 Vielleicht ist es Zufall, daß es gerade ein Band Novellen ist,
1591 1730 2837 1796 sie reden und bewegen sich nach seltsamen Gesetzen, etwa nach den
288 1754 1553 1811 den der Verlag S. Fischer=Berlin zum fünfzigsten Geburtstag
1584 1776 2843 1833 Gesetzen des Traumes. Man sieht die Maschinerie, die sie bewegt,
286 1803 1566 1854 Arthur Schnitzlers erscheinen läßt. Aber darf man nicht bei
1580 1813 2451 1867 darin liegt übrigens einer ihrer Hauptreize.
301 1842 1563 1909 Schnitzler, der alle Begebenheiten so gern symbolisch nimmt,
1658 1843 2850 1906 Denn diese Maschinerie, oder doch ihr Geist, das ist der Welt¬
293 1896 1561 1939 etwas mehr als einen Zufall darin sehen, wenn er an einem Tage,
1579 1886 2844 1950 wille selbst, das Schicksal oder wie man's immer nennen will. Es
288 1926 1568 1989 den man jaks einschneidenden Lebensabschnitt zu betrachten ge¬
1590 1927 2843 1984 ist ein Schicksal, das an diesen Gestalten seine eigenwilligen Lau¬
293 1955 1564 2022 wohnt ist, Oseinen Verehrern wiederum einen Novellenband als
1579 1966 2850 2017 nen demonstriert und das etwa mit einer halb mutwilligen, halb
291 2002 1559 2064 Gabe darbietet? Ist es nicht, als sollte man unter all den zahl¬
1592 2004 2857 2070 höhnischen Bewegung sagt: seht, so wunderbar sind meine Wege.
304 2035 1569 2103 reichen Gaben, die sein bisheriges Lebenswerk ausmachen, daran
1590 2045 2855 2094 Sie sind ein Traumgsbilde, Emanationen eines schöpferischen Er¬
289 2082 1569 2148 erinnert werden, nach welcher Richtung hin man seine künstlerische
1586 2082 2851 2146 lebnisses, die um dieses Erlebnisses willen aus den unergründ¬
302 2125 1233 2195 Physiognomie am genauesten zu bewerten hat?
1585 2130 2859 2178 lichen Tiefen des Möglichen zum Lichte emporsteigen, alsbald wie¬
373 2149 1559 2218 Denn was er auch immer in der reichen Zahl seiner Werke ge¬
1595 2170 2848 2230 der verschwinden und das Erlebnis um so deutlicher und ein¬
292 2203 1559 2269 geben haben mag, in seinen Novellen hat er das Feinste und
1593 2214 2068 2274 dringlicher zurücklassen.
306 2246 1568 2303 Beste, hat er den eigentümlichen und ganz unfaßbaren Zauber
1661 2226 2851 2307 Masken sind in diesem Buche. Aber Wunder? Es ist selt¬
298 2294 1574 2351 seiner Kunst gegeben und wer ihn vollkommen genießen will, muß
1596 2286 2849 2338 sam, daß Schnitzler, dieser kluge, feine, geistreiche Schnitzler ein
298 2319 965 2396 ihn in seinen Novellen aufsuchen.
1597 2336 2838 2385 solches Wort gebraucht, seltsamer, daß ers im Titel tut. Er, der
369 2345 1562 2426 Man muß seine Bühnenwerke durchaus nicht unterschätzen,
1589 2373 2814 2439 einen so ausgeprägten Sinn für die innere Wahrheit aben¬
294 2397 1562 2466 um dennoch der Ansicht zu sein, daß er erst in der novellistischen
1585 2414 2123 2483 teuerlicher Begebnisse hat.
303 2446 1577 2504 Kunstform sich ganz von der irdischen Gebundenheit befreit, die
1671 2437 2770 2510 Wenn Schnitzler selber zugibt, daß Wunder in seinem Bu
1067 2488 1553 2549 immerhin verlangen,
763 2488 1079 2546 der Roman
306 2493 601 2555 das Drama
1595 2487 2728 2541 geschehen, so wollen wir es ihm nichtsdestoweniger bestre
579 2525 1564 2576 hier vermag der Zauberer des Wortes
455 2534 585 2582 erst
1585 2533 2724 2581 Gehört es denn nicht gerade zu den feinsten Reizen all seinen
294 2532 468 2590 aber
1298 2561 1566 2633 zerrinnende
295 2560 809 2641 alle Geschehnisse in
798 2557 1215 2633 flüchtige Farben,
1595 2574 2728 2623 beiten, daß alle Geschehnisse, selbst die unerhörtesten und
633 2600 1441 2656 hinschmelzende Klänge aufzulösen,
301 2611 468 2674 Düfte,
1588 2606 2714 2654 teuerlichsten, vollkommen gesetzmäßig vor sich gehen? Was t
1583 2652 2712 2698 daß es die Gesetze des Traumes, die Gesetze einer fremden
301 2633 1580 2705 gleich einem Rausch von Singeseindrücken vorüberfliehen, seltsame
1596 2691 2695 2739 irdischen Welt sind? In dieser Schnitzlerschen Welt sind si
297 2685 1574 2744 rätselhafte Erinnerung zurücklassend und eine unbegreifliche
1597 2722 2717 2792 Wunder, sondern Ereignisse von innerster Wahrhaftigkeit
304 2732 1560 2781 Sehnsucht nach der bunten, traumhaften Welt, die der dichtende
1592 2767 2295 2830 dämonischer Zwang steckt in ihnen.
301 2759 1559 2825 Magier mit wenigen Strichen hingezeichnet und dann wieder fort¬
1660 2807 2690 2864 Wir wundern uns ja nicht über den Sterndeuter Er
291 2813 581 2880 gewischt hat.
384 2825 1571 2899 Solcher Gaben, die die Sehnsucht reizen aber niemals befrie¬
1586 2848 2709 2902 über diesen seltsamen Wissenschaftler, der eines Nachts, da
1600 2888 2694 2939 Sterne vor ihm verhüllen, vor dem Bett seiner jungen Fra
296 2888 1567 2948 digen, die dem Leben sehr eigentümliche und luxuriöse Werte
1593 2929 2692 2977 die ihm, obgleich seit Jahren ehelich verbunden, plötzlich
296 2923 1570 2999 geben, kann man garnicht genug haben. Schnitzler hat seine Ge¬
1592 2978 2713 3023 fremdes Wesen erscheint, das ihm ferner ist als der Welten
296 2968 1567 3031 meinde zu einem Luxus des Lesens erzogen, den kaum ein außer
1592 3013 2695 3065 den er durchforscht. Wir wundern uns ja nicht, daß er
299 3017 1576 3064 ihm zu befriedigen vermag. Wenige Dichter vermögen, wie er,
1599 3047 2710 3101 wachende eine sich selbst Unbekannte nennt, daß er sie for
294 3047 1574 3110 gewisse Dinge auf eine ganz gewisse Weise zu sagen, noch weniger
1588 3081 2702 3154 in die Welt, daß er ihr gebietet, jeder ihrer Neigungen zu
305 3084 1570 3145 besitzen die delitate Kunst, über anderes mit Schweigen hinweg¬
1601 3132 2259 3183 damit sie sich selber kennen lerne.
305 3126 1561 3186 zugehen und es dennoch erraten zu lassen. Darum muß man ihm,
1666 3161 2729 3218 Daß in diesem Moment die lockenden Weisen einer Hirten
294 3158 1568 3225 der seine Leser so verwöhnt hat, danken, daß er nun mit einem
1602 3215 2744 3268 ertönen, daß die junge Frau dem Klange folgt, daß sie mit
309 3198 1577 3266 neuen Werk, das soeben unter dem Titel „Masken und Wunder“
1595 3246 2740 3310 Hirten durchs Land zieht, ihn dann, nachdem sie ihn bette
301 3236 1584 3303 in die Welt geht, ihren Appetit reizt, indem er ihren Hunger zu
1604 3291 2752 3350 gemacht hat, grausam verläßt, daß sie nun zu immer wild
302 3286 1570 3346 stillen vorgibt. Und wiederum ist es ein Strauß jener phantasti¬
316 3328 1569 3382 schen, geheimnisvoll blühenden, den süßmodrigen, halbwelken
1598 3332 2751 3383 Abenteuern emporsteigt, alle Möglichkeiten ihrer schillert
1589 3364 2742 3419 Weibnatur erschöpft, in grausamen Lüsten verdirbt, endlich
319 3370 1569 3415 Duft der Vergänglichkeit ausströmenden Blüten, wie nur er sie in
312 3406 2745 3475 den exotischen Gegenden der Seele, in den heißen, giftschwangeren I gewidert und sich selbst zum Eckel geworden zu Erasmus zu
2868 1512 3316 1580 kehrt und dann von d
2863 1572 3310 1623 tierlustigen Verstande d
2863 1616 3310 1668 ausflieht und verschwir
2861 1650 3305 1706 raum das alles wund
2856 1680 3310 1741 nach den Gesetzen des
2855 1733 3320 1787 unserer Brust emporste
2860 1771 3311 1838 und Geschehnisse zu spi
2866 1817 3272 1871 wohl fassen können.
2934 1845 3316 1914 Das aber ist der stä
2860 1871 3314 1950 daß er die geheimsten,
2862 1930 3310 1990 ruhenden, noch nicht
2872 1971 3305 2023 oder seltsamer Begeber
2874 2017 3313 2081 Geheimnis ihres rausch
2867 2052 3314 2107 den Lebens. Daß er
2863 2097 3308 2152 Weise tut, macht nur ei
2938 2131 3305 2183 Man lese daraufhi
2872 2149 3278 2221 Mannes, der ein gar
2861 2212 3302 2269 den Frauen seiner Fr.
2876 2256 3005 2304 einen
3010 2256 3070 2301 ros
3175 2256 3277 2304 riump
2888 2294 2948 2339 Ge
