3344 4320
1360 212 1829 317 box 35/8
176 217 1224 341 5. Masken und Nunder
941 966 2493 1041 dem Einem und das in seiner Unterwerfung stolze Gefühl: ich weiß, du
940 1026 2505 1118 könntest auch ohne mich leben. Was tuts, wenn nur ich nicht ohne dich
941 1085 1267 1160 leben kann.
1004 1134 2492 1216 Von diesem Entfernten und von dieser Liebe wird mit Worten hier nur
939 1268 2486 1321 Gesichtern, Bildern und Klängen beladenen Nachen, voll Meerleuchten und
943 1329 2487 1396 dem dunklen Glanz der Tiefe, und Sonne, Mond und Sterne, Tier und
952 1389 2494 1457 Menschen und jedes Ding der bunten Welt spiegelt sich bereicherter in ihr.
996 1460 2484 1524 Tausend flimmernde Rerven erleben hier leidenschaftlich die Umwelt, und
956 1508 2488 1594 hellhörige Glieder spürt man, die alles aufnehmen mit allen Wurzeln und
951 1571 2488 1664 ein Erinnerungsgarten duftet mit kleinen Wiesenkräutern und den Wunder¬
944 1632 1371 1719 blumen der Ferne.
1011 1688 2492 1765 Und immer muß man bei diesem Frauenwesen an Bettina denken,
939 1754 2491 1812 wenn sie von den Kindertagen erzählt, wo sie mehr auf dem Schrank und
943 1834 2492 1891 unter dem Tisch zu finden war als am Tisch, wenn sie das Klingende und
949 1872 2499 1954 Blumige jüdischer Mädchennamen schmeckt, wenn ihr ein goldenes durch
945 1938 1993 1995 die Luft segelndes Ahornblatt zum Märchen wird.
1008 1988 2486 2066 Verschwistert fühlt sie alles. Die Tiere sind ihr vertraut, die Eulen
943 2082 2493 2132 weiß, silbrig und braun gefleckt mit großen verschleierten Augen, der Turm¬
940 2119 2485 2191 uhr im Sternendunst ähnlich, die Kröten, die Schatzhüter, und ihr ganzer
957 2177 2501 2266 Anhang, die Unken und Itschen, die Padden und Poggen, bei deren Ramen
957 2249 2478 2314 man ordentlich die „breiten nassen Füßchen die Treppe heraufpatschen hört“.
952 2305 2499 2372 Grillen und Zikaden und vor allem die Katzen. Und gleich Bertinen sind die
950 2351 2495 2427 Augen der Irene Forbes=Mosse humorhaft und ihr sprachlicher Ausdruck voll
960 2411 2499 2493 freudig strotzender Sinnfälligkeit. So entdeckt sie in der Katerphysiognomie
956 2481 2495 2557 die Ahnlichkeit mit dem Stiefmütterchen, und die schieferblauen trippelnden
947 2557 2489 2617 Kapuzinertauben erscheinen ihr wie kleine ordentliche Damen in Umschlag¬
947 2604 2491 2680 tüchern. Und die Bäume liebt sie, das niederrieselnde Gold des Ginster,
948 2659 2498 2727 die Würze des sonnendurchglühren Tymian, die in der Akropolis=Erinne¬
952 2734 1244 2804 rung duftet.
1019 2789 2497 2856 Die Seele der Dinge spricht zu ihr, gotische Sreinbilder im Schnee am
948 2851 2490 2918 blaßrosigen Winternachmittag, wenn die Kerzen brennen und die Drachen
945 2899 2485 2984 und steinernen Rosen lebendig werden im Spiel der Schatten; das Durch¬
957 2977 2494 3044 emnander der Docks mit Schiffgerippen und den schiefgestürzten Schiffen,
953 3022 2503 3100 die wie hilflose Tiere auf der Seite liegen. Der Phankasieblick schweift
959 3098 2493 3162 über das Alltägliche und Unbedeurende und spiegelt es neu und besonders.
1014 3145 2505 3222 Die „moosgrünen Steinbrüche des Gorgonzola“ entdeckt sie sich, und die
954 3207 2501 3289 Messingwalze der Spieluhr mit den unzähligen winzigen Stacheln ist ihr
953 3271 1804 3351 wie ein kleiner goldener Igel am Spieß.
1014 3339 2500 3401 Aus den Wörtern lauscht sie sich ursprunghafte Lebensfülle. So ruft sie
958 3404 2505 3472 in drei Sprachen den Frühling an. „Spring“, das englische „frisch wie ein
432 3456 2507 3580 kleiner David, der die Schleuder spannt, mit den Lachen in
448 3557 2492 3632 winkeln. Prinavera hat eine Schleppe und wandelt durch Lau
441 3613 2446 3682 und Fruhling? ja, da gehen die Leute schon vor den Toren
437 3667 1885 3741 die Kinder pflücken Hinmelsschlussel?
433 3727 2454 3785 Naturfronn, singend und klingend, schwebt hier eine Seel¬
430 3765 2421 3852 Landschaft; die Landschaft ist Toskana, und die Seele 18
433 3839 2428 3925 So wird uns Irene zu einer Schwester des heiligen Franz:
1926 3906 1995 4001 0
