3344 4320
1340 182 1812 274 box 35/8
837 193 913 260 W
142 193 1210 300 5. Masken und Junder
148 989 369 1077 ehnitte.
206 1053 393 1129 atz 211
1152 1720 1233 1804 Ae
619 1791 3021 1858 sie auch folge, immer solle ein Bett, eine Kammer und ein ganz gehört — hinausfliegen kann, stehen vier andere, in denen
1815 1800 2809 1881 der neuere Ton des Buches weniger stark schwingt.
618 1829 1810 1894 verzeihendes Herz für sie bereit sein. Die junge Frau, erst
1887 1835 3020 1909 Da ist die Geschichte des Junggesellen, der seine Freunde¬
619 1876 1823 1945 schmerzlich betroffen und erschüttert, ist nach dem Spruche ihres
1814 1876 3016 1958 an sein Totenbett bestellt, damit sie nach seinem Tode lesen,
622 1917 1809 1995 Mannes doch willfährig, dem ersten Reize in die Fremde nach¬
1811 1921 3025 1995 daß sie von ihm Betrogene wären, da ist die feine Erzählung
149 1929 288 2006 ler.*)
622 1956 1808 2037 zufolgen. Eine Hirtenflöte erklingt, sie geht den Tönen nach
1828 1970 3014 2044 von dem Mädchen, das in Sinnlichkeit und Haß, den
151 1974 610 2067 Schnitzler ist scheinbar
621 2001 1814 2072 und lebt mit dem Hirten. Ungeheuere Schicksale widerfahren
1817 2019 3021 2097 Mann küßt, der schuld an dem Tode ihres heimlich Geliebten
143 2046 613 2112 Geburtstages erschienen.
611 2054 1819 2109 ihr, sie lernt Armut und Reichtum kennen, wird Liebling eines
1819 2069 2363 2133 trägt. („Der tote Gabriel.“)
144 2095 617 2150 küdchen alles vereinigen,
623 2094 1816 2167 Volkes und gehaßte Fürstenliebste. Aufruhr, Gewalttat, Blut
1903 2079 3029 2187 Diese Liebe, die sich im Leben nicht zu geben wagte, ist
176 2138 619 2202 Es ist das Jubiläum
617 2136 1825 2220 und Flammen, vielerlei Liebe, sind in ihren Tagen. Sie kehrt
1830 2145 3022 2220 auch in dem kleinen merkwürdigen Stückchen: „Das Tagebuch
146 2176 622 2244 Zahlen sind alleweil die
621 2181 1816 2264 zurück, vom Leben verbrannt und gezeichnet. Ihr Gatte will sie
1821 2184 3029 2267 der Redeganda“ das Thema. Ein junger Beamter liebt eine
140 2226 621 2292 nd ohne Berechtigung.
631 2228 1815 2295 aufnehmen, wie er versprochen: „Du hast dein Leben gelebt,
1826 2224 3027 2315 Frau in seinen Träumen, nur in seinen tollen, ausschweifen¬
148 2259 620 2331 e uns vertraut sind von
630 2266 1829 2338 Dionysia. Reiner stehtst du vor mir als alle jenen anderen, die
1817 2248 3033 2348 j den Träumen. Als der Ehemann von ihm Réchenschaft fordert!
145 2314 629 2387 und man kann eine feine
629 2311 1822 2387 im Dunste ihrer Wünsche atmen. Du weißt, wer du bist!“
1878 2307 3035 2387 — aus einem Versehen der Personen — gibt er sie ihm — und
154 2358 623 2436 sicht des Dichters. Ein
635 2349 1836 2427 So meint der Mann, und meint weise zu sprechen. Mit tiefster
1830 2364 3046 2436 fällt. Die Geschichte seiner Liebe erzählt er nach seinem Tode,
632 2398 1831 2469 Bitterkeit antwortet ihm die Frau: „Du ein Weiser? Und du
1830 2403 3032 2482 des Abends im Stadtpark zu Wien. Die alte Kunst Schnitz¬
126 2426 626 2511 iger ein Abnehmen der
633 2439 1831 2515 hast nicht erkannt, daß jedem menschlichen Dasein nur ein
1839 2436 3037 2529 lers, das Wunder glaublich erscheinen zu lassen, ist auch hier
147 2494 577 2561 ja noch nicht so alt, —
640 2488 1824 2570 schmaler Strich gegönnt ist, sein Wesen zu verstehen und zu
1831 2476 3071 2571 aufgeboten, auch er halb wehmütige, halb ironische Schlußt#
148 2533 624 2598 pt ein Alter, wenn man
628 2531 1833 2607 erfüllen? Dort, wo das einzige, mit ihm einmal geborene
1841 2526 3040 2609 mit der weltmännischen Geste ist derart, wie ihn nur Schnitz¬
159 2582 620 2643 „Letzten Masken“. —
639 2577 1831 2650 und niemals wiederkehrende Rätsel seines Wesens im gleichen
1832 2598 2236 2675 ler schreiben kann.
145 2621 630 2686 entration dieser Ne#ellen
1921 2606 3040 2701 Die stärkste technische Leistung dieser vier mittleren („mitt¬
641 2624 1831 2693 Bett mit den hohen Gesetzen göttlicher und menschlicher Ord¬
156 2667 635 2733 i Werken Schnitzlers in
642 2660 1838 2738 nung läuft.“ Dionysia geht aus dem Hause des Weisen, vor
1847 2663 3051 2740 leren“ nur räumlich) Novellen ist: „Der Mörder“. Hier ist
157 2719 627 2789 chtungen sind Schnitzlers
1832 2686 3046 2793 jene Art, den beobachteten Fall dichterisch mit vollendeter
644 2709 1840 2783 dessen steinerner Weisheit ihr mehr graut, als vor allen Masken
1833 2742 3039 2834 Kunst darzustellen, auf der Höhe wie in der Novelle „Sterben“.
643 2775 1130 2845 und Wundern der Welt.
1849 2781 3047 2869 Es ist mehr als „Böser Dinge hübsche Formel“ in dieser
202 2780 637 2875 In dem Einakter:
719 2793 1837 2861 Dies ist der Kern der Novelle, die das Symbolische
1837 2827 3052 2917 Kunst, die Schnitzler nicht geschaffen, aber zu dieser Höhe der!
141 2835 409 2924 umschreiben:
637 2841 1841 2918 wundervoll mit dem Realistischen verschmilzt, daß grauenhaft
649 2889 1839 2962 der Mensch wäre, dessen Weisheit über sich selbst Sicherheit
1838 2901 2340 2975 Entwicklung geführt hat.
160 2903 426 2969 und Wachen.
2868 2899 3044 2977 kennen,
1935 2911 2875 2998 Schnitzler wird sein Bild, wie wir es
644 2932 1843 3004 haben wolle, der die kühle Gewißheit für das warme Rätsel
148 2944 429 3012 ist nirgends.
2873 2965 3046 3025 Fünf¬
2144 2965 2887 3056 ändern, aber dies Buch des
148 2985 463 3050 nichts von uns.
1838 2975 2151 3060 kaum mehr
645 2991 1209 3055 des Lebens eintauschen will.
2174 3009 3046 3078 daß manche Linie kräftiger werden
716 3009 1845 3101 Es ist das gleiche Grauen, das den Jüngling in der letzten
139 3034 372 3107 6, ist klug.“
1859 3032 2168 3099 tigers zeigt,
1858 3047 3045 3135 kkann, und daß er, je weiter er vom Anfang des Weges!
636 3071 1840 3139 Novelle des Buches: „Die dreifache Warnung“ faßt, daß er
140 3072 643 3146 fangreichsten des Bandes
1850 3089 3060 3185 sich entfernt, um so ernster die Fragen stellt, die um das Ende
649 3105 1845 3185 sein „Warum?“ den Mächten, die ihn verderben, entgegen¬
148 3136 632 3198 frasmus seine junge Frau
2631 3138 3035 3213 Rolf Brandt.
657 3151 1844 3228 schleudern muß. Die Frage, die uns Menschen eingeboren, ist
1849 3168 2047 3238 lhandeln.
149 3167 644 3244 zu ergründen. Er spielt
652 3205 1441 3277 das Grauenhafte an unserem Schicksal.
141 3213 649 3277 kum zu erfahren, wie sich
827 3245 1694 3332 „Wir wissen nichts von andern, nichts von uns.
141 3270 649 3333 r Liebe entwickelte, wenn
813 3308 1600 3378 Wir spielen immer, der es weiß, ist klug.“
148 3313 645 3379 eschlossenen Gemeinschaft
168 3353 650 3434 fahre, welchen Lockungen
726 3334 1862 3423 Zwischen diesen beiden Märchen=Novellen, die stärker als
654 3399 1858 3480 sonst bei Schnitzler Bitterkeit tragen, die aber auch zeigen, daß
150 3421 665 3521 en von Arthur Schnitzler.
640 3459 1894 3544 1 er über die laue Luft des Wienertums — dem er doch nicht!
