3436 4352
540 362 605 419 2
150 339 716 457 5. Masken I
1843 228 3105 291 eine tiefergehende Bildung, haben wissenschaftliche und künst¬
1840 249 3114 343 lerische Sonderinteressen, machen auf allen Geistesgebieten mit,
1829 317 3116 389 bummeln wohl auch ein wenig durch die Welt, ver¬
1345 339 1806 437 box 35/8
693 350 877 453 ind
856 341 1202 457 Nunder
1839 350 3120 444 fügen über Vergleichsmöglichkeiten und haben soviel
1838 403 3112 478 Weibliches und Feminines und Animalisches, daß sie
1829 453 3114 536 für das Wiener Leben geboren zu sein scheinen und au
1833 512 3117 570 der großen Weltarbeit ihrer zeitgenössischen Kultur nit
1832 556 3119 625 aktiven, immer nur passiven Anteil nehmen. Wenn sie nicht allé¬
1836 582 3117 674 samt aus wohlhabendem Hause kämen, wenn sie die äußere Not
1841 647 3122 710 zum Gelderwerb zwänge, dann würden sie sicher mit großer
1833 703 3114 760 Mehrheit zum Beruf der Literaten übergehen. Sie sind alle
1848 744 3113 810 geistreich, schlagfertig, ironisch, phantasiebegabt und sinnlich. Mehr
1840 794 3124 855 braucht ein Mensch, der sich ein wenig die Technik des Schreibens
1846 843 3114 906 aneignet, heutzutage wirklich nicht, um ein berühmter Schriftsteller
1851 871 3132 965 werden zu konnen. Die Salonhelden der Schnitzlerschen Novellen
1847 940 3134 1002 sind nur durch Zufall Causeure und Weltenbummler statt Literaten
1849 992 2070 1071 geworden.
1948 1024 3144 1108 Die Tatsache, daß Schnitzler Arzt ist, hat die Feuilletonisten
1834 1078 3121 1160 in Deutschland seit einem Jahrzehnt dazu verführt, die billigen
1843 1145 3124 1202 Phrasen von dem Diagnostiker, von dem Seelenanalytiker und
1837 1173 3121 1265 Beobachter so lange zu schreiben, bis der Begriff Schnitzler und
1852 1242 3113 1312 das landläufige Bild eines Arztes beinahe zu Deckvorstellungen
1845 1276 3117 1355 geworden sind. Vielleicht das Gegenteil von dem, was man sich
1839 1330 3129 1399 allgemein ausmalt, ist wohl der Fall. Man könnte mit einiger
1843 1369 3127 1448 Uebertreibung sagen, daß Schnitzler der Typus eines Nicht¬
1845 1420 3139 1494 arztes ist, daß das ganze Vorstellungs= und Gefühls¬
2943 1470 3132 1534 r uns
1838 1469 2906 1548 leben, soweit es sich in seinen Dichtungen
1848 1510 3126 1590 sichtbar widerspiegelt, allen nüchternen naturwissenschaftlichen
2996 1567 3132 1638 der
1850 1579 2999 1636 Anschauungen Hohn spricht. Schnitzler ist nicht
1841 1610 3113 1695 kühle Beobachter, der, ohne nach Geheimnissen zu suchen, nur
1847 1672 3118 1728 die Tatsachen als Symptome festlegt und gegen einander abwägt,
1838 1708 3122 1790 er ist nicht der scharfe Analytiker, er ist nicht der nachdenkliche
1846 1766 3133 1826 Synthetiker, seiner Psychologie ist jede systematische Einschachtelung
1843 1817 3120 1874 fremd, denn er vermutet überall Wunder und Märchen und
1855 1855 3116 1930 Sagen und spürt den verborgenen Dingen nach, die ein Natur¬
1850 1914 3133 1978 wissenschaftler selbst dann leugnen würde, wenn man sie ihm
1850 1958 3137 2030 mit aller Sinnfälligkeit deutlich zeigen könnte. Schnitzler ist im
1852 2008 3136 2077 Grunde, wenn er sich dessen auch selbst nicht bewußt sein mag,
1848 2059 3128 2134 ein Metaphysiker. Sein Glaubensbekenntnis ist das, was alle
1849 2093 2373 2181 Naturwissenschaft leugnet.
1960 2140 3137 2234 Deswegen verdichten sich bei ihm alle Dinge zu Symbolen,
1843 2187 3149 2268 deswegen erzählt er uns Wunder und Märchen und alte Legenden
1854 2259 3147 2323 selbst da, wo er das Leben der gegenwärtigen Tage schildekt. In¬
1840 2309 3149 2375 der umfangreichsten seiner sechs Novellen wird eine junge Frauf
1844 2349 3131 2428 geschildert, die in gedankenlosem Glück an der Seite eines
1850 2385 3131 2485 grüblerischen Gatten, eines Astronomen, lebt. Der Mann
938 2418 1132 2484 1
1853 2467 3131 2523 guckt nach den Sternen aus: er sucht das Wunder. Eines
584 2464 1554 2572 lusschnitt aus: Ntücs Wieher Jburnal, Wien
1852 2502 3139 2569 Tages steigt er von der Warte herab ins Schlafgemach
1852 2543 3142 2622 seiner Frau und erfaßt plötzlich, daß er das ihm am nächsten
808 2560 1191 2658 7·5 Mal 1912
585 2578 781 2678 (om:
1849 2593 3133 2672 stehende Wunder, die Seele des eigenen Weibes, nicht
1852 2635 3127 2711 kennt. Er sagt es ihr und sie versteht ihn nicht. Es gibt
1838 2685 3128 2773 nichts, was sie ihm je verborgen hatte, warum also sollte er sie
775 2690 1691 2778 Artur Schnitzlers neues Werk.
1849 2731 3142 2807 nicht kennen? Weil sie sich selber noch nicht kennt, weil sie ihe
1071 2764 1495 2842 Wunder.“
1844 2779 3134 2843 Leben noch nicht gelebt hat. Und er gibt sie frei, sie soll hin z¬
930 2829 1565 2907 (Telegramm unseres Korrespondenten.)
1849 2830 3136 2911 ziehen ohne Rücksichten und Gedanken an ihn, soll jeder Lockung
1858 2879 3123 2951 folgen, soll ihm nicht treu bleiben, wenn er sie nicht dazu treibt,
1359 2870 1827 2949 Berlin, 14. Mai.
1867 2928 3119 3004 und zurückkehren, wenn es ihr gefällt. Das Lied einer Hirten¬
606 2905 1865 3001 # Der neue Novellenband „Masken und Wunder“, der an
1862 2968 3124 3046 flöte, das aus dem Walde zu ihr klingt, weckt ihre Neugier. Sie
592 2964 1855 3064 des Dichters fünszigstem Geburtstag bei S. Fischer erscheint,
1862 3031 3127 3084 findet einen Hirten, sie zieht mit ihm durch Wald und Tal, trennt
598 3037 1854 3096 ist ein echter Schnitzler. Echt in seinen uns längst gewohnten und
1866 3080 3122 3141 sich von ihm, gibt sich einem Fabrikherrn, einem Heerführer,
599 3086 1855 3155 liebgewordenen Gedankengängen, echt in seinen melancholischen,
1854 3121 3132 3183 einem Fürsten, geht von Mann zu Mann, von Unheil zu Unheil,
596 3133 1855 3184 zerfaserten Seelenstimmungen, echt auch in allen seinen Gestalten.
1869 3172 3134 3238 kostet höchste Wonne und tiefstes Unglück aus und steht endlich,
594 3180 1863 3243 Es tritt nicht eine Figur auf, der wir nicht schon in Schnitzlers
1865 3217 3136 3280 geprüft durch die Leiden, vor ihrem Gatten. Er erkennt ihr
607 3229 1869 3297 dramatischen Werken begegnet wären, es taucht auch nicht eine
1873 3247 3138 3332 Schicksal, er grollt ihr nicht, er verzeiht ihr. Jetzt endlich hat
592 3278 1873 3340 äußere Lebenserscheinung vor uns auf, die ihr Schöpfer zu einem
1869 3317 3137 3374 sie sich selbst erkannt, und er, ein neuer Puppenspieler, ist stolz'
609 3325 1862 3383 Symbol zu verdichten sich nicht bemüht. Und dennoch ist dieses
605 3362 3132 3432 stille, anspruchslose Buch in einem besonderen Sinne kein echter darauf, daß er entsagungsvoll #was getan hat, wozu kein Mann
602 3406 3135 3488 Schnitzler. Nicht einer der lebenden großen und kleinen Erzähler vor ihm den Gedanken und die Kraft hatte. Bei ihm ist
592 3461 2852 3534 wählt eine so überraschend, ja wunderlich undramatische Form, der Friede für sie, denn bei ihm ist das Verstehen.
1972 3492 3124 3574 „So sag' du selbst nun, warum ich dich fliehen muß? Ja,
596 3509 1875 3592 wie der Dramatiker Schnitzler in seinem neuesten Buch.
1869 3551 3137 3630 wärst du erschaudert vor dem Hauch der tausend Schicksale, der
600 3559 1868 3629 In den sechs Novellen kommt kein Dialog vor. Nur an einer
1871 3597 3129 3657 um meine Stirn fliegt, so hätte ich bleiben dürfen, und unsere
595 3606 1867 3693 Stelle werden Rede und Gegenrede in direkter Folge gegeneinander
1873 3645 3129 3708 Seelen wären vielleicht ineinandergeschmolzen in der Glut namen¬
601 3661 1863 3719 abgewogen. Da aber geschieht es nur, um die Quintessenz, das
1857 3694 3131 3760 loser Schmerzen. So aber tiefer als vor allen Masken und
595 3712 1867 3766 Resümee, die belehrende Tendenz der Novelle prägnant zusammen¬
595 3765 3138 3812 zufassen. Also auch da sprechen nicht die handelnden Personen, Wundern der Welt graut mir vor der steinernen Fratze deiner
601 3786 2086 3872 sondern der Dichter selbst in einer Maske, die er sich von seinen Weisheit.“
1959 3813 3130 3892 Auch Artur Schnitzler geht es nicht anders wic der Heldin
598 3847 1864 3922 Figuren lieh, zu uns. In der Flut der belletristischen Neu¬
1873 3885 3131 3945 seiner Erzählung. Auch ihm graut vor der Weisheit der Allzu¬
604 3895 1873 3958 erscheinungen eines Jahres gibt es vielleicht nur diese eine, die
1861 3938 3139 3992 klugen, weil Allzukühlen, mehr als vor allen Masken und
602 3938 1876 4014 bewußt jeden Dialog ausschaltet, und dieses eine Buch stammt
1861 3984 3148 4055 Wundern des heißblütigen, stets sich erneuernden, nicht erkannten,
603 3989 1523 4076 von dem Meister des Dialogs, von Schnitzler.
1871 4038 2401 4110 und nie erforschten Lebens.
729 4014 1869 4101 Mit diesem Kuriosum haben sich seine Leser abzufinden. In.
2636 4061 3105 4163 Robert Saudeky
600 4087 1890 4171 übrigen wird ihnen das Buch kaum große Ueberraschungen bieten.
