3296 4352
834 272 1049 342 Nund
427 289 590 348 ken
1029 290 1190 371 P
126 281 889 379 5. Ma. und
651 1281 915 1358 Oroacft
216 1344 1341 1444 Neue deutsche Erzahlungsliteratur.
405 1404 1146 1508 Von Eugen Kalkschmidt (München).
277 1489 1347 1563 Im allgemelnen hat der Leser das Recht, mißtrauisch zu
216 1532 1352 1613 sein, wenn ein Roman im Prosastile den Heldensang zu
218 1588 1344 1653 erneuern bestrebt ist. Mit wenig Worten viel zu sagen, ist
206 1616 1353 1681 die Kunst des Dichters. Aber es ist nicht immer das stärkste
206 1659 1348 1721 dichterische Leben, das mit starken Worten vermittelt wird.
207 1712 1352 1776 Das alte Epos fließt still dahin wie ein tiefer Strom, aber
208 1760 1355 1814 seine Wirkung ist gewaltig und aufrührerisch. Das neue
213 1797 1351 1862 Epos, der moderne Roman, sucht manchmal diese Wirkung
213 1840 1349 1884 dadurch zu erreichen, daß er sie vorwegnimmt, indem er das
216 1884 1341 1955 Gefüge und den Rhythmus der Erzählung in einen gewalt¬
221 1923 1351 1994 samen Aufruhr hineinsteigert. Das ist, sehr häufig wenig¬
215 1982 1343 2039 stens, ein künstlerischer Irrtum; die einen begehen ihn instink¬
210 2032 1358 2086 tiv, weil er ihrer Natur gemäß ist, die andern trumpfen damit
217 2067 1357 2143 auf, um zu zeigen, daß sie auch sowas können; sie spielen sozu¬
214 2112 743 2171 sagen den „wilden Mann“.
283 2144 1345 2198 Bei Walter v. Molo hat man das Gefühl, daß er Welt
205 2184 1341 2253 und Menschen im Sturmschritt packen, sie heroisieren muß,
217 2231 1358 2301 wenn er sie überhaupt anpacken will. So ist auch sein neuer
217 2283 1348 2347 Roman „Wir Weibgesellen“) ganz so stürmisch aus¬
219 2321 1341 2387 gefallen wie wir das von früheren Werken gewöhnt sind.
211 2369 1352 2427 Zwei Männer, Jugendfreunde, Brüder fast, kämpfen um ein
219 2410 1352 2464 Weib. Der eine, der es besitzt und innerlich verloren hat, will
212 2459 1354 2523 es sich zurückgewinnen und erhalten, als der andere auftaucht
215 2493 1351 2560 und ihn den Wert des drohenden Verlustes ahnen läßt. Jener,
213 2542 1345 2583 der Gatte der schönen Ethel, ist Künstler, der sein Talent in
205 2588 1345 2640 Wohlleben verbummelt und in geschäftiger Unrast vertrödelt.
214 2634 1356 2696 Der andere ist Tatmensch; harter Wille, eiserner Verzicht. Wir
210 2668 1342 2739 Weibgesellen, sagt Molo, was haben wir zu wollen! Unser
210 2704 1343 2782 Wille ist das Weib. Wir suchen ihm zu entgehen, sind fertig
207 2763 1357 2824 mit ihm — unversehens hat es uns beim Kragen, unergründ¬
208 2791 1352 2867 lich und unausweichlich wie es nun einmal ist. Auch wenn
205 2848 1350 2908 es eine ganz unnahbare, blasse, stolze und entsagende Frau
212 2879 1358 2952 ist wie diese Ethel. Die unerbittliche Liebe erweist sich stärker
206 2942 1348 3002 als die eiserne Selbstzucht der Entsagung, der gezähmte Eros
214 2979 1347 3033 rächt sich. Molo hat dieses Evangelium schon ein paarmal
214 3026 1350 3083 angeschlagen, dieses Mal mit einem ethisch dumpfen
212 3059 1353 3113 Ausklange, den er diesmal vermieden hat; denn die drei
218 3097 1352 3172 Menschen einigen sich, nach einem wütenden Ringkampfe der
227 3150 1350 3225 Rivalen am Rande des Abgrunds, in Frieden und Freund¬
222 3192 1344 3244 schaft zum gütlichen Vergleich. Das mag nun zwar, bei so¬
224 3238 1355 3312 viel aufgebotener Heftigkeit der Zwangsvorstellungen und
263 3318 900 3395 1) Schuster und Loeffler, Berlin.
1330 259 1780 344 box 35/78
1383 1300 2502 1350 Schicksalsempfindungen, einigermaßen bürgerlich hausbacken
1381 1348 2492 1413 erscheinen. Wennschon elementar, dann auch ordentlich.
1371 1392 2498 1449 Aber ich glaube, da stoßen wir auf den wunden Punkt dieser
1374 1439 2503 1482 ganz konkreten Darstellungsart, die zwar den Leser durch ihr:
1377 1480 2492 1521 vibrierende Kürze und pathetische Entschlossenheit stark betei¬
1367 1513 2496 1578 ligt, zuletzt aber so etwas wie einen leeren Raum erzeugt, in
1376 1563 2495 1633 den man hinaushorcht, ohne daß es klingen will. Und es klang
1371 1598 2488 1668 doch eben noch so stark und voll und heldenhaft. Nämlich so:
1430 1657 2343 1705 Vier Männerbeine kämpfen auf schmalem Band.
1438 1695 2489 1753 Vier Männerbeine flechten sich durcheinander, zerstampfen
1377 1733 2486 1783 gehässig den Grund. Dumpf hallt der Stein. Klaftertief fällt
1372 1780 2160 1826 das Tal. Axel Herre bricht in die Knie.
1435 1822 2483 1877 Zwei Menschen rollen ab, immer schneller und schneller,
1370 1845 2487 1897 haßgefesselt sind sie ein Leib. Franz Eccolo fängt einen Kie¬
1384 1894 2496 1946 fernzweig, zum Riß gespannt hält der die Menschenlast. Franz
1378 1937 1908 1993 Eccolo tritt nach dem Feind.
1428 1976 2485 2039 Mutter, Freunde, Lebenshöhen, Kleinlichkeiten, die
1375 1998 2490 2063 Bauernleiche, sie schießen vor Axel Herres Augen. Wie eine
1382 2049 2495 2126 Vision steht das Weib vor ihm. „Ethel“ verliert er den Schrei.
1382 2091 1940 2150 „Ethel“ kämpft er ums Leben.
1429 2127 2487 2177 Franz Eccolo starrt ihn an, die wütende Faust in des
1370 2165 2485 2234 andern Rock gekrampft. Gläserne Augen jammern zu ihm
1382 2208 2236 2272 empor: „So nahe dem Glück muß ich gehen?“
1443 2247 1992 2299 „Das Glück sollst du haben!“
1424 2293 2487 2346 Franz Eccolo reißt ihn höhnisch zurück, es ist klar in ihm,
1379 2326 2478 2388 er hilft ihm ans Ufer der Erde. Mit keuchender Brust und
1367 2368 2488 2416 geblendeten Augen kriecht ein Mann im Schutt. Sie liegen
1375 2401 2485 2457 stumm und mit schlagenden Flanken. Der Tod hat ge¬
1371 2437 1539 2503 grüßt
1433 2461 2492 2553 Das liest sich nun gewiß recht spannend. Ueberlegt man,
1368 2527 2482 2595 was das Spannende daran ist, so bleibt einem zuletzt nur der
1373 2570 2485 2639 Vorgang selber. Die gespannte, die überspannte Form aber
1369 2607 2490 2678 löst sich in lauter literarische Ornamentik auf. Die ist manch¬
1379 2653 2487 2730 mal originell, manchmal gernicht. „Mutter, Freunde, Lebens¬
1378 2701 2487 2759 höhen, Kleinlichkeiten“ — was sagt denn das? Der Mann,
1373 2750 2488 2809 ein besonderer Mensch nach des Dichters Willen und An¬
1378 2789 2496 2856 weisung, schaut dem Tode ins Antlitz. Er sieht dahinter
1381 2835 2489 2897 „Lebenshöhen und Kleinlichkeiten“, aber wir sehen sie nicht.
1381 2876 2498 2923 Das General-Stimmungsregister des Ertrinkenden oder Ab¬
1371 2924 2489 2989 stürzenden wird gezogen, der Mollton erklingt, aber das Tempo
1369 2963 2485 3013 verlangt einen Galopp über Stock und Stein, über Lebens¬
1375 2997 2496 3072 höhen und Kleinlichkeiten hinweg; einen Galopp, der kein
1371 3040 1733 3104 Verweilen duldet.
1435 3087 2491 3153 Das, was ich unter literarischer Ornamentik
1373 3138 2481 3211 verstehe, möchte ich durch ein weiteres Beispiel aus Molo besser
1375 3174 1544 3230 belegen:
1433 3218 2495 3275 Aufs neue begann die Kirchenglocke ihre dröhnenden
1370 3247 2480 3330 Schläge ins Dunkel zu hämmern. Axel Herre befahl seinem
1377 3313 2480 3361 zwecklosen Denken zu Ende zu kommen und sah auf. bereit,
1360 3346 1959 3411 neue Eindrücke zu empfangen.
2573 1317 3302 1382 Allenthalben ragten drohende Arme in
2517 1342 3300 1405 hausschilder. Das Licht der Schankstuben
2523 1389 3286 1452 die leere Gasse. Hell und hart klangen die
2526 1433 3300 1474 ihr Schall lief plötzlich lautlos in die W#
2522 1470 3283 1527 endeten. Hier standen alte Pappeln, die
2522 1508 3284 1561 das Mondlicht ruhte weiß auf nassen B
2526 1550 3301 1601 ernst sahen die kleinen Fenster einer dur
2513 1579 2599 1624 die
2601 1582 3289 1641 seitab lag, auf ihn. Ein im Geviert
2515 1618 3286 1681 ließ breit und erbgesessen die Landstraße
2585 1662 3290 1733 Er, Axel, begnügte sich also nicht dan
2516 1704 3288 1781 entschlossen ein Ende zu machen, sondern
2522 1745 3284 1825 Ende zu kommen. Das sind Akzentuierung
2523 1807 3257 1859 ohne daß man einsehen könnte, warum.
2525 1849 3287 1905 er, wie die Stelle zeigt, über Impressionen
2521 1884 3302 1943 dringlichkeit, die beweisen, daß er Gesehen
2517 1939 3277 2001 zuformen vermag, wenn er sich Zeit dazu
2578 1979 3270 2047 In die Reihe dieser stürmischen Subje
2519 2012 3285 2092 Carl Hauptmann. Doch ist bei ihm
2520 2075 3292 2140 findung so stark, daß er dem Hange, ornan
2517 2123 3301 2183 fen, nicht nachgeben kann: er erwärmt dem
2513 2160 3302 2220 die Form von innen heraus. Er gewinnt d
2524 2211 3279 2264 Erzählungen „Nächte“') dartun, nicht
2526 2249 3281 2306 Form, aber sie ist konstruktiv stark empfu
2486 2276 3301 2350 durchgeführt. Ein so abgedroschenes Motiv
2525 2341 3280 2392 wechslungsfreudigen Weibes, das an einen
2520 2378 3278 2440 von schwerem Blut gerät und von ihm ni
2519 2419 3282 2480 bekommt bei Hauptmann doch eine richtig
2528 2465 3288 2525 farbe. Die Versuchung eines jungen Prie
2517 2505 3290 2566 derer van Doorn“) entwickelt sich bei alle
2517 2547 3281 2601 zählung nicht ohne innerliche Feinheiten,
2516 2598 3267 2642 trefflicher, ja ein meisterlicher Wurf ist
2521 2636 3290 2697 Popjels Jugend“, Zwei Brüder: Eduar
2517 2684 3272 2729 der Familie, ein künstlerisch begnadeter
2517 2729 3276 2785 Franz, der Gezeichnete, in dem das Leben
2513 2766 3282 2826 und zischt. Eine wirkliche Novelle, weil si
2525 2813 3302 2867 matisches Stück Leben, das noch kein ga
2525 2857 3301 2916 Schicksal ist, sozusagen in den Schnittpunk
2516 2899 3301 2953 lung aufzeigt. Franz, der heimliche Verbre
2512 2935 3300 3000 ter bestiehlt, die Braut des Bruders verf
2525 2987 3293 3038 letzten Augenblick, vor dem Versinken im
2511 3026 3293 3075 findet zu sich selbst — das ist ein Charakter
2525 3077 3291 3126 würdig schillernden Eindringlichkeit, wie ma
2510 3113 3300 3165 ratur nur alle Jubeljahre einmal trifft. D
2516 3164 3288 3210 terisch visionär geschaut, bis in Seelenfalten
2516 3202 3278 3257 nicht erschlossen waren; ein unheimlicher
2515 3239 3300 3306 wie ihn die Gestalten E. Th. A. Hoffman
2575 3347 3074 3427 *) Ernst Rowohlt, Leipzig.
