3392 4352
1366 231 1841 324 box 35/8
891 240 1088 308 Nund
808 243 861 310 1
184 242 957 354 5. Masken und
1064 254 1214 344 Ler
980 987 2470 1052 Schließlich senkt sich die Kurve zu einem solchen Überdrußniveau, daß
927 1056 2467 1126 man stumm und peinlich auseinandergeht. Den Mann schleppt der Führer
918 1110 2467 1161 der Begebnisse in das „wilde Leben“ und beweist dabei, wie das, was der
930 1172 2478 1232 Bürger „Ausschweifung“ nennt, dem Nerven= und Phantasiemenschen
928 1236 2473 1312 durch die bunte Fülle und die Begabung der Partnerin, nach vegekarisch
935 1294 2469 1358 frugaler Zeit für eine Weile Erfrischung und Erquickung sein kann. Flake
934 1355 2472 1412 bleibt aber dabei nicht stehen. Das überwiegend Denkerische seiner Anlage
926 1409 2476 1476 zwingt ihn die vielen interessanten Epigramme zur Psychophysik der Liebe,
925 1478 2482 1533 die im Grunde den Roman bilden, entwicklungsmäßig zu ründen. Und so
937 1538 2473 1598 erzeugt er durch konstruktive Weichenstellung eine Sinnesumwandlung in dem
932 1611 2474 1667 Mann, so daß er auf weiter Reise das Bild der Verlassenen wiedererwachen
940 1664 2478 1737 fühlt, und, bestärkt durch die Schwester, sich mit ihr verlobt, um in einer
936 1733 2467 1791 neuen bindenden Gemeinsamkeit, wirksam lebenstätig zueinander zu reifen.
994 1800 2486 1856 Man versteht wohl den Willen des Verfassers, der seine Geschöpfe
943 1849 2481 1920 „von der Übertreibung der Wichtigkeit des eigenen Schicksals“ zum
937 1906 2481 1957 Allgemeinen führen will und ihnen als Mittel, das Leben sich klar zu
929 1980 2477 2036 machen, vorschreibt, „sich nicht unaufhörlich mit sich selbst zu beschäftigen“.
934 2023 2476 2108 Aber zwingend ist die Beweisführung nicht, und an die Rückkehr Ralphs
933 2107 2488 2167 zu Ilse vermögen gerade die, die für die erste Hälfte des Buches die besten
940 2152 2480 2218 Leser waren, am wenigsten zu glauben, denn sie wissen, und Flake selbst
944 2204 2478 2278 weiß es gewiß auch, daß, so unvergeßbar uns die Frau bleibt, die in unseren
942 2273 2482 2342 Sinnen und unserem Blut gesungen, ebenso fremd und fatal uns die Er¬
944 2349 2480 2403 innerung an die ist, aus der wir nicht das letzte Feuer hinreißend und hinge¬
946 2397 1403 2472 rissen herausschlugen.
992 2471 2485 2529 Doch vieles bleibt uns trotzdem an diesem Buch der Menschlichkeiten, zu
938 2524 2484 2590 dem man sich bekennt und in dem man sich begegnet. Diese Auffassung von
945 2574 2479 2635 der Erregung als der beschwingenden Erhöhung über der Täglichkeit, oder
933 2632 2489 2696 wie es der Bildhauer ungeschminkt ausspricht: „ein großer Künstler braucht
949 2713 2489 2764 mit seinen Liebschaften nicht mehr als ein Schwein zu sein, und doch ist
941 2757 2483 2815 alles nichts als ein Zweck um stärker zu fühlen und alles ist gut, wenn das
1982 2818 2021 2861 7
949 2821 2001 2899 wüste Leben die Kraft nicht bricht, sondern steigert.“
992 2889 2490 2945 Und dann der Wunsch nach der heiteren Unbesangenheit sinnlichen Zu¬
943 2950 2491 3010 sammenklangs, in dem jeder Partner dem anderen freudig und freiwillig
946 3023 2494 3075 dient zu gegenseitiger Beglückung, ohne belastend die Schwerfälligkeiten
951 3069 2489 3133 des gegenseitigen Lebens einander aufzuhalsen, jene Auffassung der Liebe als
950 3140 2492 3194 einer Isola bella neben dem Leben, die der Frau mit ihrem Wunsch nach Tei¬
951 3192 2484 3251 lung, nach dem Legitimen, nach der offiziellen Zweisamkeit immer als eine
941 3243 2494 3316 Art Entsagung erscheint, und die doch gerade durch das Losgelöste von dem
943 3300 2383 3361 Täglichen und Häuslichen, eine längere Illusionierungskraft verbürgt.
991 3356 2493 3437 Nicht das alte Wikinger=Ideal des Frauenraubs und der Überrumpelung
957 3450 2497 3501 regiert hier, sondern das Bekennen zu einem weiteren menschlichen Frauen¬
1113 3545 1286 3640 1322
