3296 4352
1347 238 1789 331 box 35/8
146 263 1063 363 5. Masken und Nund
767 277 1220 365 —
1535 1143 1617 1222 Se
118 1207 633 1263 aßen bürgerlich hausbacken
722 1209 1778 1262 Allenthalben ragten drohende Arme ins Fenster. Wirts¬
656 1242 1776 1299 hausschilder. Das Licht der Schankstuben fiel verächtlich in
117 1253 633 1311 ntar, dann auch ordentlich.
655 1294 1781 1350 die leere Gasse. Hell und hart klangen die einsamen Schritte;
145 1293 633 1353 den wunden Punkt dieser
661 1333 1776 1379 ihr Schall lief plötzlich lautlos in die Weite. Die Häuser
141 1338 632 1398 zwar den Leser durch ihr:
658 1370 1775 1408 endeten. Hier standen alte Pappeln, die versilbert glänzten,
132 1379 631 1444 Entschlossenheit stark betei¬
649 1414 1784 1462 das Mondlicht ruhte weiß auf nassen Wiesen. Freundlich
118 1428 628 1480 n leeren Raum erzeugt, in
662 1447 1782 1485 ernst sahen die kleinen Fenster einer dunkeln Häusermasse,
133 1466 625 1535 klingen will. Und es klang
660 1482 1783 1541 die seitab lag, auf ihn. Ein im Geviert gebauter Bauernhof
119 1513 635 1572 d heldenhaft. Nämlich so:
655 1526 1608 1588 ließ breit und erbgesessen die Landstraße passieren.
144 1558 492 1619 schmalem Band.
719 1570 1786 1618 Er, Axel, begnügte sich also nicht damit, seinem Denken
128 1594 631 1653 durcheinander, zerstampfen
661 1617 1787 1657 entschlossen ein Ende zu machen, sondern er „befahl“ ihm, zu
134 1645 632 1704 der Stein. Klaftertief fälli
653 1653 1786 1706 Ende zu kommen. Das sind Akzentuierungen, die Molo liebt,
127 1680 297 1735 e Knie.
649 1693 1781 1744 ohne daß man einsehen könnte, warum. Sonst aber verfügt
118 1719 631 1777 ner schneller und schneller.
657 1750 1784 1805 er, wie die Stelle zeigt, über Impressionen von lyrischer Ein¬
121 1760 622 1816 unz Eccolo fängt einen Kie¬
653 1784 1778 1842 dringlichkeit, die beweisen, daß er Gesehenes in Erlebtes um¬
124 1804 628 1868 der die Menschenlast. Franz
650 1835 1575 1896 zuformen vermag, wenn er sich Zeit dazu nimmt.
126 1853 632 1939 hen, Kleinlichkeiten, die
710 1887 1773 1953 In die Reihe dieser stürmischen Subjektivisten gehört auch
134 1921 633 1976 Herres Augen. Wie eine
664 1920 1772 1994 Carl Hauptmann. Doch ist bei ihm der Fluß der Emp¬
133 1956 629 2024 thel“ verliert er den Schrei.
656 1979 1774 2041 findung so stark, daß er dem Hange, ornamental auszuschwei¬
655 2021 1784 2066 fen, nicht nachgeben kann: er erwärmt den Stoff und treibt
120 2027 631 2093 die wütende Faust in des
648 2071 1783 2121 die Form von innen heraus. Er gewinnt dabei, wie seine drei
141 2075 632 2138 Augen jammern zu ihm
663 2110 1760 2169 Erzählungen „Nächte“) dartun, nicht immer die „letzte“
146 2113 369 2181 ich gehen?“
658 2146 1776 2203 Form, aber sie ist konstruktiv stark empfunden und kraftvoll
135 2187 623 2249 zurück, es ist klar in ihm,
648 2200 1780 2242 durchgeführt. Ein so abgedroschenes Motiv wie das eines ab¬
132 2239 626 2291 Mit keuchender Brust und
648 2244 1783 2301 wechslungsfreudigen Weibes, das an einen harmlosen Burschen
128 2272 631 2330 nn im Schutt. Sie liegen
663 2288 1772 2339 von schwerem Blut gerät und von ihm niedergeschossen wird,
125 2312 633 2387 nken. Der Tod hat ge¬
653 2325 1773 2384 bekommt bei Hauptmann doch eine richtige gesunde Lebens¬
660 2372 1783 2426 farbe. Die Versuchung eines jungen Priesters („Ein Später
131 2376 626 2459 spannend. Ueberlegt man,
662 2413 1785 2469 derer van Doorn“) entwickelt sich bei allem Tempo der Er¬
133 2438 632 2500 bleibt einem zuletzt nur der
654 2458 1773 2515 zählung nicht ohne innerliche Feinheiten, und ein ganz vor¬
131 2487 637 2537 die überspannte Form aber
655 2507 1783 2559 trefflicher, ja ein meisterlicher Wurf ist die Novelle „Franz
128 2517 637 2587 mentik auf. Die ist manch¬
660 2548 1775 2592 Popjels Jugend“ Zwei Brüder: Eduard, der gute Engel
135 2574 623 2619 „Mutter, Freunde, Lebens¬
657 2590 1775 2642 der Familie, ein künstlerisch begnadeter guter Junge; und
123 2604 638 2673 gt denn das? Der Mann,
662 2617 1782 2687 Franz, der Gezeichnete, in dem das Leben phantastisch flackert
129 2653 625 2715 Dichters Willen und An¬
655 2673 1786 2726 und zischt. Eine wirkliche Novelle, weil sie ein ganz proble¬
130 2692 629 2757 Antlitz. Er sieht dahinter
662 2717 1782 2765 matisches Stück Leben, das noch kein ganzes geschlossenes
136 2741 633 2800 aber wir sehen sie nicht.
660 2768 1788 2815 Schicksal ist, sozusagen in den Schnittpunkten seiner Entwick¬
126 2787 632 2847 des Ertrinkenden oder Ab¬
659 2804 1775 2859 lung aufzeigt. Franz, der heimliche Verbrecher, der die Mut¬
134 2827 639 2880 n erklingt, aber das Tempo
653 2838 1773 2894 ter bestiehlt, die Braut des Bruders verführt, und noch im
134 2871 639 2930 und Stein, über Lebens¬
658 2888 1776 2949 letzten Augenblick, vor dem Versinken im Schlamm, zurück¬
161 2912 636 2975 einen Galopp, der kein
664 2930 1772 2986 findet zu sich selbst — das ist ein Charakter von einer so merk¬
660 2981 1776 3027 würdig schillernden Eindringlichkeit, wie man ihn in der Lite¬
136 2986 640 3052 rischer Ornamentik
662 3017 1772 3078 ratur nur alle Jubeljahre einmal trifft. Die Gestalt ist dich¬
136 3051 634 3111 es Beispiel aus Molo besser
663 3064 1774 3113 terisch visionär geschaut, bis in Seelenfalten hinein, die so noch
656 3098 1787 3152 nicht erschlossen waren; ein unheimlicher Zauber umweht sie,
125 3114 634 3196 chenglocke ihre dröhnenden
665 3151 1784 3208 wie ihn die Gestalten E. Th. A. Hoffmanns an sich tragen.
140 3176 639 3242 Axel Herre befahl seinem
134 3216 631 3280 mmen und sah auf. bereit,
731 3254 1225 3330 *) Ernst Rowohlt, Leipzig.
1806 1229 2936 1282 Nur daß dort, wo Hoffmann sich ins Gespenstische hinein¬
1802 1270 2939 1324 phantasiert, bei Hauptmann immer noch zuverlässige seelische
1806 1312 2938 1363 Realität bestehen bleibt. Dabei vollzieht sich alles inmitten
1800 1356 2929 1397 einer bürgerlich bräven Gegenwart und wirkt nicht anders,
1817 1397 2936 1440 wie wenn eine kundige Geisterhand den Vorhang irgendwo
1808 1437 2940 1505 fortzöge, wo kaum jemand einen Vorhang vermutet hätte.
1813 1481 2927 1555 Kann es einen besseren Beweis für die dichterische Kraft ur¬
1806 1518 2403 1593 sprünglicher Gestaltung geben?
1866 1581 2936 1642 „Abwechslung ist die Seele des Lebens,“ schreibt Bis¬
1805 1629 2938 1675 marck einmal. Darum mag es nicht uninteressant sein, im
1811 1672 2930 1729 vollen Gegensatz zu diesem gesteigerten Stil und Rhythmus
1802 1711 2931 1764 der modernen Erzählung einen Poeten zu betrachten, der die
1805 1756 2943 1813 altfränkische Ruhe und Beschaulichkeit selber ist. Ich meine
1802 1795 2930 1861 den Grazer Wilhelm Fischer, dessen Roman „Der Traum
1811 1842 2926 1906 vom Golde“) eigentlich die Forderung nach der Verhalten¬
1805 1881 2935 1946 heit der epischen Affekte restlos beantwortet. Hier ist alles
1813 1931 2928 1994 still und klar und wohlgeordnet wie ein erster Schöpfungstag.
1801 1975 2921 2023 Und es ist nur gut, daß mir gerade dieses geruhsame Buch
1802 2014 2934 2074 rechtzeitig in die Hände fiel, um mich vor den kritischen Kon¬
1815 2057 2846 2125 sequenzen der eingangs betonten Anschauung zu warnen.
1865 2119 2936 2175 W. Fischer erzählt die Geschichte eines Mannes, der drauf
1802 2162 2927 2201 und dran ist, am Leben zu verzagen, bis ihn der Himmel recht¬
1806 2201 2940 2256 zeitig auf den Gedanken bringt, der Erde ihre Schätze zu
1801 2235 2934 2307 entreißen. In den steirischen Bergen steht das verlassene Berg¬
1807 2294 2932 2344 werk, das Oswald mit neuem Mute und junger Kraft angreift,
1805 2333 2937 2389 und der „Traum vori Golde“ wird greifbare Wirklichkeit. Nun
1810 2376 2923 2430 gewinnt auch die Liebe einen sicheren Heimatsboden, die Freude
1805 2423 2947 2483 der Arbeit macht Oswald vollends glücklich, und der Leser
1802 2464 2935 2521 verfällt in bange Zweifel, wie denn ein so gerechtes und wohl¬
1806 2502 2928 2564 geordnetes Dasein noch in weitere Konflikte geraten könne, die
1814 2552 2929 2616 eine Schilderung lohnen. Aber der Verfasser läßt nicht um¬
1803 2587 2928 2642 sonst zwei schöne und sinnige Frauengestalten an seinen Helden
1813 2637 2937 2697 herantreten. In einer schwülen Johannisnacht versieht er sich
1814 2683 2929 2753 denn auch, und der Himmel straft den Sünder ungesäumt durch
1815 2721 2459 2777 einen Bergsturz samt jachem Tode.
1861 2772 2938 2839 Man sagt von dieser Handlung das Beste, wenn man ihr
1812 2825 2936 2874 nachsagt, daß Adalbert Stifter sie erfunden haben könnte.
1814 2863 2940 2917 Wie denn Wilhelm Fischer überhaupt, in seiner geistigen Ge¬
1814 2911 2926 2968 samterscheinung, ein jüngerer Bruder des Hochwalddichters ist.
1806 2955 2936 2993 Einer, der es eigentlich nicht begreift, und dem es wehtut, wie
1810 2997 2940 3053 die Menschen nicht nur wacker und hochgemut handeln mögen;
1810 3036 2935 3087 dessen tiefster Herzschlag im Einklange steht mit dem erquicken¬
1808 3085 2925 3125 dem Atem der großen Natur. Hier, in der Schilderung der
1805 3107 2941 3179 Landschaftsstimmungen, in eingestreuten Mären und volkstüm¬
1806 3171 2932 3243 lichen Sagen des Gebirges, ergeht sich Fischer gern und aus¬
1855 3247 2391 3321 3) Geora Müller, München.
