3344 4352
1372 242 1812 337 box 35/8
869 255 984 322 Wu
166 253 1205 357 5. Masken und nder
893 953 2417 1030 spielerei stets situationsecht. Und er hat die sicher verbürgten Instinkte, daß
886 1011 2427 1069 er durch viele Verwandlungen und gelegentlich auch durch die Niederungen
882 1072 2424 1135 des „Schlammpfades“ gehend, keinen Schaben an seiner Seele nimmt und
893 1151 2424 1213 sein Zartgefühl behält und seine leise weiche Hand. Und er, den der weib¬
884 1208 2427 1272 liche Spießer vielleicht einen „Schuft“ nennen darf, bringt als Vertrauter
880 1265 2428 1337 der Frau eine empfänglichere verstehendere Resonanz entgegen als der mono¬
881 1318 1308 1396 game Bonhomme.
945 1389 2427 1445 Musikalisch klingt dies Buch und mit Worten weiß es die unendliche
885 1451 2426 1506 Melodie sehnsüchtiger Spannungen, die erlösenden Harmonien starker Er¬
889 1501 2434 1573 füllungen und die dunklen wie schwere Tropfen fallenden Tristitien — il
881 1577 2434 1643 pluie dans mon coeur — trostloser Stunden der Unwiderbringlichkeit in
889 1624 1441 1705 unser Gefühl zu bringen.
943 1670 2434 1749 Es weiß um den leifesten Hauch der Erotik wie um die derbste Umarmung
885 1741 2428 1816 mit klammernden Organen, wenn es gilt die Seele durch die Sinne zu
890 1814 2031 1887 heilen oder wenigstens zu betäuben und still zu machen.
946 1859 2425 1927 Es weiß um die überrieselnden Schauer kaum merkbarer Annäherung
885 1939 2426 1995 im Dunkel einer Loge, — und auf der Bühne spielt die unerbittliche
885 1995 2430 2058 „Amoureuse“ des Porto=Riche — um die vibrierende Erwartung, die aus
881 2052 2418 2118 zwei nebeneinander liegenden Händen spricht, um die Nervenmagie der doigts
890 2104 2423 2175 libertins, wenn das „Entzücken den Arm hinaufkriecht“ bis zu dem viel¬
891 2169 2428 2247 geliebten dunklen Schatten der Achsel, den schwarzen Chrysanchemen; es
891 2225 2432 2283 weiß um das stärkste Entzücken des Mannes, ein sonst kühl und spöttisch
888 2290 2431 2367 überlegenes Frauenauge in flirrendem Glanze schwimmen und unsäglich
900 2359 1255 2430 brechen zu sehen.
946 2417 2418 2483 Vom Leidenmachen und vom Leiden handelt das Buch, von dem be¬
893 2487 2434 2544 glückenden Aufschwung und von dem Absturz ins Leere. Der unbekümmerte
887 2529 2426 2598 Genießer, der die Frauen feiert, wie sie fallen, erlebt seine wunderbarsten
886 2599 2442 2671 Erschütterungen an einer Frau, die durch die ewige Unsicherheit des Besitzens
901 2663 1538 2730 seine schmerzlichste Qual wird.
956 2706 2433 2783 Oft Erlebtes oft Geschildertes bekommt hier eine solche Intensität der
894 2774 2433 2843 Vergegenwärtigung, eine solch leidenschaftlich wehe Übertragungsfähigkeit,
890 2849 2425 2914 daß Situation und Zustand, ebenso wie immer wieder im Leben, neu und
891 2897 2443 2973 unerhört werden und dem Empfänglichen das Echo eigener Erinnerung
888 2975 2442 3029 wecken, Furcht und Mitleid. Alles klingt hier wieder: das Tiefbedrängte,
897 3017 2423 3091 Totmüde, Abgehärmte leerer Tage der Entfernung ohne Nachricht; das
887 3098 2424 3145 peinigende Gefühl rettungsloser Fremdheit, wenn die Geliebte unter Men¬
895 3141 2433 3208 schen, in der Gesellschaft plötzlich unerreichbar scheint und man an dem Be¬
890 3198 2437 3270 sitz und der schrankenlosen Vertrautheit der Körper irre wird; das fast
899 3284 2456 3330 Schmerzhafte des Genießens nach dem Entbehren, wenn die verquälten
891 3327 2107 3383 Nerven sich nicht sogleich zur Freude aufschwingen können.
956 3402 2449 3459 Und endlich der Ausgang, da alles unhaltbar den Händen entgleitet, da der
1073 3484 1239 3586 1324
