3296 4352
123 273 205 347 5
833 264 937 339 Wu
1319 253 1789 353 box 35/8
632 276 702 338 UI
201 270 1156 368 Masken und lunder
638 981 2185 1050 recht, der moralische Respekt vor dem fröhlichen Mut des Mädchens, das seinen
648 1052 2185 1116 Schritt wagt, ohne den Mann durch das „NRicht doch“ und die Tränen ab¬
644 1110 2187 1181 zukühlen. Je besser der Mann geartet, um so mehr wird ihn die Freiwillig¬
643 1166 2183 1222 keit ohne falsche Scham entzücken, und das schnelle Ergeben wird ihm nicht
639 1218 984 1294 niedrig dünken.
685 1287 2185 1346 Flake spricht diese Männergedanken aus, er versetzt sich aber auch einsich¬
636 1346 2178 1399 #tig in die Verfassung der Mädchen, in ihre Schwierigkeiten und Hemmun¬
641 1422 2178 1478 gen. Seine Charakteristik der Ilse, die durch die Aufregungen der Phan¬
630 1468 2180 1515 tasie gegangen, nach der schon manche Begehrlichkeit. gelangt, und die doch
644 1530 2196 1577 immer vor dem letzten zurückschreckte, bis sich mit Ralph ihr Maß erfüllt,
641 1588 2186 1644 ist sehr aufschlußreich. Und die Moral davon ist, daß wohl niemals ein
631 1644 2174 1706 Mann eine Virginität allein bezwingt, daß dazu immer Schrittmacher ge¬
637 1715 2187 1775 hören, Vorläufer, die den Boden bereiten; und eines Tages, wenn sie reif,
644 1772 2190 1832 fällt sie dem in den Schoß, der vorübergeht, und der ist meist sehr stolz,
639 1842 2182 1909 und ahnt nicht, daß er nur den Schlußpunkt zu einem schon lange wallen¬
640 1885 1099 1969 den Rhythmus setzt.
644 2008 2179 2085 (Oiese Geschichte der Erregungen hat in ihrem Betrachten und Darstellen
680 2054 774 2148 C
761 2079 2186 2160 ein intellektuelles Klima, eine kühle Distanz. Das Stendhalsche
640 2138 1976 2207 Chaudfroid, von heißen Dingen temperiert zu reden, steckt darin.
686 2198 2176 2261 Ein anderes Buch des Genießens ist schmeichlerischer, voll weiblicher
634 2264 2185 2335 knisternder Nervenvibrationen; mehr Frissons schwingen darin als daß
647 2314 2183 2376 formulierte Beobachtungsgedanken über das Auf und Ab der Liebeskurven
630 2380 2198 2462 verzeichnet werden und doch gibt es indirekt durch die flirrende Spiegelung
635 2440 2088 2491 eines sensibeln erotischen Temperamentes eine Education sentimentale.
691 2514 2178 2577 Das ist der für mich so außerordemtlich lockende Roman Bernards
637 2558 2187 2624 Versuchung von dem Schweizer Dichter Alexander Castell (München,
644 2612 2183 2705 Albert Langen), dessen künstlerische Fingerspitzen in der Behandlung der
640 2694 2185 2766 Bijoux indiscrets sich kennerhaft und verführerisch schon in einigen feinen
639 2740 1040 2816 Novellen erwiesen.
699 2802 2177 2876 Aus Schnitzlers „Weitem Land“ kann man das Motto für den hier be¬
627 2879 2104 2943 handelten Bezirk des Daseins nehmen und es heißt: „Ihr, Ihr“ ...
693 2925 2171 2988 Ein junger Mensch — er hat keinen anderen Beruf als sich zu erleben
631 2989 2173 3048 und der Ort der Tat ist Paris — sieht die Frauen an, ihrer zu begehren,
639 3057 2169 3117 und er ist dabei kein Verführungsprofessional, kein Sportsmann mit dem
639 3118 2177 3171 Ehrgeiz der möglichst großen Strecke, sondern ein Zärtlicher, von jeder
629 3171 2168 3246 Frauenatmosphäre leicht Umstrickter und in jeder Situation Neuer. Einer
633 3241 2178 3317 von denen, die bei aller Virtuosität das Knabenhafte behalten, und zu dem
625 3294 1367 3367 die Frauen so gern my boy sagen.
689 3348 2185 3416 Freilich untreu und wechselnden Launen des Notre Coeur folgend, in
630 3417 2182 3505 vielseitiger gleichzeitiger Reigung, aber ohne Trug und ohne kalte Schau¬
1856 3531 2023 3616 1323
