3344 4320
821 247 902 323 W
1310 241 1797 342 box 35/8
657 263 742 325 In
122 254 1215 366 5. Masken und Junder
1515 718 1795 811 Cque.
244 743 1450 850 die eine kundige Hand vorher der Wald und Feld ver¬
1522 751 2598 845 Kimme. Auch ein Schnitzeljager. Dus komm.
2568 778 3316 861 mann! Hier — wünscht ein und
259 789 1444 894 streut hat, wo das Gelände am schwierigsten ist. Alle
267 843 1642 932 Reiter machen die äußersten Anstrengungen, jagen ihre davon!
1451 894 3314 998 zug, teilnahmsvolle Händedrücke empfangend und er=] Leben lockt. Vielgestaltig sind i
2615 933 3322 1013 Helfer bei manchem Bresthaften
1448 959 2623 1039 widernd, und einen faden Geruch von Karbol und
2625 983 3318 1064 Chirurgen, der kühl entschlossen mn
1449 1001 2617 1084 Blumen in der Nase. Erst allmählich gelingt es ihm, sich
520 955 1196 1104 Literaturblatt.
2615 1037 3319 1109 hantierte, bald als einem Konsiliar##
1447 1071 2607 1136 das Bild seiner Gattin ins Gedächtnis zurückzurufen, an¬
2621 1081 3321 1155 Leid, der aufmerksam den dumpfel
1448 1089 2616 1184 fangs freilich wieder nur das Bild eines Bildes, das gold¬
2616 1137 3308 1194 pochenden Herzens lauschte. Und
1457 1140 2618 1235 gerahmte Porträt im Salon, dann ihre blühende Er¬
331 1130 1419 1245 Das neue Buch von Arthur Schnitzler.—
2608 1173 3311 1241 Dichter, um den wilde Erlebnisse
1455 1187 2612 1271 scheinung, wie sie an seiner Seite in der Loge eines
2613 1223 3308 1298 nachdenklichen Filippo Loschi ang
273 1216 1450 1323 (Masken und Wunder“, Novellen von Arthur Schnitzler,
1458 1237 2626 1322 Theaters gethront hatte, „den Blick auf die Bühne ge¬
2625 1271 3321 1329 anderen leichtsinnigen aus dem
602 1279 1149 1355 S. Fischers Verlag, Berlin.)
1456 1271 2613 1367 richtet und innerlich fern“, dann sieht er sie sehnsüchtig,
2617 1320 3320 1378 Aerzte bei Schnitzler sind oftmals
1447 1335 2612 1426 heiß und begehrend, und dann wieder nervös und weiner¬
637 1333 1085 1426 Von Paul Zifferer.
2624 1364 3317 1444 die Dichter Träger der Handlung
1453 1369 2618 1469 lich, und dann geängstigt am Bett des kranken Kindes,
366 1376 1446 1475 Im Mittelpunkt dieses neuen, schönen Novellenbandes
2839 1400 3331 1486 etwas erleben zu kön
2618 1417 2853 1485 sein, um
1453 1416 2618 1508 und schließlich bleich mit schmerzlich heruntergezogenen
3170 1458 3279 1514 Die
2852 1455 3150 1522 eindringlich.
2612 1461 2859 1526 Schnitzler
277 1450 1449 1530 von Arthur Schnitzler steht eine Erzählung: „Der Tod des
1453 1458 2629 1557 Mundwinkeln, kühle Schweißtropfen auf der Stirn. Und
2625 1496 3321 1579 eigentlich Puppenspieler, sonder
280 1482 1456 1594 Junggesellen“ überschrieben; von einem Manne berichtet
1453 1507 2628 1608 er weiß nicht, welcher von all diesen Erscheinungen er
3204 1552 3327 1612 An
295 1540 1456 1637 sie, der einsam stirbt, keine Frau, kein Kind klagt um
2623 1542 3195 1625 mit denen gespielt wird;
1448 1558 2619 1659 zürnen soll, welchem von diesen Bildern, diesen Phan¬
2617 1587 3321 1655 wie der junge Medardus. Glei
282 1582 1447 1693 ihn. Den Toten zu beweinen, eilen nur wenige Freunde
1451 1610 2621 1702 tasien! Ohnmächtig ist sein Haß, seine Beschämung, sein
285 1617 1454 1719 herbei, alle mitten in der Nacht aus ihrem behaglichen
2628 1648 3324 1711 hier zum erstenmal alle diese Gestal
2004 1654 2630 1730 Das ist alles meisterhaft dar¬
1461 1672 1946 1753 Zorn suchen ins Leere.
287 1675 1455 1778 Heim gerissen, der eine Witwer, die anderen alle glücklich
2624 1683 3327 1765 tionen, trotz ihrer packenden Gegen
1466 1707 2623 1786 gestellt, mit strenger Ruhe: neben dem Kaufmann der
291 1715 1467 1819 verheiratet. Und an diesen Frohen Geselligen nimmt der
2627 1728 3315 1806 gar keine besonderen Namen ihr
1462 1747 2622 1832 Arzt, dem Bitterkeit in seiner Seele aufsteigt, gleich wie
291 1752 1468 1861 Tote grausam Rache, über das Grab hinaus, für die
2629 1782 3332 1847 ganz kurz: der Junggeselle, der Ka
1461 1794 2625 1888 er von des Freundes Erkrankung hört. „Es war weniger
288 1815 1463 1912 freudlose Einsamkeit seines grausam verkürzten Daseins.
2631 1826 3326 1908 Dichter. Hinter diesen Gestalten er
1466 1846 2634 1930 Schmerz, daß er vielleicht bald einen guten, alten Freund
298 1852 1459 1960 Ein Brief liegt bereit, vor neun Jahren schon nieder¬
2618 1886 3321 1952 Weltordnung. In einer Novelle
1461 1887 2629 1973 verlieren sollte, als peinliche Empfindung, daß sie nun so
2631 1915 3323 1997 von dem Helden gesagt, es falle i
288 1908 1467 2005 geschrieben. „An meine Freunde“ heißt es auf dem Um¬
1469 1936 2633 2029 weit waren, sie alle, die noch vor wenigen Jahren jung
298 1959 1465 2060 schlag, und „An meine Freunde“ beginnt der Tert; dann
2624 1968 3320 2041 eines Individuums zu, sondern di
1467 1979 2636 2096 gewesen.“ Jetzt, da ihm droheno das Geheimnis des toten
2634 2021 3326 2087 Anmerkung könnte man zu allen
299 1994 1460 2098 aber steht es schwarz auf weiß bescheinigt, erschreckend klar,
1467 2030 2628 2113 Freundes entgegentönt, muß er an sein behagliches Heim
294 2037 1469 2146 unheimlich: „Es war ein Verhängnis, meine Lieben, und
2637 2056 3326 2134 machen, das ganze Dasein scheint
1472 2079 2632 2162 denken, und die Worte des Toten „scheinen ihm nicht so
1354 2095 1473 2163 ge¬
2639 2118 3328 2182 menten nach aufgelöst, ihre Mischu
299 2102 1378 2207 ich kann's nicht ändern. Alle eure Frauen habe ich
1471 2124 2636 2207 sehr unwahr, als von einer rätselhaften, ja erhabenen
675 2144 1464 2220 Unwillkürlich muß man da an eine
2639 2154 3332 2235 Und deutlich erscheinen uns au
293 2178 567 2254 habt. Alle.
1468 2187 2637 2263 Unwichtigkeit“. Das alles hat er längst gewußt oder doch
2640 2200 3325 2267 wieder als Elemente ihres Schöpf
288 2185 1473 2300 andere frühe Arbeit Arthur Schnitzlers denken, „Ein
1473 2214 2633 2315 geahnt, oder seine Frau hat es ihm gestehen wollen und
2643 2254 3324 2327 seines Wesens — der Junggeselle
298 2251 1466 2332 Abschied“ benannt; jene wunderbar innige Novelle ent¬
1464 2251 2647 2343 er hat ihr Geständnis verschmäht — er weiß es selbst
2633 2296 3325 2365 und alle die anderen — metallene
297 2282 1477 2366 hielt nämlich das Gegenspiel zu der neuen, vielleicht noch
1469 2310 2634 2397 nicht mehr, so ferne liegt es ihm, verliert sich im Nebel¬
2635 2345 3320 2408 einer besonderen Farbe seines Wes
289 2327 1468 2433 knapperen, präziseren Erzählung: vor dem Tod des Jung¬
1478 2364 2635 2447 haften. Und neben dem Arzt der Dichter, der das häß¬
2632 2384 3332 2468 stimmt, seltsam verschieden und zu
303 2375 1471 2485 gesellen hat Schnitzler den Tod der geliebten Frau ge¬
1475 2406 2634 2494 liche Blatt in die Brusttasche schiebt; wohlverwahrt und
2636 2441 3336 2514 getreu sein Bildnis wirkend, Darun
307 2422 1483 2533 schildert. Eines Tages fehlt sie beim Stelldichein, durch
1472 2451 2643 2549 versiegelt soll es die Gattin in seinem Nachlaß finden.
2638 2492 3330 2571 einander so eigensinnig zu wider
296 2478 1481 2552 einen Zufall nur erfährt der Freund von ihrer Er¬
1480 2489 2651 2595 „Mit der seltenen Einbildungskraft, die ihm nun einmal
307 2523 1479 2619 krankung, er kann sie nicht besuchen, ihr kein Wort der Liebe
2633 2532 3325 2612 doch ihr Handeln so wunderbar
1476 2538 2640 2626 eigen war, hörte er sie schon an seinem Grabe flüstern:
2646 2583 3331 2669 von einem starken Fühlen, einen
302 2560 1490 2679 mehr sagen, und erst wie sie tot auf der Bahre liegt, ge¬
1476 2592 2648 2677 Du Edler... Großer. ...“ Und so liegt gerade darin eine
304 2618 1472 2711 lingt es ihm, sich fremd unter fremde Menschen zu mengen,
2645 2641 2869 2714 getragen.
1482 2639 2642 2725 kluge, dichterische Feinheit dieser Erzählung, daß nicht der
306 2673 1473 2753 die das Sterbezimmer betreten. Aber „ihm war, als dürse
2718 2661 3329 2759 Der neue Novellenkranz von
1482 2686 2647 2772 Betrüger recht behält, sondern der Betrogene, nicht der
303 2708 1479 2820 er nicht trauern wie die anderen, als hätte ihn seine tote
2635 2734 3334 2791 das Leben selbst, sondern das Pr
1479 2736 2639 2823 Junggeselle, sondern der Gatte. Der Einsame bleibt ein¬
310 2774 1333 2857 Geliebte davongejagt, weil er sie verleugnet“...
2644 2769 3345 2846 wirkliche Leben dünkt uns abgerü
1489 2779 2643 2874 sam im Tode, wie er es im Leben war, einsam und ge¬
403 2804 1486 2911 Zur Zeit, als Schnitzler jene frühe Novelle schrieb,
2645 2824 3323 2894 gehalten. Alle diese Erzählungen
1483 2829 2636 2911 prellt. In seinem kleinen, erbärmlichen Haß glaubte er,
313 2858 1494 2951 hat ihn Ludwig Speidel einmal den Junggesellen unter
2644 2871 3330 2956 sanften, zarten Märchenton, wie
1493 2891 2646 2962 das Leben seiner Freunde zu vergiften, er, der Sterbende;
2652 2922 3337 2993 hindurch folgen wir den Geschehni
300 2910 1487 3007 den Dichtern genannt, seine Menschen sprachen eine
1480 2924 2645 3001 aber das stärkere Leben triumphiert, er war ein Eindring¬
2662 2971 3328 3036 lebnisse sind es, die zauberhaft, wil
304 2954 1483 3060 neue, kühne Sprache, sie standen jeder für sich,
1486 2977 2290 3061 ling, man hat ihm die Tür gewiesen.
2652 3011 3318 3089 Hirtenflöte, die schöne Dionysia i
313 3011 1489 3103 sie hatten für niemanden anderen einzustehen, auf
1569 3011 2655 3102 Die Erzählung vom Tode des Junggesellen, vor einigen
2658 3065 3333 3138 sie steigen aus ihren geheimen Wün
312 3071 1492 3140 ihren Schultern ruhte keinerlei Verantwortlichkeit. Seither
1484 3076 2652 3157 Jahren schon entstanden, knüpft das Band zwischen dem
2656 3108 3331 3186 der Sterndeuter, Dionysias Gatte,
312 3097 1494 3204 hat sich Schnitzler im starken, gefestigten Ehestand der
1495 3137 2659 3205 vorstürmenden Werk des jungen Dichters Schnitzler und
2656 3142 3323 3238 gelingt, die Riegel ihrer Seele zu
321 3150 1486 3236 Kunst eingerichtet, seine Gestalten sind tief im Leben ver¬
1479 3168 2663 3246 der gereiften Kunst des Meisters. Wir kennen die Gestalt
2654 3200 3336 3276 kaum eingestandene Sehnsucht gre
320 3198 1489 3292 ankert, ihr Schicksal scheint dauernd an fremde Schick¬
1499 3201 2656 3296 des Witwers, dem sich erst im Augenblicke, da seine Ge¬
2649 3244 3341 3327 hafte Lockung wird zum Ereign
322 3242 1491 3329 sale gekittet. Mit wenigen knappen Strichen gezeichnet,
1497 3262 2654 3355 fährtin für immer Abschied nimmt, deren wahres Wesen
2652 3292 3340 3372 Puppenspieler, dem das eigene Spi
322 3288 1491 3389 stehen die drei Freunde in der neuen Erzählung Schnitzlers
1490 3315 2662 3392 entschleiert, der besitzen lernt, da er verliert. Wir kennen
2653 3344 3334 3412 Dionysia ist eine Dichterin, die, v#
331 3359 1506 3424 vor uns, der Kaufmann, der sich zuerst durchaus nicht
1499 3360 2660 3437 auch den Arzt, dem Betrug und Haß und Rache so
325 3386 1497 3479 seiner toten Gattin entsinnen kann, der sich immer nur
1500 3385 3339 3483 lächerlich unwichtig erscheinen, wenn einer auf der Bahre freit, ihr Leben ins Ungemessene stei
322 3445 1516 3521 selbst im Licht eines grauen Morgens zwischen den
317 3440 3328 3598 Pfosten einer ausgehängten Tür sieht, im schwarzen An= liegt und draußen vor den dicht verhängten Fenstern das! Dramatiker gerne am Spiel im
2369 3500 3290 3723 Aled iure Vund 10
