3344 4352
1325 265 1785 354 box 35/8
132 266 1168 379 5. Masken und Nunder
1637 880 1709 981 77
1787 803 2302 1018 . 1
1226 967 1738 1075 Bücher der Liebe
1980 1001 2099 1166 %
1190 1073 1776 1170 von Felix Poppenberg
811 1176 2264 1244 on der Vermessenheit, des Lebens ungeheure Fülle, das Hin= und
808 1258 2263 1350 Widerspiel von Millionen Kräften im „hohlen Spiegel einer Formel
723 1282 792 1347 *
853 1318 2253 1368 einzufangen“ handelt die Eingangsgeschichte des neuen Novellen¬
701 1374 1324 1448 reigens Arthur Schnitzlers“.
753 1427 2249 1500 Und er selbst gleicht jenem unersättlichen Sternenleser, der in der bösen
706 1492 2249 1574 Lust des Wissens, eine Seele in unbegrenzte Weiten hetzt, um alle ihre Mög¬
698 1563 2249 1615 lichkeiten zu erkunden. Des Dichters Observatorium aber steht höher als
700 1624 2251 1691 die Warte des Magiers Erasmus. Er spiegelt, doch er sormuliert nicht.
698 1683 2256 1739 Er läßt die Masken und Wunder seiner Lebens= und Schicksalsstücke in
697 1744 2246 1803 ihrer eigenen Zunge reden, und auch über dem Unerhörtesten schwebt ein ruhe¬
709 1804 2258 1858 voll gelassener Blick, der ebensogut große Überlegenheit wie erfahrungs¬
723 1865 1274 1935 schwere Demut sein kann.
760 1917 2240 1994 Man glaubt dabei weniger Erzählungen mit der Illusion des Geschehen¬
715 1998 2254 2055 seins zu lesen, als die Aufzeichnungen eines psychologischen Alchymisten über
715 2051 2252 2108 seine experimentell geschaffenen Abenteuer mit Menschenseelen; man hat die
712 2113 2255 2174 Vorstellung von imaginären Begebenheiten aus dem Laboratorium des
711 2174 2250 2239 Paracelsus. Und wenn es auch alles sehr sonderliche Fälle sind, pendelnd
706 2235 2241 2295 zwischen ungewöhnlichem Leben und seltsamem Tod, Berichte über Gedanken¬
706 2304 2243 2367 vergiftung, Marionettenspiele des Gefühls, Transsubstantiationen der Ein¬
706 2347 2251 2430 bildungskraft, Durcheinander von Wahrheit und Lüge bis zum Mord, so
708 2432 2251 2489 hat man doch nicht den Eindruck, daß es hier dem Dichter darauf ankam,
709 2486 2253 2552 das Rare des merkwürdigen Geschehnisses besonderer Individuen vorzuführen,
714 2539 2262 2602 sondern es scheint immer, als ob eine hellsichtige Provhetie Ausblicke in
706 2597 2252 2684 das Land der Seele gibt von allgemeinerer Gültigkeit, Ausblicke in Mög¬
698 2657 2281 2723 lichkeiten, die jeden Tag zwischen entsprechend gearteten Wesenheiten sich er¬
711 2716 1022 2792 füllen können.
764 2779 2234 2845 Hierin, in dieser reifen Fernsicht, die das Sonderliche unbeirrt und unver¬
708 2837 2248 2912 wirrt in den Zusammenhang und in die Gebundenheit des Typischen ein¬
706 2903 2246 2968 ordnet, möchte ich die geistige Bedeutung dieser Rovellen sehen. Und ihre
700 2976 2238 3035 künstlerische darin, daß sie dies Verkündigende nicht absichtsvoll mit Redner¬
709 3032 2243 3097 gebärde und Sprechergewicht zur Schau tragen, sondern scheinbar nur gut
714 3086 2253 3154 und fesselnd erzählen wollen. Wer aber hellhörig zugehört hat, weiß dann
708 3158 2249 3225 nicht nur was diesen Arzten, Dichtern, Kaufleuten, lebendigen und toten Ver¬
698 3218 1918 3284 liebten begegnet ist, er weiß vor allem mehr von sich selbst.
768 3259 2246 3315 Solche Bereicherung bringt auch die sichere und unerschrockene Aussprache
715 3326 2251 3390 des Buches eines jungen Elsässers, Okto Flakes „Schritt für Schriet“. Von
1098 3420 2117 3520 ler, Masken und Wunder. Berlin, S. Fischer, Verlag.
844 3422 1105 3541 Trihir Sauii
743 3463 842 3540 —
879 3539 1047 3615 1320
