3296 4320
1269 256 1737 363 box 35/8
791 262 953 341 Wun
68 269 1130 386 5. Masken und Junder
697 816 893 908 11e.
88 814 557 914 Wald und Feld ver¬
625 856 1710 943 Kimme. Auch ein Schnitzeljager. Das komm.
91 883 553 956 schwierigsten ist. Alle
1670 889 2922 982 mann! Hier — wünscht ein underannter Köllege in den
96 910 742 1004 ngungen, jagen ihre davon!
559 1008 2939 1091 zug, teilnahmsvolle Händedrücke empfangend und er=] Leben lockt. Vielgestaltig sind wir ihm begegnet, als
563 1057 2898 1132 widernd, und einen faden Geruch von Karbol und Helfer bei manchem Bresthaften, bald als einem
1727 1117 2896 1166 Chirurgen, der kühl entschlossen mit Skalpell und Schere
80 1092 310 1197 slatt.
554 1116 1720 1184 Blumen in der Nase. Erst allmählich gelingt es ihm, sich
1721 1164 2894 1223 hantierte, bald als einem Konsiliarius für manch seelisches
550 1165 1726 1221 das Bild seiner Gattin ins Gedächtnis zurückzurufen, an¬
1736 1216 2898 1263 Leid, der aufmerksam den dumpfen Tönen des unruhig
564 1205 1723 1285 fangs freilich wieder nur das Bild eines Bildes, das gold¬
79 1219 530 1330 hur Schnitzler.—
1731 1258 2893 1307 pochenden Herzens lauschte. Und wir kennen auch den
558 1250 1714 1321 gerahmte Porträt im Salon, dann ihre blühende Er¬
1728 1294 2891 1360 Dichter, um den wilde Erlebnisse sich ranken, von dem
551 1290 1724 1372 scheinung, wie sie an seiner Seite in der Loge eines
109 1294 553 1395 Arihie Schnitzler,
1729 1342 2891 1412 nachdenklichen Filippo Loschi angefangen bis zu jenem
560 1344 1706 1420 Theaters gethront hatte, „den Blick auf die Bühne ge¬
70 1328 239 1436 Perlin.)
1731 1398 2893 1447 anderen leichtsinnigen aus dem Wiener „Reigen“. Die
554 1383 1723 1472 richtet und innerlich fern“, dann sieht er sie sehnsüchtig,
69 1418 180 1506 er.
1727 1430 2889 1501 Aerzte bei Schnitzler sind oftmals die Träger der Ideen,
561 1423 1713 1507 heiß und begehrend, und dann wieder nervös und weiner¬
1728 1489 2908 1553 die Dichter Träger der Handlung; man muß ein Dichter
89 1466 555 1556 schönen Novellenbandes
551 1489 1718 1552 lich, und dann geängstigt am Bett des kranken Kindes,
1726 1531 2895 1594 sein, um etwas erleben zu können, das macht uns
549 1533 1719 1605 und schließlich bleich mit schmerzlich heruntergezogenen
84 1535 560 1612 jählung: „Der Tod des
2275 1574 2900 1643 Die Dichter sind nicht
1727 1570 2244 1638 Schnitzler eindringlich.
544 1585 1717 1661 Mundwinkeln, kühle Schweißtropfen auf der Stirn. Und
76 1583 552 1655 kinem Manne berichtet
1721 1607 2911 1685 eigentlich Puppenspieler, sondern eher die Puppen,
548 1627 1717 1694 er weiß nicht, welcher von all diesen Erscheinungen er
87 1634 549 1702 kein Kind klagt um
1719 1679 2895 1742 mit denen gespielt wird; Anatol ist ein Dichter,
85 1681 548 1750 k nur wenige Freunde
551 1676 1720 1754 zürnen soll, welchem von diesen Bildern, diesen Phan¬
2312 1711 2905 1787 Gleichwohl begegnen uns
1717 1721 2314 1780 wie der junge Medardus.
77 1726 554 1799 us ihrem behaglichen
558 1722 1717 1792 tasien! Ohnmächtig ist sein Haß, seine Beschämung, sein
1723 1757 2895 1837 hier zum erstenmal alle diese Gestalten völlig als Abstrak¬
1102 1754 1716 1841 Das ist alles meisterhaft dar¬
87 1774 553 1843 e anderen alle glücklich
551 1770 1041 1850 Zorn suchen ins Leere.
1720 1815 2900 1887 tionen, trotz ihrer packenden Gegenständlichkeit; sie nennen
101 1821 559 1892 Geselligen nimmt der
563 1801 1726 1882 gestellt, mit strenger Ruhe: neben dem Kaufmann der
1733 1857 2895 1927 gar keine besonderen Namen ihr eigen, sondern heißen
88 1869 553 1949 ab hinaus; für die
554 1856 1727 1935 Arzt, dem Bitterkeit in seiner Seele aufsteigt, gleich wie
1729 1909 2898 1993 ganz kurz: der Junggeselle, der Kaufmann, der Arzt, der
90 1908 553 1975 i verkürzten Daseins.
558 1908 1728 1980 er von des Freundes Erkrankung hört. „Es war weniger
1721 1959 2904 2018 Dichter. Hinter diesen Gestalten erkennen'wir eine strenge
559 1960 1722 2027 Schmerz, daß er vielleicht bald einen guten, alten Freund
75 1959 552 2035 Hahren schon nieder¬
1724 1997 2896 2070 Weltordnung. In einer Novelle des neuen Buches wird
75 2002 562 2083 eißt es auf dem Um¬
563 2004 1719 2071 verlieren sollte, als peinliche Empfindung, daß sie nun so
1732 2041 2898 2107 von dem Helden gesagt, es falle ihm gar nicht die Rolle
78 2046 558 2133 geginnt der Tert; dann
554 2054 1717 2129 weit waren, sie alle, die noch vor wenigen Jahren jung
1725 2090 2905 2156 eines Individuums zu, sondern die eines Prinzips. Diese
90 2100 552 2176 einigt, erschreckend klar,
544 2092 1725 2179 gewesen.“ Jetzt, da ihm droheno das Geheimnis des toten
1730 2138 2895 2203 Anmerkung könnte man zu allen Helden des Buches
80 2148 560 2219 is, meine Lieben, und
563 2133 1729 2214 Freundes entgegentönt, muß er an sein behagliches Heim
1727 2202 2903 2251 machen, das ganze Dasein scheint in ihnen seinen Ele¬
551 2207 1727 2268 denken, und die Worte des Toten „scheinen ihm nicht so
96 2203 562 2265 Frauen habe ich ge¬
1732 2230 2891 2298 menten nach aufgelöst, ihre Mischung gibt Leben und Tod.
100 2239 563 2319 uß man da an eine
554 2241 1723 2308 sehr unwahr, als von einer rätselhaften, ja erhabenen
1728 2277 2901 2335 Und deutlich erscheinen uns auch alle diese Gestalten
556 2280 1723 2364 Unwichtigkeit“. Das alles hat er längst gewußt oder doch
96 2290 561 2364 itzlers denken, „Ein
1724 2320 2897 2385 wieder als Elemente ihres Schöpfers, als Abspaltungen
568 2334 1731 2408 geahnt, oder seine Frau hat es ihm gestehen wollen und
91 2334 557 2410 hr innige Novelle ent¬
1726 2375 2898 2434 seines Wesens — der Junggeselle, der Arzt, der Dichter
566 2379 1726 2454 er hat ihr Geständnis verschmäht — er weiß es selbst
93 2378 556 2452 neuen, vielleicht noch
1735 2429 2897 2489 und alle die anderen — metallene Platten, jede einzelne
560 2429 1733 2488 nicht mehr, so ferne liegt es ihm, verliert sich im Nebel¬
78 2424 554 2503 or dem Tod des Jung¬
1729 2479 2898 2526 einer besonderen Farbe seines Wesens zum Ausdruck be¬
556 2468 1726 2551 haften. Und neben dem Arzt der Dichter, der das häß¬
87 2481 556 2548 r geliebten Frau ge¬
1727 2527 2892 2590 stimmt, seltsam verschieden und zusammen doch hell und
563 2524 1728 2589 liche Blatt in die Brusttasche schiebt; wohlverwahrt und
87 2524 570 2601 m Stelldichein, durch
1726 2560 2902 2635 getreu sein Bildnis wirkend, Darum scheinen sie manchmal
569 2583 1721 2645 versiegelt soll es die Gattin in seinem Nachlaß finden.
91 2573 567 2639 Freund von ihrer Er¬
1731 2604 2911 2673 einander so eigensinnig zu widersprechen, darum strömt
568 2613 1724 2692 „Mit der seltenen Einbildungskraft, die ihm nun einmal
86 2613 566 2693 Ihr kein Wort der Liebe
1721 2646 2904 2717 doch ihr Handeln so wunderbar harmonisch ineinander,
559 2659 1725 2733 eigen war, hörte er sie schon an seinem Grabe flüstern:
104 2671 566 2739 if der Bahre liegt, ge¬
1731 2708 2907 2785 von einem starken Fühlen, einem vornehmen Erkennen
567 2705 1722 2774 Du Edler... Großer. ...“ Und so liegt gerade darin eine
93 2697 555 2791 e Menschen zu mengen,
1719 2759 1942 2834 getragen.
563 2753 1722 2823 kluge, dichterische Feinheit dieser Erzählung, daß nicht der
114 2744 566 2835 „ihm war, als dürse
557 2799 1723 2874 Betrüger recht behält, sondern der Betrogene, nicht der
1814 2779 2903 2864 Der neue Novellenkranz von Schnitzler gibt uns nicht
98 2795 564 2885 ls hätte ihn seine tote
564 2835 1730 2916 Junggeselle, sondern der Gatte. Der Einsame bleibt ein¬
1722 2843 2905 2910 das Leben selbst, sondern das Prinzip des Lebens. Das
80 2859 348 2929 erleugnet“.
567 2896 1729 2969 sam im Tode, wie er es im Leben war, einsam und ge¬
1736 2892 2902 2964 wirkliche Leben dünkt uns abgerückt, in stolzer Distanz
91 2892 563 2983 frühe Novelle schrieb,
558 2942 1720 3013 prellt. In seinem kleinen, erbärmlichen Haß glaubte er,
1736 2943 2899 3007 gehalten. Alle diese Erzählungen gefallen sich in einem
86 2968 565 3036 len Junggesellen unter
568 2991 1724 3061 das Leben seiner Freunde zu vergiften, er, der Sterbende;
1734 2992 2913 3063 sauften, zarten Märchenton, wie durch einen Schleier
89 3007 572 3079 kenschen sprachen eine
565 3023 1734 3104 aber das stärkere Leben triumphiert, er war ein Eindring¬
1730 3035 2893 3102 hindurch folgen wir den Geschehnissen. Nicht wirkliche Er¬
90 3046 569 3139 iden jeder für sich,
1736 3102 2905 3148 lebnisse sind es, die zauberhaft, wie der Klang der fernen
568 3090 1349 3160 ling, man hat ihm die Tür gewiesen.
86 3103 562 3172 ken einzustehen, auf
1733 3133 2892 3210 Hirtenflöte, die schöne Dionysia in ihren Bann ziehen,
646 3138 1729 3208 Die Erzählung vom Tode des Junggesellen, vor einigen
90 3151 562 3224 ntwortlichkeit. Seither
1725 3175 2894 3235 sie steigen aus ihren geheimen Wünschen empor. Erasmus,
558 3188 1738 3261 Jahren schon entstanden, knüpft das Band zwischen dem
99 3197 574 3271 estigten Ehestand der
1729 3228 2891 3292 der Sterndeuter. Dionysias Gatte, ist ein Magier, dem es
556 3227 1739 3310 vorstürmenden Werk des jungen Dichters Schnitzler und
90 3244 559 3321 nd tief im Leben ver¬
1730 3271 2900 3336 gelingt, die Riegel ihrer Seele zu sprengen, da nimmt
575 3290 1730 3349 der gereiften Kunst des Meisters. Wir kennen die Gestalt
139 3290 559 3362 an fremde Schick¬
1725 3312 2905 3383 kaum eingestandene Sehnsucht greifbare Gestalt an, nebel¬
572 3332 1727 3396 des Witwers, dem sich erst im Augenblicke, da seine Ge¬
138 3334 565 3411 Strichen gezeichnet,
1720 3374 2886 3430 hafte Lockung wird zum Ereignis. Erasmus ist der
568 3372 1728 3446 fährtin für immer Abschied naumt, deren wahres Wesen
94 3389 566 3465 Erzählung Schnitzlers
1731 3410 2897 3471 Puppenspieler, dem das eigene Spiel über den Kopf wächst,
572 3421 1731 3495 entschleiert, der besitzen lernt, da er verliert. Wir kennen
107 3445 565 3514 zuerst durchaus nicht
1721 3462 2901 3528 Dionysia ist eine Dichterin, die, von jeder Hemmung be¬
573 3469 1726 3538 auch den Arzt, dem Betrug und Haß und Rache so
119 3482 567 3558 der sich immer nur
1725 3504 2905 3582 freit, ihr Leben ins Ungemessene steigert. Wie sich der richtige
566 3501 1739 3582 lächerlich unwichtig erscheinen, wenn einer auf der Bahre
95 3508 582 3602 orgens zwischen den
102 3589 2912 3655 hi, im schwarzen An= liegt und draußen vor den dicht verhängten Fenstern das! Dramatiker gerne am Spiel im Spiel erfreut, an dem
1462 3616 2803 3827 Won Pure Vunne 1o. Nr 1611.
