3344 4352
1284 248 1794 332 box 3578
145 258 1187 359 5. Masken und Nunder
903 1293 1081 1376 e
426 1368 1684 1430 Dschungeln der Phantasie zu finden und mit anmutiger Hand zu
428 1421 721 1486 pflücken weiß.
507 1420 1687 1511 Masken und Wunder! Masken, wohl; alle seine Gestalten
160 1453 339 1540 band.
437 1469 1687 1556 sind ja Masken. Sind künstliche Geschöpfe von menschlichem Aus¬
445 1507 1689 1594 sehen, mit menschlichen Worten und menschlichen Gebärden. Aber
442 1565 1695 1635 sie reden und bewegen sich nach seltsamen Gesetzen, etwa nach den
248 1555 384 1631 len ist,
439 1607 1685 1665 Gesetzen des Traumes. Man sieht die Maschinerie, die sie bewegt,
283 1609 402 1672 tstag
296 1659 413 1710 t bei
429 1646 1294 1710 darin liegt übrigens einer ihrer Hauptreize.
512 1670 1697 1749 Denn diese Maschinerie, oder doch ihr Geist, das ist der Welt¬
320 1688 412 1752 mt,
438 1711 1698 1798 wille selbst, das Schicksal oder wie man's immer nennen will. Es
344 1745 414 1797 je,
447 1748 1705 1839 ist ein Schicksal, das an diesen Gestalten seine eigenwilligen Lau¬
332 1783 406 1833 ge¬
441 1801 1702 1874 nen demonstriert und das etwa mit einer halb mutwilligen, halb
327 1818 408 1873 als
436 1832 1711 1905 höhnischen Bewegung sagt: sehi, so wunderbar sind meine Wege.
318 1862 419 1914 ahl¬
445 1871 1710 1948 Sie sind ein Traumgebilde, Emanationen eines schöpferischen Er¬
284 1898 413 1950 daran
451 1908 1697 1987 lebnisses, die um dieses Erlebnisses willen aus den unergründ¬
287 1943 421 2006 erische
446 1958 1708 2028 lichen Tiefen des Möglichen zum Lichte emporsteigen, alsbald wie¬
458 1995 1699 2075 der verschwinden und das Erlebnis um so deutlicher und ein¬
243 1999 411 2079 zerke ge¬
187 2062 413 2121 einste und
461 2062 917 2132 dringlicher zurücklassen.
530 2061 1713 2153 Masken sind in diesem Buche. Aber Wunder? Es ist selt¬
165 2098 419 2163 iren Zauber
460 2109 1714 2189 sam, daß Schnitzler, dieser kluge, feine, geistreiche Schnitzler ein
160 2145 424 2206 en will, muß
456 2149 1712 2237 solches Wort gebraucht, seltsamer, daß ers im Titel tut. Er, der
460 2200 1724 2273 einen so ausgeprägten Sinn für die innere Wahrheit aben¬
156 2207 420 2279 unterschätzen,
456 2257 997 2327 teuerlicher Begebnisse hat.
152 2267 421 2322 novellistischen
544 2260 1716 2362 Wenn Schnitzler selber zugibt, daß Wunder in seinem Buche
158 2304 435 2369 it befreit, die
472 2312 1711 2398 geschehen, so wollen wir es ihm nichtsdestoweniger bestreiten.
183 2349 433 2412 verlangen,
468 2350 1716 2428 Gehört es denn nicht gerade zu den feinsten Reizen all seiner Ar¬
158 2388 429 2446 des Wortes
459 2395 1718 2478 beiten, daß alle Geschehnisse, selbst die uneryörtesten und aben¬
171 2428 440 2493 zerrinnende
464 2434 1719 2515 teuerlichsten, vollkommen gesetzmäßig vor sich gehen? V###tut es,
344 2465 440 2516 die
150 2470 257 2524 klösen
472 2470 1731 2560 daß es die Gesetze des Traumes, die Gesetze einer fremden über¬
154 2491 431 2565 ehen, seltsame
470 2510 1729 2592 irdischen Welt sind? In dieser Schnitzlerschen Welt sind sie keine
158 2548 432 2602 unbegreifliche
472 2562 1729 2637 Wunder, sondern Ereignisse von innerster Wahrhaftigkeit; ein
158 2588 438 2644 der dichtende
477 2608 1166 2680 dämonischer Zwang steckt in ihnen.
151 2629 445 2694 n wieder fort¬
540 2628 1720 2715 Wir wundern uns ja nicht über den Sterndeuter Erasmus,
474 2674 1733 2762 über diesen seltsamen Wissenschaftler, der eines Nachts, da sich die
144 2694 450 2769 hiemals befrie¬
482 2717 1728 2792 Sterne vor ihm verhüllen, vor dem Bett seiner jungen Frau steht,
153 2748 444 2813 xuriöse Werte
480 2751 1734 2834 die ihm, obgleich seit Jahren ehelich verbunden, plötzlich wie ein
164 2792 448 2848 hat seine Ge¬
479 2807 1737 2868 fremdes Wesen erscheint, das ihm ferner ist als der Weltenraum,
155 2822 453 2888 aum ein außer
482 2834 1731 2917 den er durchforscht. Wir wundern uns ja nicht, daß er die Er¬
144 2870 451 2928 högen, wie er,
481 2863 1732 2947 wachende eine sich selbst Unbekannte nennt, daß er sie fortschickt
155 2909 449 2970 , noch weniger
480 2920 1744 2991 in die Welt, daß er ihr gebietet, jeder ihrer Neigungen zu folgen,
144 2952 459 3008 e hinweg¬
489 2975 1140 3034 damit sie sich selber kennen lerne.
145 2986 446 3054 fmuß man ihm,
564 2968 1757 3072 Daß in diesem Moment die lockenden Weisen einer Hirtenflöte
147 3028 453 3099 mun mit einem
497 3029 1745 3116 ertönen, daß die junge Frau dem Klange folgt, daß sie mit dem
150 3068 457 3132 und Wunder“
484 3066 1745 3159 Hirten durchs Land zieht, ihn dann, nachdem sie ihn bettelarm,
141 3112 457 3173 fren Hunger zu
489 3109 1747 3204 gemacht hat, grausam verläßt, daß sie nun zu immer wilderen
142 3153 461 3220 zener phantasti¬
495 3148 1751 3230 Abenteuern emporsteigt, alle Möglichkeiten ihrer schillernden
145 3196 456 3254 nen, halbwelken
500 3186 1744 3277 Weibnatur erschöpft, in grausamen Lüsten verdirbt, endlich an¬
147 3234 466 3288 pie nur er sie in
151 3228 1732 3349 ggiftschwangeren I gewidert und sich selbst zum Eckel geworden zu Erasmus zurück¬
1714 1295 2969 1396 kehrt und dann von dem erkenntnistheoretischen und experimen¬
1713 1353 2966 1436 tierlustigen Verstande des Mannes zurückgestoßen, in die Welt hin¬
1712 1386 2973 1469 ausflieht und verschwindet wie ein Stern im unendlichen Welten¬
1712 1434 2975 1513 raum, das alles wundert uns ja garnicht. Das alles geschieht ja
1714 1472 2979 1554 nach den Gesetzen des Traumes, der zuweilen am hellen Tage aus
1715 1514 2976 1597 unserer Brust emporsteigt und plötzlich mehr vom Sinn der Dinge
1715 1580 2987 1635 und Geschehnisse zu spüren vermeint, als die stumpfen Sinne sonst
1732 1627 2131 1687 wohl fassen können.
1804 1629 2971 1719 Das aber ist der stärkste und feinste Reiz Schnitzlerscher Kunst:
1726 1691 2989 1766 daß er die geheimsten, noch tief und unerweckt in unseren Herzen
1727 1705 2985 1792 ruhenden, noch nicht getcaumten Träume zum Lichte einfacher
1733 1764 2991 1841 oder seltsamer Begebenheiten emporlockt; darin vielleicht liegt das
1738 1797 2987 1871 Geheimnis ihres rauschenden, zwischen den Zeilen dahinstromen¬
1741 1836 2996 1913 den Lebens. Daß er es in einer so graziösen, kulturgesättigten
1743 1880 2911 1979 Weise tut, macht nur einen weiteren und besonderen Reiz aus.
1802 1913 2987 1995 Man lese daraufhin etwa den „Tod des Junggesellen“, dieses
1746 1946 2997 2037 Mannes, der ein ganzes langes Leben sein geheimes Glück mit
1745 1989 2998 2077 den Frauen seiner Freunde verschweigen mußte und der nur den
1743 2035 3004 2116 einen großen Triumph hat, diesen Freunden nach seinem Tode ein
1744 2073 2995 2162 Geständnis zu hinterlassen, das sie ruhig und schweigend mit nach
1753 2110 3004 2193 Hause nehmen müssen. Sie sind ja alle alt, haben selbst Sünden
1755 2158 2997 2232 begangen und es hat keinen Sinn mehr, die Frauen zur Rede zu
1756 2191 3009 2279 stellen und den „Frieden der Familie“ zu stören. Oder man lese
1762 2230 3005 2311 die Novelle „Der Mörder“, übrigens eine der besten des Buches,
1748 2274 3017 2348 in der bei aller Gutmütigkeit, Aufmerksamkeit und Zartheit eines
1756 2312 3010 2403 jungen Mannes seiner Geliebten gegenüber schließlich doch geheime
1757 2353 3002 2438 Wünsche zur Tat werden. Der Mord und die Stimmung nach
1751 2390 3016 2474 dem Mord sind übrigens diesmal bei Schnitzler, der sonst solche
1752 2432 3010 2514 Dinge ein wenig spöttisch und weltmännisch behandelt, von einer
1761 2480 2825 2560 Stärke und Kraft, die unbedingt in ihren Bann zwingt.
1828 2503 3009 2595 Am stärksten bewährt sich Schnitzlers Art, die komplizierten
1764 2546 3020 2628 Strömungen und Verschlungenheiten des Seelenlehens wieder¬
1760 2587 3021 2674 zugeben und sein merkwürdiges Talent, einfache und alltägliche
1765 2628 3024 2712 Begebenheiten in das Gebiet des Seltsamen zu erheben, in der
1768 2671 3017 2757 Novelle „Der tote Gabriel“. Diese Novelle, in der garnichts, am
1768 2712 3015 2791 wenigsten aber ein Wunder geschieht, ist in technischer Hinsicht eine
1763 2750 3019 2836 Meisterleistung. Es ist da eine ganze Welt der merkwürdigsten
1773 2784 3027 2874 und absonderlichsten Gefühle, die hier zwischen den einfachen
1777 2828 3022 2925 Worten eines Dialogs mitschwingt. Die Unterhaltung eines jun¬
1765 2868 3025 2966 gen Mannes und eines Mädchens über einen toten Freund, das
1777 2908 3029 2995 Intermezzo eines nächtlichen Besuches bei einer Schauspielerin,
1781 2944 3031 3037 das alles ist mit einer solchen Intensität in die Sphäre des Un¬
1777 2984 3027 3074 gewöhnlichen, ja selbst des Unheimlichen erhoben, daß der Leser
1778 3033 3025 3113 unter dem Druck irgendwelcher furchtbarer Ereignisse steht, ohne
1785 3081 3029 3155 zu erfahren, was es war, das auf diese Menschen einen so starken
1780 3135 2217 3202 Eindruck gemacht hat.
1861 3130 3024 3217 Einmal taucht auch wieder eine jener spiritualistischen Sonder¬
1744 3184 3028 3270 I barkeiten auf, die Schnitzler auch früher schon gern behandet hat.
2815 3232 2975 3293 ientueseneimnen
2219 3255 2297 3300 ER
1770 3284 3023 3345 die er aber dieses Mal mit einer Knappheit und Schärfe anpackt,
1772 3321 3025 3393 die den Reiz des Unheimlichen noch sehr erhöht. Es handelt sich
1775 3371 3020 3424 da um einen jungen Mann, der vor kurzem im Duell gefallen ist,
1766 3409 3027 3469 der aber plötzlich dem Erzähler gegenübersitzt und ihm von seiner
1760 3440 3033 3508 eigentümlichen Seelenverwandtschaft zu einer schönen Frau be¬
1768 3486 3009 3546 richtet, der er häufig begegnet ist und die, obwohl er sie niemals
1759 3547 3020 3600 gesprochen hatte, dennoch in ihrem Tagebuch Geständnisse hinter¬
1767 3569 3009 3625 ließ, die sich ganz und gar mit den einsamen Träumen des jungen
1762 3612 3013 3664 Mannes deckten. Diese Aufzeichnungen waren indessen so kom¬
1765 3647 3014 3716 promittierend für ihn, daß der Gatte der schönen Frau ihn vor die
1763 3699 2700 3762 Pistole forderte und ihn mitten ins Herz schoß.
1838 3742 3003 3790 In dieser Geschichte kehrte jene Schnitzlersche Note wieder
1752 3765 3013 3828 die man aus den „Dämmerseelen“ kennt, die grausame Lust des
1769 3818 3024 3864 Schicksals, das seinen blutigen Witz an den unschuldigen, vornehm
1764 3863 3013 3912 beiseite stehenden Naturen übt, während es die Brutalität unbe¬
1763 3901 3014 3950 helligt läßt. Es ist gut, daß sie sich auch in diesem Buche findet, das
1756 3938 3017 3990 Schnitzler seinen Verehrern zu seinem fünfzigsten Geburtstag
1760 3976 3021 4033 spendet, denn dieses heimliche Kichern gehört nun mal zu seiner
1762 4023 3021 4077 künstlerischen Persönlichkeit und das Bild von ihr wäre nicht
1755 4059 2499 4126 vollständig, wenn das Kichern fehlte.
