3436 4320
128 251 231 346 5
1313 224 1784 331 box 35/8
213 247 1203 369 Maskenund Nunder
505 672 1139 786 Klose & Seidel
414 742 1211 833 Bureau für Zeitungeausschnitte.
355 808 1273 906 Berlin NO. 43, Gcorgenkirchplatz 21!
436 911 1214 1007 (Liest die meisten Zeltungen und ist das
435 972 1226 1068 bestorganisierteste Bureau Deutschlands.)
208 1154 1214 1248 Zeitung:
746 1223 826 1287 R.
220 1266 1201 1353 OR. —
751 1336 1031 1436 E
229 1357 646 1460 Satum:
696 1418 899 1521 15.Ma
1736 1489 2139 1563 Dne Mribriche an
1454 1556 2141 1630 K
531 1539 697 1639 mme
1594 1606 2900 1672 Konflikt zwisch##: Frauen, seine Braut und seine Geliebte,
421 1627 1490 1722 Ein neues Buch von Arthur Schnitzler.
1600 1647 2906 1722 gestellt. Er entledigt sich der Letzteren auf raffinierte Art
1597 1690 2903 1759 durch Gift, verliert aber trotzdem auch die erstere und wird
374 1716 1599 1781 Zu seinem 50. Geburtstage, den er am heutigen 15. Mai
1599 1738 2912 1812 im Duell von einem Rivalen erschossen, der um sein furchtbares
298 1761 1607 1825 feiert, hat Arthur Schnitzler seinen Freunden einen neuen
1602 1793 2908 1859 Geheimnis weiß. „Der tote Gabriel“ behandelt eine Art von
290 1812 1600 1883 Novellenband geschenkt, „Masken und Wunder“ betitelt")
1604 1836 2901 1901 Ballabenteuer und läßt einen Blick in die seltsame Seele eines
291 1860 1597 1925 Das mag auch denjenigen Gelegenheit geben, heute etwas länger
292 1921 2901 1970 bei dem Dichter der „Liebelei“ zu verweilen, die es sonst nicht jungen Mädchens tun; ein wenig spiritistisch mutet die Geschichte
295 1967 2910 2009 recht einsehen wollen, daß berühmte Schriftsteller deswegen, weil vom „Tagebuch der Redegonda“ an, die auf das dunkle Gebiet
285 2002 2719 2073 sie 50 Jahre alt werd. bereits durch Gedenkartikel und Fest- der Willens= und Gedankenübertragung hinüberspielt.
1682 2021 2894 2089 Den Eingang und Schluß des Bandes bilden Erzählungen,
284 2045 1604 2113 betractungen gefeiert werden müssen wie ehrwürdige Jubel¬
1600 2085 2903 2148 die sozusagen zeitlos gehalten sind, überall und immer sich
284 2105 1603 2168 greise oder Tote. Besonders Arthur Schnitzler hat dies nicht
1599 2121 2912 2196 abspielen könnten. Die erste, „Die Hirtenflöte“, handelt von
295 2145 1601 2204 nötig. Noch steht er in der Vollkraft seines Schaffens und im
1589 2176 2915 2250 einem grüblerischen Ehegatten, der durch ablanderliche Zweifel
283 2199 1599 2258 literarischen Kampf der Gegenwart sicht er noch immer in der
287 2220 2905 2294 ersten Reihe, er hat sich nicht in den Hintergrund drängen lassen.] verführt, seine Frau ins Leben und in die Welt hinausschickt,
299 2285 2904 2355 Freilich ist mit den Jahr us dem elegant=frivolen Zeichner mit dem Auftrag, allen Lockungen dee Sinne nachzugeben und
1602 2320 2899 2385 dann, wenn sie alles ausgekostet, zu ihm zurückzukehren und an
295 2340 1601 2392 der „Anatol“=Szenen ein uster und mit tiefen Problemen
1595 2363 2911 2428 seiner Seite als Gattin weiterzuleben. So will er sie im tiefsten
292 2385 1608 2460 ringender Künstler geworden; in seinen Werken leben außer dem
297 2443 2912 2485 süßen Wiener Mädel auch noch bedeutungsvollere Gestalten, die ###ern ihres Wesens prüfen. Der abenteuerliche Leidensweg der
299 2462 2911 2549 unser lebhaftes Interesse erregt haben. Schnitzler gehört zu jenen] Erau durch die Welt wird nun mit glühenden Farben gemalt —
296 2543 2915 2604 Dichtern, die sich stets selbst getreu geblieben sind. Das ist! aber als sie endlich zu ihrem Gatten heimkommt, muß dieser von
298 2592 2910 2621 vielleicht daraus zu erklären, daß er fast nie den Boden verlassen! der gänzlich Verwandelten hören, daß ihr weniger graut vor den
289 2608 2913 2683 hat, auf dem er am tiefsten heimisch ist: Wien und die Wiener. Masken und Wundern der Welt als vor der steinernen Fratze!
1595 2641 2908 2732 seiner Weisheit. Und über seiner krankhaften Sucht, ihre Seele
296 2672 1612 2717 Als Sohn eines reichen und angesehenen Wiener Arztes und
1602 2702 2915 2777 zu geforschen, verliert er jetzt Seele und Leib der geliebten Frau
303 2720 1615 2792 später selber Arzt, lebt er von Jugend an jenes Leben der Wiener
1597 2748 2916 2818 Pendgültig. Recht nachdenklich mutet auch das Schlußmärchen
299 2764 1609 2840 Gesellschaft, die um das Rathausviertel wohnt. und diese Kreise
1608 2798 2911 2857 „Die dreifache Warnung“ an, das lehrt, wie alles Sein und
302 2806 1611 2885 haben in dem auch äußerlich sehr soignierten Mann mit der
1614 2854 2576 2904 Geschehen durch Spiel und Zufall verknüpft ist.
298 2864 1614 2916 berühmten Stirnlocke ihren klassischsten Schilderer gefunden.
1678 2884 2903 2949 Neben der dunklen und melancholischen Stimmung, die über
297 2910 1613 2978 Man hat Schnitzler öfters als frivol und leichtfertig gescholten
302 2977 2907 3007 und einiges, wie sein berüchtigter „Reigen“ gibt solchem Urteile dem Buche liegt, ist allen darin vereinigten Novellen gemeinsam
1600 2985 2909 3060 jdie außerordentliche Feinheit und Geschliffenheit des Stils.
297 3002 1616 3066 auch recht. Aber falsch wäre es, derartiger Abierungen wegen ihn
1602 3045 2914 3097 Herangebildet an der Prosa des älteren Goethe, aber doch von
287 3050 1606 3130 lediglich als einen Amüseur zu betrachten — er ist im Gegenteil
1603 3083 2912 3149 persönlichstem Charakter zeigt dieser Stil eine Klarheit und
298 3104 1601 3159 (allein der „Lentnant Gustl“ schon beweist es) ein Psychologe
1605 3127 2904 3189 einen Glanz, den man bisher bei Schnitzler noch nicht oft
296 3147 1606 3208 von größter Feinheit und Delikatesse und das zeigt auch wieder
1611 3157 2918 3246 gefunden hat, weder in „Frau Bertha Garlan“ noch in dem
300 3183 1606 3253 der neue Novellenband mit dem ein wenig symbolischen Titel.
1610 3214 2916 3289 großen Roman „Der Weg ins Freie“. Wer so zu schreiben ver¬
379 3243 1618 3305 Merkwürdig viel ist in diesem Buch vom Tod und von den
302 3301 2914 3347 letzten Dingen die Rede — mehr fast, als man bei einem steht, dem kann man getrost vorhersagen, daß er noch im Auf¬
306 3315 2908 3402 Fünfzigjährigen erwarten sollte. Aber wir wissen ja, daß wärtssteigen nach den Höhen der Kunst begriffen ist. Und als
299 3356 2921 3437 Schnitzler von jeher neben der Liebe den Tod zum Helden seiner' einen immer noch, Werdenden“ im Goetheschen Sinne wollen wir
1609 3424 2539 3496 Arthur Schnitzler zum heutigen Tage grüßen.
294 3432 1607 3509 Dichtungen erkor, hieß doch gleich ei es seiner ersten Bücher
2565 3433 2793 3523 A. D.
304 3470 1611 3545 „Sterben“. Ein wenig an den Schnitzler von früher gemahnt
297 3542 1613 3600 die melancholisch-zynische Pointe der Novelle „Der Tod des
305 3567 1625 3653 Junggesellen“. Ein Lebemann ruft drei seiner Freunde an sein
298 3622 1620 3694 Sterbebett. Sie kommen, finden ihn aber bereits tot vor und
297 3669 1620 3726 entdecken in seinem Schreibtisch einen gemeinsam an sie ge¬
302 3721 1624 3782 richteten Brief es Verstorbenen. Und darin teilt er seinen
290 3760 1626 3818 drei Freunden mit, daß die Frau eines jeden von ihnen einmal
289 3811 1615 3888 seine Geliehte war. Ganz eigentümlich ist nun, wie Schnitzler
1458 3859 1631 3919 — wie
296 3858 1454 3937 die Überlebenden auf diese Eröffnung reagieren läßt
299 3906 1628 3982 durch allerlei Überlegungen und Einsichten der Tote um den
299 3953 1621 4031 Triumph seiner posthumen Rache gebracht wird. In der
308 4005 1634 4069 Erzählung „Der Mörder“ wird ein junger Mann in einen
398 4055 1117 4160 *) Berlin, S. Fischer, Preis 3 Mi.
