3344 4352
1301 241 1789 324 box 3578
863 253 1063 319 Nund
664 268 762 323 un
439 266 555 326 ke
1034 266 1217 348 P
141 269 911 358 5. Ma
903 832 2001 954 in Berlin, Basel, Budapest, Chicago, Cleveland, Christiania,
914 894 1998 979 Genf, Kopenhagen, London, Madrid, Mailand, Minneapolis,
906 922 1997 1022 New-Vork, Paris, Rom, San Francisco, Stockholm, St. Peters¬
1305 981 1603 1038 burg, Toronto.
1193 1015 1698 1091 (Quellenangabe ohne Gewähr.)
894 1064 1710 1191 Ausschnitt aus
898 1167 1499 1289 O. oegr. —
918 1313 2063 1418 „Masken und Wunder.“ Novellen von Arthur Schnil“
951 1352 1700 1418 ler. S. Fischer, Verlag, Berlin 1912.
985 1390 1680 1456 Zu seinem 50. Geburtstage (am 15.
1689 1403 2010 1466 Mai) hat uns
904 1433 2000 1508 Arthur Schnitzler ein neues Buch geschenkt, mit dem er die
904 1473 2000 1546 an ihn geknüpften Erwartungen noch weit übertrifft. „Mas¬
905 1510 2002 1582 ken und Wunder“, nennt er seine Novelle und stellt sie damit
908 1547 1996 1631 in ein Grenzgebiet menschlicher Erkenntnis, in dem ja alle
901 1590 2006 1660 seine Dichtungen wurzeln. Wenn aber die früheren Novel¬
900 1621 2012 1701 len noch einen naturalistischen Einschlag hatten, so ist hier
902 1674 1988 1745 alles unendlich gehoben und ins rein Menschliche geläu¬
901 1700 1996 1771 tert. Wer die Bücher Schnitzlers ihrer Entstehung nach
907 1747 1998 1820 gelesen hat, fühlt es, wie hoch der Dichter hier über sich
897 1785 1982 1855 selbst hinausgewachsen ist, wie leidenschaftslos seine Er¬
903 1825 1997 1892 zählung geworden ist, und wie rein er seine Motive gestaltet.
894 1863 1996 1937 Diese Motive stellen den Zusammenhang mit den früheren
902 1898 1985 1958 Werken Schnitzlers her: wieder treten Tod und Leben einan¬
886 1938 1995 2019 der gegenüber, aber nicht mehr im schauerlichen Gegensatz,
889 1976 1979 2058 sie reichen sich die Hände; die Auffassung des Lebens ist
881 2020 1986 2087 vertieft und das große Problem, das es gerade für Schnitzler
889 2056 1991 2129 bildet, vielfach in neue Wege geführt. Dafür ist gleich
881 2097 1984 2158 Die Hirtenflöte“ ein Beweis. Ein Gelehrter schickt seine
894 2119 1971 2211 Frau ins Leben hinaus, da er zur Einsicht gekommen ist,
893 2178 1975 2238 daß ihr scheinbar glückliches Leben an seiner Seite nicht
887 2210 1970 2293 ihr ganzes Wesen durchdringt. Er heißt sie, allen Lockungen
883 2257 1976 2330 und Versuchungen des Lebens folgen, und wenn sie — nach
885 2285 1385 2351 kurzer oder langer Zeit —
1385 2307 1974 2370 zurückkehrt, soll sie alles finden
885 2331 1972 2395 wie vorher. Mit meisterhafter Gestaltungskraft ist nun
882 2370 1981 2451 das abenteuerliche Dasein dieser Frau geschildert, die durch
881 2414 1971 2482 ihre Liebe bis zur höchsten Macht emporsteigt. Nach Jah¬
875 2452 1975 2529 ren kommt sie wieder zurück, und der Gatte empfängt sie
871 2484 1977 2565 ohne Vorwurf, mit einer Selbstverständlichkeit, daß ihr
877 2523 1972 2602 vor seiner Nähe graut, und sie verläßt ihn mit den Worten:
879 2581 1972 2634 „Tiefer als vor allen Masken und Wundern der Welt
868 2611 1968 2681 graut mir vor der steinernen Fratze deiner Weisheit.“ Eine
880 2642 1968 2714 Perle Schnitzlerscher Erzählungskunst bildet „Der Tod des
871 2681 1970 2761 Junggesellen.“ Ein Junggeselle, der einsam gestorben ist,
865 2719 1954 2800 hinterläßt seinen drei Freunden die Nachricht, daß er
865 2772 1962 2826 alle ihre Frauen gehabt hat. Wie die drei Männer, ein
872 2797 1962 2876 Kaufmann, ein Arzt und ein Dichter, zusammen den Brief
876 2839 1962 2917 des Toten lesen, und wie jeder mit tiefer Beichte innerlich
876 2878 1962 2954 fertig wird, so daß der Tote durch seine Mitteilung gar
869 2929 1958 3001 nichts erreicht, ist mit wunderbar objektiver Ruhe erzählt.
892 3040 1991 3116 Die Charaktere sind mit eindringlicher Plastik herausgearbeitet.
896 3088 1994 3161 Die Novelle „Der Mörder“ verdient höchstes Interesse, denn
898 3132 1995 3204 sie behandelt ein ungemein schwieriges psychologisches Pro¬
905 3168 1989 3238 blem überaus geschickt und gibt eine wertvolle Bereiche¬
905 3204 2001 3275 rung der Seelenstudien Schnitzlers. In diese Gattung, in der
902 3243 1998 3313 der Dichter mit feinstem Verständnis für die wunderreiche
901 3280 1995 3344 Welt der menschlichen Seele mit zarter Hand die unsicht¬
903 3320 2009 3406 baren Fäden bloßzulegen sucht, gehören auch die Novellen
908 3363 1990 3436 „Der tote Gabriel“ und „Das Tagebuch der Rede¬
909 3417 1998 3483 gonda.“ Das vorliegende Buch wird Schnitzler, dem
906 3439 2006 3516 im vorigen Jahrgang ein eigenes Heft der „Quelle“
909 3480 2006 3554 galt, und dessen Kunst ich in einer eingehenden Studie wei¬
909 3524 2004 3593 teren Kreisen nahe zu bringen versuchte, viele neue Verehrer
907 3577 2012 3628 verschaffen, wie auch die Ausgabe seiner gesammelten Werke,
911 3589 2020 3671 deren erste drei Bände (enthaltend die erzählenden Schriften)“
912 3638 2018 3704 bereits erschienen sind, allen Literaturfreunden willkompeen
1651 3677 1986 3752 J. K. Rytisdv.
913 3705 1117 3764 sein wird.
