3392 4320
2155 110 2405 179 —
1516 168 2001 259 box 36/7
206 166 1398 268 1. Panphlets offorints
1007 778 1067 866 96
1319 784 2263 852 Friedrich Rosenthal, Jungwiener Novellistik.
928 955 2647 1024 heit eine allgemeine Menschheitserscheinung ist und weil sie jedes Land und
932 1007 2643 1067 jedes Volk und jeder Einzelne auf seine Weise erlebt. Es ist ein Wunder der
928 1084 2639 1139 Seele, das den ungeheueren Triumphen unseres Verstandes die Wage der
931 1125 2638 1181 Gerechtigkeit hält. Es ist eine gottergebene Demut und das Bekennen eines
923 1184 2638 1244 wissenden Aberglaubens. Und es tut ungemein wohl, sich in diesen Zeiten
924 1241 2643 1313 täglicher Gefahren am Narrenseil der Versuchung hängen zu wissen und sein
935 1305 2647 1352 Schicksal einem höheren Willen untergeordnet zu sehen. Es soringt sich an der
930 1360 2643 1413 Hand dieser Erkenntnis leicht über die Entwicklung von einigen hundert Jahren
933 1418 2650 1470 hinweg und wir kommen wieder zu den Mystikern, vielmehr jene zu uns. Und
934 1477 2636 1543 so find die „romantischen“ Schauer und der Weg durch die Nachtseiten des
919 1546 2632 1612 Lebens nicht mehr um ihrer selbst willen da. Es ist nicht mehr das billige
923 1595 2640 1654 Gruseln, womit man Kindern den Schlaf stört oder die Nervenspekulation der
924 1655 2634 1710 Kolportageromane. " hat alles seinen besonderen Sinn und steht in der Reihe
930 1713 2640 1778 großer Zusammenhänge, deren letztes Ende wir nur noch nicht schauen. Hebbel,
936 1786 2634 1837 der an dem Dämmergefühl dieser Zustände ziemlich bewußt litt, und sie wieder¬
933 1833 2633 1897 holt aufgezeichnet hat, drückt auf die romantischen Wirkungen gewendet, dies
932 1894 2644 1958 so aus: „Was in ihr an Wundern und Zauberwirdungen vorkommen darf,
921 1950 2636 2007 muß auf der tiefen durchschauten Verwandtschaft zwischen dem Mikrokosmus
928 2010 2634 2069 und Makrokosmus beruhen, es muß auf das wenn auch geheimnisvolle und
927 2078 2636 2148 doch in sich wohl begründete Ineinanderspielen der beiderseingen Kräfte basiert
921 2127 2634 2180 sein“. Es ist der ästhetische Leitfaden des Unbegreiflichen, worin wir verstrickt
926 2197 2634 2259 sind und womit nun gläubig oder absichtsvoll die Dichter operieren. Wie merk¬
929 2246 2637 2303 würdig ist diese Empfindung, die sich sagen muß: Alles kommt wieder. Hundert
919 2300 2638 2356 Jahre Entwicklung sind im Grunde kein einziger Schritt nach vorwärts. Wir
926 2363 2637 2416 bleiben vom Ewigen getrennt und wir sind nur heute wieder aufrichtiger einzu¬
920 2421 2632 2499 gestehen, was man in den vergangenen Tagen des freigeistigen Liberaltsmus,
926 2482 2628 2548 an dem Problem der Gottheit achtlos vorbeigebend, sich mit praktischen oder
927 2548 2639 2611 zynischen Phrosen wegzulügen mühte. Und vielleicht auch damals doch nur aus
921 2600 2642 2660 dem nicht eingestandenen Angstgesühl des Gegensatzes, der zu den täglichen
924 2652 2577 2710 Siegen der Vernunft den Abgrund stellen könnte, worin sie stürzen sollen.
1026 2712 2630 2772 Dem Glauben an die Wunder der Seele kam eine Plychologie zu Hilfe,
920 2779 2626 2830 die ihren Reichtum offenbarte und die über die Peripherie der Dinge hinaus
931 2834 2627 2892 ins Transzendente, Metaphysische, Kosmische ging. Ihr Wissen holte sie natur¬
922 2907 2630 2973 gemäß aus der Wissenschaft, und ihr Werkzeug war zunächst und zuoberst
922 2950 2624 3011 die Methode der Piychoanalyse, deren weitreichenden Einfluß auf die Kunst
915 3010 2634 3089 unserer Zeit im Allgemeinen und auf die Wiener im ganz Besonderen man
930 3073 2628 3128 einmal genau feststellen sollte, wie es in Einzelheiten schon geschehen ist. Die
915 3129 2626 3191 Zentren der Dichterpsyche, Sexualempfioden und Traumleben, die Beziehungen
925 3189 2632 3257 beider fanden seltsamste und überraschendßte Belichtung. Was in früheren
922 3261 2630 3323 Zeiten nur dumpf und verworren im Bemußtsein des Schoffenden, was
926 3305 2635 3374 dieser oder jener wie etwe Grillvarzer oder Hebbel aus dem Unterbewußtsein
923 3371 2623 3426 mit genialem Instinkt, doch eigentlicher Kenninislosigkeit emporholten, das
915 3435 2636 3494 war nun durch Siegmund Freuds Theorie in eine logische Form gebracht
912 3488 2629 3548 und als Traumdeutung wissenschaftlich grundiert. Diese machte es trotzdem nicht
924 3554 2637 3622 so klar, daß sie den Dingen ihr Geheimnis nahm, sie bettete es nur in den
