3392 4320
187 286 1968 400 1. Panphlets offprints box 36/7
1397 940 2347 1018 Friedrich Rosenthal, Jungwiener Novellistik.
1018 1086 2731 1170 Weg zur Seele bleibt wieder eine Aufgabe kommender Geschlechter. Ob das
1006 1165 2734 1229 bloße Wissen um diese Dinge und die Fähigkeit, sie sagen zu können, ein
1016 1216 1278 1289 Ersatz ist?
1115 1269 2723 1331 So also, wie oben geschildert, begann die Jungwiener Dichtung. Wieder,
1021 1342 2722 1400 wie immer hier, später und ruhiger als draußen und wie aus einem langen
1024 1404 2726 1467 Traumschlaf erwachend und sich die Augen reibend. Sie setzte der begehrlichen
1017 1451 2725 1531 Jugend ihrer Bekenner gemäß mit einem literarischen Bohemeleben ein, dessen
1018 1518 2724 1577 sehnsüchtig angeschautes Vorbild der Pariser Montmartre war. In Kaffeehäusern
1017 1574 2721 1642 fand, ebenfalls wie immer hier, dieses Leben seine vornehmlichste Berätigung.
1013 1628 2725 1688 Was es ausfüllte, waren weniger positive Werte eines geordneten, neuartigen
1025 1689 2723 1745 Schaffens als vorerst die renommistische Verkleinerung, Vernichtung bestehender
1014 1762 2723 1821 schon anerkannter Erscheinungen. Ein behaglicher, äußerlich drohender, inner¬
1014 1801 2721 1881 lich ganz harmloser Anarchismus tobte sich da in nächtlichen Redeschlachten
1020 1887 2737 1934 und heftigen Wortgefechten ganz ungefährlich aus. Noch lebte in der Erinne¬
1018 1922 2738 2003 rung ein versunkener Begriff dieser großen Zeit, ihr ewiges Symbol: das Café
1034 1982 2745 2056 Größenwahn. Dann kam es wie immer, wenn die Jugend hinaufgelangt. Sie
1032 2054 2732 2109 geriet in die Gesellschaft, kam zu Geld und Ruhm, zu Würden und zu einer leben¬
1035 2105 2726 2176 digen Bedeutung. Zuerst arriwierten die Altesten: Bahr, Schnitzler, Hofmanns¬
1028 2166 2730 2233 thal, Salten. Dann kamen die Jüngeren, denen bereits der vorgetretene Weg
1021 2216 2727 2288 zum Nutzen ward, gleich in den großen Betrieb, der nun schon Verlage, The¬
1022 2274 2728 2330 ater, Zeitungen, Zeitschriften usw. umfaßte. Stefan Zweig. Siegfried Tre¬
1020 2346 2742 2404 bitsch, Hans Müller, Raoul Auernheimer, Max Mell und Paul Wertheimer
1028 2388 2734 2456 gehören in diese Gruppe. Von außen gerieten Freunde hinzu: Jakob Wassermann,
1016 2449 2742 2497 Thaddäus Rittner, Alfred Polgar. Andere stehen gesellschaftlich anderswo, um
1016 2519 2731 2589 geistig trotzdem hier zugerechnet werden zu müssen: der einsame Philipp Lang¬
1020 2566 2004 2648 mann, der mehr philosophische Emil Lucka.
1129 2629 2725 2681 So sieht das Bild dieser zwanzig Wiener Jahre zusammengedrängt aus,
1028 2686 2734 2748 und wenn man im weiten Bogen über die Entwicklung hinwegspringt, wie viel
1029 2746 2731 2800 des Einzelnen, Wesentlichen ist damit übergangen. Dazwischen lagen, wie
1027 2801 2736 2867 immer zwischen Verheißung und Erfüllung, hohe Lebensmomente. Dazu äußerlich
1032 2859 2727 2925 die Überwindung des Naturalismus, das Auftauchen neuer Namen und Be¬
1026 2949 2739 2986 griffe, die kommen, sich grenzenlos erdreisten, um wieder zu verschwinden.
1024 2975 2743 3038 Dekadenz, Symbolismus, Nemomantik, Neoklassizismus und jene Wandlung
1022 3044 2745 3113 zu einem eigentümlichen, virtuosen, spielerischen Ausdruck, den Hermann Bahr
1023 3118 2736 3169 „den technischen Rausch“ genannt hat. Während aber draußen im Reiche Ver¬
1025 3174 2735 3232 wirrung und Verworrenheit immer zunehmen, klingt hier doch ein neues ge¬
1035 3218 1685 3291 meinsames Grundthema an.
1123 3274 2735 3343 Noch ist zu sagen, daß in diesem gedrängten Überblick der Weg vom An¬
1034 3327 2738 3395 fängertum zur Reife bei den meisten miteingeschlossen ist. Wie man sich keinen
1035 3395 2734 3459 „Wallenstein“ ohne „Die Räuber“ keinen „Götz“ ohne Shakespeare und die
1037 3461 2737 3516 anderen Dramen des „Sturm und Drang“, keinen „Faust“ ohne „Götz“ denken
1034 3521 2736 3574 kann, so muß man sich auch hier der einzelnen Wege vom Eklektischen zum
1032 3576 2740 3634 Ortginalen erinnern, Wege, die manchmal nie enden und manchmal sich im
1039 3633 2753 3702 Gestrüpp verlieren. Aber die Dinge find nicht das Wesentlichste. Die Menschen
1043 3689 1611 3767 vor allem vollenden sich.
