3392 4320
184 227 296 316 1
2086 184 2370 259 ———
1536 244 1986 340 box 36//7
314 232 1379 339 Panphlets offorints
1197 686 2126 767 Friedrich Rosenthal, Jungwiener Novellistik.
2359 692 2476 770 101
812 826 2529 892 vom modernen Gesellschaftsmenschen nach englischem Muster abnimmt und ihr
810 907 2525 968 seelisches Wesen aus dem Wienerischen bezieht, aber doch bis zu den letzten
815 960 2526 1042 Instinkten erweitert und in einer unbegrenzten Dämonie dargestellt. Dann folgt
804 1012 2517 1095 hin und wieder wie als Ruhepunkt ein heiteres Ausspannen und eine Spiegelung
806 1054 2519 1154 dieses Menschentums ins Scherzhafte, Frivole, liebenswürdig Bornierte. Ist
818 1140 2520 1214 es nicht auch bemerkenswert, daß diese Menschen in ihrer Benennung so wörtlich
811 1187 2525 1248 übereinstimmen und daß die Namengebung wie ja auch sonst so oft in der
811 1247 2544 1330 Literatur nicht ohne tieferen Sinn ist. Die Männer heißen Adrian, Cossion,
811 1290 2565 1410 Anatol, Clemens und das ist doch fast so programmatisch wie bei den
813 1369 2512 1429 Renaissancenamen Molières. Das Milieu ist fast immer das Theater oder
810 1422 2512 1487 zumindest spielen Menschen dieser Welt hinein und werden, besonders die
811 1487 2509 1551 Frauen, in ihrem Beziehungen zu anderen Gesellschaftsgruppen aufgezeigt. Unter
799 1552 2512 1623 diesen ist der adelige Kreis bevorzugt. Das merkwürdige Wesen des öster¬
805 1600 2516 1658 reichischen Aristokraten, das von einer so lautlosen Noblesse und seelischer Ver¬
808 1658 2512 1721 hülltheit ist und wie hinter einem Schleier zu leben scheint, lockt zur Ergründung.
806 1711 2512 1797 Ein Frauentyous kündet sich an, der Dirne oder Dame, oder zumeist die seltsame
805 1779 2522 1842 Mischung beider, die immer umwittert von den letzten Geheimnissen seines
803 1835 2516 1922 Geschlechtes und den raßlosen Wünschen und Räiseln seines Triebs. Man hat
805 1904 2513 1968 die erotische Spielerei und die ewige Sexualanalyse dieser Dichter oft genug
803 1966 2520 2038 getadelt und spöttisch belächelt. Aber man vergesse nicht, daß diese Dinge dem
800 2019 2521 2067 Wiener Wesen eingeboren sind und wie in der Luft liegend, im Unterbewußtsein
807 2081 2520 2152 auch des gesellschaftlichen Verkehrs ruhen und daß die Psychoanalyse durch
797 2140 2510 2208 ihre Reduktion alles Menschlichen auf die Sexualempfindung eine willkommene
795 2202 2518 2255 Grundlage und Hilfe bot. Die billige Formel, „Liebe und Tod“, auf die
805 2260 2513 2327 man Schnitzler gebracht und die auch bei den meisten andern stimmt, hat nur
802 2307 2511 2363 insoferne ihre Berechtigung, als diese Begriffe dem Dichter in der Tat primärer
793 2387 2512 2447 und darum wichtiger scheinen als die anderen seelischen Konfliktsmöglichkeiten.
800 2422 2502 2488 Von hier aus baut sich auch die neue Form der historischen Novelle auf, die für
802 2487 2508 2547 meine Empfindung in dem Wiener Kreise zum ersten Male menschlich verständlich
798 2549 2509 2623 und ergreifend gefaßt wurde. Wie nämlich aus den kleinen alltäglichen Gefühlen
805 2611 2511 2684 und Ereignissen der Same großer völkerbewegender Taten zur edlen oder giftigen
801 2667 2499 2726 Frucht aufwächst, das wird hier charakteristisch und als merkwürdig gezeigt. Wie
800 2726 2511 2810 die Kehrseite großer Ereignisse auf einmal das hausbackene, alltäglich Idyllische
789 2787 2506 2841 oder den gemeinsamen, niedrigen Menschentrieb offenbart. So kommen Tragik
791 2838 2495 2916 und Ironie der Weltgeschichte gleicherweise zu ihrem Recht. Auch hier sind
794 2903 2502 2957 die dunkeln Zusammenhänge und das grell Gegensätzliche, die absolute Un¬
798 2956 2505 3041 pathetik des Schicksals das dauernd Betonte. Eine Zeit, die nicht mehr die
788 3024 2501 3098 unsere ist, erlaubt es doppelt, in ihrem vielfach schon erdichteten Rahmen die
799 3065 2503 3136 Wunder und Geheimnisse des Lebens auszubreiten. So ergibt sich ein zwiefacher
795 3142 2497 3195 Reiz: Das historische Kolorit, mit den Mitteln eines reichen, farbigen, kultioierten
802 3197 2504 3253 Stils lebendig gemacht und wirkliche Menschen, mit unseren Augen gesehen, aber
805 3253 2500 3327 irgendwie zeitlos gemacht und nur in ihren äußeren Lebensbedingungen in jenes
789 3318 2495 3366 Milieu versetzt. So entsteht eine Lebenskette, die unendlich erscheint und histo¬
798 3380 2498 3435 rische Menschen, die schon stets unsere Phantasie beschäftigt haben, werden nun
797 3435 2508 3481 wirklich Glieder des Weltganzen. Die geschichtlich=dichterische Darstellung hat das
705 3908 2415 3982 ihn nach aller Gewohnheil zarechi, tal einige wüchtige Schrille nach der Tür
701 3972 1796 4038 und rief mit seiner Kommandostimme: „Herein!“
815 4015 2497 4097 Ein junger schlanker Mann trat schüchtern ein, verneigte sich linkisch, ver¬
704 4088 2397 4162 mochte kaum seinen Gruß zu stammeln, so aufgeregt schien er. Sein schmales
2421 4106 2493 4176 20
1192 4140 2421 4205 ar auffallend blaß, die großen dunklen Augen schauten .
