3392 4320
1511 276 1999 377 box 36/7
191 289 1396 411 1. Panphlets offprints
1198 883 2145 982 Friedrich Rusenthal, Jungwiener Novellistik.
2389 900 2486 983 95
910 1035 2512 1116 Blickt man auf diese lange Zeitspanne betrachtend und forschend zurück,
806 1121 2513 1167 so offenbaren sich doch bestimmte Inhalte und Formen, die Aufschluß geben.
817 1170 2517 1253 Es begann damals, dem französischen Vorbild gemäß, das erotische Problem
821 1238 2509 1307 und blieb längere Zeit allein. Mit sozialen Fragen mühte man sich nicht gerne.
815 1291 2524 1350 Auch der Politik und ihren Verzweigungen wich man lieber aus, wie denn
817 1354 2519 1403 überhaupt eine Fremdheit dem lauten und öffentlichen Leben gegenüber Platz
816 1412 2512 1476 griff, die lebhaft verurteilt wurde und bis in die letzten Jahre vorhielt. Der
804 1470 2519 1516 Kreis jener guten Gesellschaft, aus der man hervorgegangen und in der man
804 1534 2517 1601 lebte, war der alleinige Tummelplatz jenes literarischen Treibens. Auch hier
804 1592 2523 1642 war natürlich das Erotische Mittelpunkt, aber es verfeinerte und komplizierte
807 1648 2518 1702 sich auf eine merkwürdige Weise, deren Ursache im Erkennen vielfach ver¬
806 1702 2528 1761 schlungener psycholagischer Beziehungen lag. Mit diesem neuen Inhalt und
808 1761 2514 1837 einer raffiniert und kostbar gewordenen Technik griff man nun die Historie
802 1827 2514 1891 an und erweit#rte das ewig gleiche Bild des Gesellschaftstreibens zu dem des
797 1882 2514 1937 bunten, schillernden, seltsamen des Weltgeschehens. Für solche Stoffe war
811 1933 2526 1994 eigentlich die Novelle die adäquateste epische Form. Schon ihr Wesen, dieses
813 2003 2520 2066 Überraschende, Buntfarbige, rasch Beschlossene, Witzige, Paradoxe und al mutig
813 2062 2521 2119 spielend Gestaltete paßte vortrefflich zu der Eigenheit ihrer Wiener Dichter. In
807 2125 2520 2191 ihr kostbares, reiches und doch nicht zu massioes Gefäß paßte in Inhalt und
808 2188 2527 2233 Form alles, was man vergangenem und gegenwärtigem Leben in konzen¬
803 2236 2520 2310 triertestem Gehalte abnehmen konnte. Dazu erfüllte sie die Definitionen, die
803 2307 2527 2373 Goethe und Aug. W Schlegel von ihr gegeben hatten und die sie „eine sich
804 2356 2525 2408 ereignete unerhörte Begebenheit“ oder „etwas in jedem Punkte ihres Seins
803 2405 2513 2463 und ihres Herzens Neues und Frappantes“ sein ließen, hier auf eine fesselade
812 2469 2512 2543 und vollkommene Weise. Dieser lieh schon die Form, die man hier gerne übte,
802 2530 2510 2585 wertvollste Unterstützung. Selbst der Naturalismus der Wiener war immer ein
800 2578 2519 2643 liebenswürdiger gewesen. Fernab von dem wuchtigen, reinlichen und kargen
815 2651 2512 2715 des Norddeutschen. Es paßte ebenso auch das zu dem ganzen Charakter der
801 2704 2514 2765 Stadt und ihren Menschen. So wurde auch jetzt der Stil der Nooelle der
804 2776 2513 2839 Ausdruck vornehmer, kultivierter, in traditionellem Prunk und lieblicher Schön¬
800 2826 2520 2892 heit erwochsener Menschen. Man denke auch hier an die Franzosen, am besten
809 2882 2511 2938 an Maupassant. Dazu half ferner ein neues Wissen um die tiefsten Dinge des
797 2948 2506 3007 Lebens um die Geheimnisse der Seele und eine gewandelte Weltanschauung.
812 3003 2518 3060 Man möchte sie wie vor hundert Jahren wieder „Romantik“ nennen. Und
801 3055 2516 3109 man könnte das mit gutem Recht. Denn es gibt nichts Neues unter der Sonne.
810 3118 2518 3180 Nur unser Bild der ewigen Erscheinungen wechselt. Auch hier änderte sich
811 3174 2522 3242 nur unser Schauen. Der Begriff blieb. Es ist die alte, stürmische, wenn man
811 3239 2519 3292 will krankhafte Sehnsucht nach dem Unerhörten, Geheimnisvollen, Räiseldunkeln.
810 3292 2510 3352 Es ist das heimliche aber tiefe Erschauern vor den Wundern der Welt und
809 3358 2520 3431 der unfaßbaren Größe des Lebens. Es ist das ungeheuere Phänomen dieser
816 3417 2514 3477 Zeit, von dem noch später gesprochen werden soll, daß sie unter der grauen,
804 3470 2512 3545 gleichgiltigen Decke alltäglicher Nüchternheit ein Fragen, Suchen und ein ganz
814 3527 2512 3592 heiliges Bekennen verbirat, das diese Decke einmal sprengen muß. Man mag
806 3590 2512 3654 etwas heißen, wie man will, mit theologischen oder moralphilosophischen Namen
808 3648 2525 3715 belegen. Ich nenne es Romantik, weil es wieder einmal wie eine große Krank¬
