3344 4352
217 202 811 309 2. Cuttings
910 208 1369 296 box 37/5
1364 1059 2335 1211 JaJ 0o- 113
1645 1204 1796 1277 14 —
1255 1321 2159 1402 Warnung vor der Unsterblichkeit
1338 1387 2034 1443 (Zu einer Peter Altenberg-Vorlesung)
1196 1439 2308 1518 Esrist unmöglich, einen um die Unsterblichkeit zu bringen.
1084 1498 2312 1558 Denn dort, wo es gelingt war, sie ohnedies nicht zu haben. Es
1080 1541 2305 1586 müssen aber vorzugsweise solche Hälle bearbeitet werden, welche
1087 1598 2305 1649 sich die Unsterblichkeit, die ihnen nicht erreichbar ist, auch nicht
1082 1663 2309 1715 entreißen lassen wollen. Solche gibt es. Sie stehen zwischen den
1083 1691 2304 1733 Großen und den Kleinen und sind vermöge des Scheins, auf den
1074 1743 2305 1787 ihr Dasein gerichtet ist, leicht imstande, die Zeitgenossenschaft zu
1081 1801 2304 1846 täuschen und sich eine Würdigkeit beizulegen, auf die die ehrlichen
1071 1844 2299 1887 Handlanger des Tages freiwillig verzichten. Wenn es einmal
1076 1897 2310 1944 gelungen sein wird, dem Publikum beizubringen, daß die Kunst
1073 1946 2300 1995 nicht das Geringste mit den Bedürfnissen der Unterhaltung und
1079 1981 2307 2041 Belehrung zu schaffen habe, so wird man es auch nicht mehr
1071 2034 2299 2079 dafür tadeln dürfen, daß es die Handlanger für die Unbilden
1080 2084 2297 2127 der Nachwelt so reich entschädigt. Was sollte denn ein deutscher
1079 2133 2292 2182 Prosaist mit einem jüdischen Kassier zu schaffen haben, und warum
1082 2180 2304 2234 sollte dieser hienieden nicht besser aufgehoben sein als jener? Daß
1075 2246 2307 2301 nützliche Autoren, Erzähler und Plauderer, deren Beruf zufällig etwas
1074 2287 2297 2334 mit der Verwendung des Alphabets zu tun hat, sich so hoch ein¬
1080 2332 2303 2379 schätzen wie ein schlecht beratenes Publikum es tut, darf auf keinen
1077 2379 2296 2423 Fall geglaubt werden. Aber das Wohlleben ist ihnen mit Rücksicht
1064 2428 2303 2484 darauf zu gönnen, daß die Nachwelt keine Villen und Automobile
1070 2480 2304 2515 zu vergeben hat. Gefährlicher sind jene, denen die finanzielle
1067 2530 2303 2586 Entschädigung nicht genügt und deren Miene die Zuversicht
1075 2579 2288 2634 ausdrückt, daß ihr Wirken mit ihrer Leiblichkeit noch nicht
1073 2628 2295 2675 beschlossen sein werde. Weiß der Himmel, woher sie ihren
1065 2673 2298 2723 Anspruch ableiten, da sie ihn doch vom Himmel nicht ableiten
1069 2723 2305 2784 können. Aber vielleicht waren sie die ersten, die von Gnaden
1072 2777 2300 2824 einer literarischen Mode lebten, die ersten, die auf einem
1076 2823 2293 2870 sogenannten Niveau standen, und in schlechten Zeiten werden
1072 2875 2300 2922 solche immer mit den Modellen und den Originalen verwechselt.
1070 2928 2291 2972 Das Nachleben solcher Talente ist der Irrtum einer, wenn's hoch
1073 2983 2289 3036 kommt, zweier Generationen, und wenn man näher hinhorcht, so
1068 3024 2291 3085 ist es immer nur eine Uberlieferung, nie ein Erlebnis, was sie mit
1068 3071 2293 3124 den Späteren verbindet. Mit Heine wird eine Welt, der es gelingt,
1070 3119 2292 3169 sich von der liberalen Maul- und Klauenseuche zu befreien, umso
1059 3168 2297 3236 schonungsloser verfahren, je länger man seinen Geist hat anstehen
1059 3224 2312 3271 lassen. Umso weniger wird es dann aber den Geistern derer,
3136 4106 3216 4185 ARN
