3296 4384
891 316 1348 403 box 37/5
187 313 861 406 2. Outtings
895 1262 1564 1365 —Lleisco, Stockholm, S. Pe.
845 1318 1145 1376 burg, Toronto.
978 1364 1152 1405 ——
440 1405 1595 1480 Ausschult au-VIENEN ABENDPOST
588 1482 990 1589 E. FEB. : 12
470 1665 1484 1733 („Artur Schnitlex.“ Eine Studie von Josef Karl
419 1697 1475 1789 Ratisk## Hamburg, Verlags=Gesellschaft Hamburg
423 1763 1477 1837 m. b. H.) So wenig die künstlerische Persönlichkeit Artur
422 1815 1473 1888 Schnitzlers, der am 15. Mai d. J. sein 50. Lebensjahr
425 1867 1479 1941 vollendet, als abgeschlossen bezeichnet werden kann, was uns
434 1904 1475 1993 hoffen läßt, daß er noch nicht sein letztes Wort gesprochen
432 1957 1478 2036 hat, tragen dennoch sein bisher irschienenen Werke den
428 2006 1475 2092 Stempel einer besonderen Eigenart an sich, machen uns mit
412 2051 1477 2127 seiner Ansicht von Welt und Leben bekannt. In diesem
415 2098 1477 2187 Sinne gibt auch die vorliegende Monographie des Wieners
423 2157 1473 2238 Ratislav kein abgeschlossenes Bild des Dichters. Wir lernen
416 2192 1483 2298 Schnitzler an der Hand von Vergleichen mit seinen Zeit¬
419 2257 1480 2335 genossen sowie aus einer erschöpfendn kritischen Besprechung
419 2312 1476 2368 seiner Werke kennen, die man nach ihrem inneren
421 2358 1478 2420 Zusammenhang in sieben Gruppen einteilen kann: Novellen
413 2403 1461 2482 größeren Umfanges, kleinere Novellen und Novelletten,
423 2459 1466 2537 Roman, Dramen aus der Stimmung Anatols heraus,
422 2507 1472 2591 Anklagestücke gegen die Gesellschaft und Thesenstücke, Dramen,
410 2549 1465 2639 die das Spielmotiv deutlich erkennen lassen, Künstler= und
414 2607 1466 2664 Menschendramen. Auch der Lyriter Schnitzler, dem man
401 2637 1462 2728 bisher nur wenig gerecht wurde, kommt zu Worte. Er gehört
405 2702 1463 2787 zwar nicht zu jenen Dichtern, die sich von Zeit zu Zeit mit
408 2774 1468 2828 zierlichen Goldschnittbändchen auf dem Büchermarkte einstellen,
418 2819 1460 2886 er hat überhaupt noch nichts Lyrisches in Buchform ver¬
418 2858 1459 2916 öffentlicht; dennoch muß Schnitzler, der Stimmungsmensch,
415 2905 1472 2967 auch von dieser Se#e betrachtet werden. Die angeführte Probe
400 2956 1470 3037 „Anfang vom Evde“ zeigt den intimen Zauber von Schnitzlers
411 3013 1451 3075 Lyrik auf. Die Siellung Schnitzlers unter den Schriftstellern
411 3060 1456 3119 seiner Zeit wird in den Worten gekennzeichnet: „In ihm
405 3108 1464 3183 kommen französischer Esprit und deutsche Skepfis zu einem
404 3167 1464 3239 angenehmen Ausgleich.“ Der Ansicht Hermann Bahrs, daß
386 3199 1451 3294 Schnitzler die großen Züge der Zeit, Leidenschaften, Stürme.
481 3307 1544 3394 Erschütterungen der Menschen, die ungestüme Pracht der
495 3371 1533 3436 Welt an Farben und Klängen, versagt seien, ist der Dichter
487 3411 1543 3479 in seinem „Jungen Medardus“, noch mehr im „Weiten
1230 3461 1511 3529 Dr. A. v. S.
479 3472 929 3551 Land“ entgegengetreten.
2087 968 2342 1031 TTEILUNGEN.
2801 971 2865 1029 17
2121 1075 2886 1146 um ein ganzes Lebensbild zu zeichnen,
2130 1133 2877 1172 wenn der Biograph den Stoff so beherrscht,
2130 1167 2880 1221 wie es bei Reuper der Fall ist. Nicht
2124 1185 2878 1262 sinniger und bezeichnender hätte der Ver¬
2127 1248 2880 1284 fasser sein Werkchen einleiten können, als
2121 1284 2876 1335 Imit dem Hinweis auf die Begeisterung,
2126 1312 2878 1373 Idie den sechzehnjährigen Robert Hamer¬
2122 1343 2875 1406 Iling erfüllte, als er zum erstenmal sLeier
2128 1385 2879 1440 jund Schwerte studierte. Und wie Hamer¬
2120 1436 2869 1491 fing mit glühenden Wangen über dem
2117 1476 2876 1530 Berühmten Buche saß, so mag auch heute
2122 1499 2871 1565 Hoch manches deutsche Jünglingsherz
2127 1541 2875 1601 höher schlagen, wenn es von den Gesängen
2135 1588 2866 1641 des wackeren Mannes vernimmt, der sich
2135 1627 2873 1665 mit dem Schwerte in der Hand einen Tod
2139 1669 2873 1709 erfocht, der ihm die Unsterblichkeit sicherte.
2125 1697 2876 1758 Lrs Zusammenwirken eines Helden- und
2135 1743 2875 1779 eines Dichterdaseins zu einem einheitlichen
2131 1780 2879 1833 Lebensbilde, ohne irgend einen Wider¬
2127 1812 2881 1869 spruch und Makel im Charakter erblicken
2125 1856 2873 1906 zu lassen — solcher Beispiele wird es in
2127 1890 2871 1939 der Geschichte der Weltliteratur nicht zu
2127 1936 2872 1987 viele geben. Der Hauch unverbrauchter,
2121 1963 2865 2021 für ein Ideal geopferter Jugend ist es, der
2125 2002 2867 2046 bei der Lektüre von Korners Dichtungen
2132 2050 2866 2100 mit großer Gewalt in Geist und Herz des
2133 2084 2864 2140 Lesers eindringt. Und ieser Dichter¬
2133 2121 2867 2179 Heldenjüngling haben wir un kurzen
2117 2153 2865 2215 knappen Strichen noch nie so lebenswahr
2126 2195 2866 2254 und naturgetreu gezeichnet gefunden, wie
2122 2233 2870 2288 es Reuper hier getan hat. Die gebildete
2125 2273 2865 2326 deutsche Jugend wird ihm den Dank dafür
2121 2315 2867 2360 nicht versagen, dieselbe Jugend, die ihm
2124 2348 2869 2400 früher schon so gern gefolgt ist, als er
2123 2391 2872 2447 ihr von den Taten kühner Männer erzählt
2121 2427 2872 2479 („Helden zur Sees) und sie ins Reich der
2132 2468 2859 2517 Fabel- und Schwankdichtung (elm Reiche
2127 2507 2864 2554 des Löwena, „Schnurren und Schnakene)
2126 2546 2858 2581 mit lächelnder Miene eingeführt hat. Erst
2130 2580 2865 2633 kürzlich beim 70. Wiegenfest Reupers
2125 2616 2857 2660 haben wir aus dem Munde eines seiner
2115 2653 2856 2709 ehemaligen Schüler selbst vernommen,
2120 2703 2862 2749 wie sehr er sich als Realschullehrer und
2115 2719 2854 2787 -direktor den Dank der von ihm Unter¬
2111 2771 2858 2822 richteten verdient hat. Reupers Gemeinde,
2119 2817 2864 2861 zu der er jetzt als Lehrer und Freund
2122 2853 2853 2886 spricht, ist viel größer geworden; seine
2116 2891 2863 2942 Jugendbücher sind in vielen Tausenden
2112 2925 2856 2973 von Exemplaren in-Deutschland und Öster¬
2114 2954 2863 3007 reich verbreitet und das neue Büchlein
2116 3004 2857 3053 dürfte die Ziffer seiner Leserschar sicher
2104 3035 2653 3104 verdoppeln und verdreifáchen.
2601 3068 2839 3129 L. H—nn.
2109 3088 2875 3185 Ratislan, Yosef Karl, Artur Schnitzler.—
2189 3153 2575 3206 Eine Studie. K 1.20.
2152 3184 2856 3249 Die vorliegende Monographie wird der
2117 3225 2857 3284 interessanten Erscheinung des hervor¬
2108 3256 2859 3321 ragenden österreichischen Dichters vollauf
2110 3303 2852 3352 gerecht. Was Artur Schnitzler bisher
2120 3343 2855 3404 hervorgebracht hat, besitzt, so wenig auch
