3436 4352
216 210 814 310 2. Cuttings
914 225 1366 319 box 37/5
1629 1183 1722 1247 19
1053 1318 2265 1388 Selbst nicht, von außen weht es uns an-,  Unser Selbst ist eine Metapher“,
1063 1366 2274 1417 Wir sind nicht mehr als ein Taubenschlage, „Charaktere im
1053 1402 2285 1465 Drama sind nichts als kontrapunktische Notwendigkeiten-,Meine
1049 1444 2282 1487 Menschen sind nichts als das Lackmuspapier, das rot oder blau reagiert“.
1058 1480 2277 1543 Das ist sein Weltgefühl, daß der Mensch nur ein Schnittpunkt von
1045 1533 2280 1581 Lebenslinien, nichts an sich ist. Von der dumpfen Wonne, daß alles
1053 1576 2281 1623 uns durchschreitet, und von der noch dumpferen Trauer, daß nichts unser
1055 1595 2279 1640 ist, ja daß wir nichts sind, es sei denn ein wesenloser Knäuel von Be¬
1042 1643 2277 1699 ziehungen, sind all seine Sätze und Sänge voll, dies ist sein Ethos:
1056 1679 2280 1742 ihm entnimmt er seine trunkensten Ausweitungen, seine höchstgreifenden
1042 1733 2271 1772 Gesichte, aus ihm kommt die hoffnungslose Lähme, die nicht tun nur
1047 1774 2271 1823 dulden kann, die Empfänglichkeit, die nicht gebären kann, die Betäubung,
1041 1796 2280 1860 die bis ins Ruchlose des Zynismus führt, weil es keine Werte gibt wo
1040 1842 2276 1883 es kein Ich gibt, die Sorglosigkeit sich allem preiszugeben, weil kein
1049 1883 2269 1939 Ich dabei zerstört oder verloren werden kann, die stete Angst den Sinn
1051 1924 2268 1975 und die Fülle des Daseins zu versäumen. So hat er, ohne eine Not und
1038 1958 2267 2014 Richte in sich selbst, sich mehr und mehr der nächsten Bezauberung
1035 2001 2264 2056 dargeboten, mit den Jahren weiter abgerückt von der Mitte, durch Erfolge
1049 2045 2271 2091 selbst verlockt, sich mit immer Zufälligerem und Nichtigerem begattet,
1041 2077 2263 2128 zersetzt und erschöpft, die mißbrauchten Organe des Dichtens bis zum
1034 2121 2265 2155 Krampf aufgepeitscht, bis zum Taumel betäubt. Umsonst sucht er jetzt
1045 2165 2264 2208 das Leben von außen hereinzuleiten, das von innen nimmer quellen will.
1045 2186 2275 2233 Die Zeit seines (roos yanog, der Morgenschauer einer frisch erschlossnen
1040 2241 2272 2266 Welt, der selige Beginnerblick auf eine unverbrauchte Erbschaft ist vor¬
1040 2276 2262 2321 über für ihn, und er erkennt selbst schmerzlich, daß „Schnellsein nicht
1034 2305 1392 2367 zum Laufen hilft:.
1168 2357 2261 2417 So sieht es mit der konkreten Erfüllung aus, mit der Borchardt
1039 2409 2265 2440 George zurechtweisen will. Ubrigens wird er wohl jetzt selbst nicht mehr
1037 2445 2262 2483 frivol genug sein, den heutigen Hofmannsthal der Dialekt-Komödien und
1039 2482 2258 2531 Operetten-Texte der deutschen Jugend als Meister und Vorbild zu preisen.
1152 2552 2264 2609 (Nur darin weiche ich von der Anschauung Gundolfs ab,
1038 2600 2256 2661 daß mir ein Weib, welches sich mit immer Zufälligerem und
1039 2650 2258 2704 Nichtigerem begattet, seine Organe keineswegs zu mißbrauchen
1028 2712 2251 2763 scheint, jedoch ein Dichter auch durch die Gleichstellung mit
1028 2748 2253 2793 einem Weibe, das von seinen Organen den weisesten Gebrauch
1037 2801 2249 2858 macht, entwurzelt wird. Aber es verläuft hier und dort alles, wie die
1038 2846 2251 2896 Natur will, und ein weiblicher Dichter bringt sich so wenig herunter
1032 2889 2245 2944 wie ein Weib. Der Mann, dem man die Wahllosigkeit einer
1032 2947 2244 3006 empfangenden Psyche nachsagen kann, vermag wie das Weib nur
1036 2989 2238 3054 soziale Einbuße zu erleiden, aber nicht das in Gefahr zu bringen,
1036 3044 2245 3097 was man bei ihm mit Unrecht Persönlichkeit nennt. Auf dem
1026 3096 2254 3132 Abweg, den die Natur gewiesen hat, gibt es keine Verirrung.
1035 3140 2260 3191 Solches Dichten werde nicht mit dem weiblichen Sexualakt ver¬
1019 3198 2267 3254 glichen, sondern besser mit dem Surrogat hiefür, das von den
