3344 4352
211 193 1369 303 2. Guttings box 37/5
1288 1077 2025 1164 A
988 1230 2336 1287 kühne Bogen schwangen sich zur Zukunft. Einsätze und Wagnisse
1000 1273 2327 1320 waren da und Berechnungen haarscharf und von begeisternder Mäch¬
1001 1320 2342 1368 tigkeit Da wurde das ganze Getriebe einer schreibenden Welt höchst
994 1366 2348 1411 ameisenhaft unbedeutend und seine auf das Bürgerliche gerichtete
1001 1417 2336 1457 Arbeitssehnsucht bekam Fügel.e Manches innige, ja weise Wort klingt
989 1455 2337 1499 auf, und vielleicht ist diese lächelnde Behandlung eines an sich tra¬
1000 1498 2342 1549 gischen Stoffes auch nichts anderes als ein Stück Nachsicht, eine un¬
997 1562 2340 1602 eingestandene Mahnung.an-kämpfende Seelen gerichtet, mit Güte, Liebe
996 1590 2331 1639 und vertrauencer Geduld gefährliche Versuchungen zu überwinden.
1010 1713 2338 1768 DR. THEODOR REIK: ARTHUR SCHNITZLER ALS PTYCHO.
1031 1768 1910 1825 L.OGE. J. C. C. Bruns. Minden
1083 1805 2336 1861 Dieses Buch hat nicht die Absicht, die ästhetische Literatur über
1000 1861 2340 1913 den Wiener Dichter zu bereichern, es verfolgt vielmehr nur wissen¬
1002 1899 2342 1947 schaftliche Zwecke. Es verleugnet in keiner Zeile, welchen überragenden
998 1952 2346 2003 Anteil die von Professor Freud begründeten psychoanalytischen
1000 1986 2342 2036 Lehren an seiner Entstehung und Entwicklung haben. Wie immer man
991 2032 2344 2086 es seinem Werte nach beurteilen will, es muß von diesem Standpunkte
1003 2076 1432 2130 aus gewertet werden.
1079 2117 2344 2181 Die psychoanalytische Forschung kann über künstlerische Fragen
992 2160 2345 2209 nur zum Teile tiefere Aufschlüsse geben; sie kann das psychische
995 2212 2344 2265 Material und seine Verarbeitung zeigen und die seelischen Mechanismen
993 2253 2340 2290 bloßlegen, welche in der Konzeption und im weiteren Verlaufe der
1000 2311 2342 2363 Arbeit wirksam waren. Andere Probleme, wie z. B. das der dichterischen
997 2335 1608 2402 Begabung, entgehen ihr völlig.
1090 2374 2336 2425 Wollte ich mit einigen Worten ausführen, in welcher Art die
1004 2434 2344 2491 seclische Analyse in meiner Untersuchung gehandhabt wurde, so
1004 2472 2338 2523 müßte ich darauf verweisen, daß sie von der Grundansicht der
995 2509 2344 2578 psychoanalytichen Forschung, nämlich von der durchgängigen und
1001 2565 2335 2611 ausnahmelosen Determiniertheit der seelischen Vorgänge ausgeht. Die
997 2607 2346 2662 einzelnen Teile des Buches sind ähnlich aufgebaut. Sie ziehen
992 2645 2337 2694 psychische Details, scheinbar unwesentliche Besonderheiten im Erleben
997 2694 2330 2744 der Schnitzlerschen Personen heran und bemühen sich, von hier aus —
991 2734 2346 2808 also von dem prefuser der Beobachtung — zu den kompliziertesten
996 2787 2336 2826 und verborgensten Regungen vorzudringen. Die scelischen Wege der
1002 2836 2332 2882 männlichen und weiblichen Eifersucht werden verfolgt und in ihr
1003 2876 2336 2916 ein Projektionsphänomen verdrängter homosexueller Tendenzen dar¬
997 2919 2342 2980 gestellt. Die Bedingung des obetrogenen Dritteng, welche ein auffallendes
991 2954 2344 3011 Moment im Liebesleben der Schnitzlerischen Gestalten bezeichnet,
1000 3010 2342 3054 mußte im Verein mit anderen Zügen der Objektwahl dazu führen,
1000 3055 2334 3093 den verschiedenen Forinen des Inzestmotives von den ersten dichterischen
1000 3093 2345 3133 Versuchen, bis zu Schnitzlers letzter Novelle „Frau Beate und ihr Sohne
993 3143 2343 3184 besondere Aufmerksamkeit zuzuwenden. Eine gleich große — ja
1003 3193 2336 3243 vielleicht größere — Wichtigkeit kommt im seelischen Erleben der
992 3228 2341 3270 uns liebgewordenen Gestalten dem nachwirkenden Einflusse des Vaters
991 3273 2337 3315 zu, welcher fördernd oder hemmend in ihren Liebesabenteuern spürbar
990 3320 2347 3369 wird und sich in manchen Details verrät. Das Verhältnis zwischen
2222 3417 2348 3488 397
