3392 4352
175 262 766 358 2. Cuttings
856 254 1318 346 box 37/5
1500 1246 1935 1333 #uapest, Chicago, G...
1327 1284 2214 1393 Pennagen, London, Madrid, Mailand, Minnenpen
1148 1329 2247 1428 New-Vork, Paris, Rom, San Francisco, Stockholm, St. Peters¬
1555 1383 1841 1454 burg, Toronto.
1450 1425 1954 1502 (Quellenangabe ohne Gewühr.)
1141 1465 1556 1555 Ausschnitt aus:
1494 1554 1556 1626 9.
1141 1570 1302 1622 vom:
1574 1530 2270 1671 spmburper Trendenhiar¬
1209 1682 2118 1752 Arthur Schnitzler. Von Dr. Julius
1300 1738 2120 1808 Kapp. Im Xeniey=Verlag zu
1302 1783 1602 1849 Leipzig.
1256 1812 2179 1895 Zum 50. Geburtstage des Dichterswill
1182 1880 2085 1933 der Autor des vorliegenden Buches der ge¬
1175 1916 2166 1975 samten Lebensarbeit Schnitzlers eine kritische:
1171 1959 2119 1999 Würdigung widmen. Er sieht in dem gegen¬
1170 2066 2109 2127 wärtigen Schaffen des Wiener Poeten einen
1153 2106 2109 2169 Wendepunkt und faßt daher das bisherige zu
1167 2144 2102 2214 einem geschlossenen Ganzen, zusammen. Nach
1155 2184 2113 2233 einer Einleitung, die sich mit dem literarischen
1161 2234 2104 2285 Jung=Oesterreich überhaupt beschäftigt, geht er
1168 2272 2099 2325 auf den eigentlichen Gegenstand seiner Arbeit
1160 2302 2103 2364 über, führt die Jugendwerke und die der Reise
1161 2338 2099 2401 in Auszügen und Schilderungen an, und schließt
1161 2384 2108 2435 mit einem Anhang, in dem er biographische
1153 2418 2098 2478 und bibliographische Angaben in geordnetem
1162 2456 2088 2520 Zusammenhang bietet. Es läßt sich nicht leug¬
1151 2502 2103 2560 nen, daß dadurch ein klares übersichtliches Bild
1153 2535 2097 2592 Schnitzlers entsteht, zumal die Ausführungen
1149 2576 2101 2638 Kapps mit Liebe und eindringendem Verständ¬
1237 2615 2104 2683 geschrieben sind. Eine andere Frage freilich
1151 2641 2091 2722 ist die, ob eine derartige Schrift überhaupt er¬
1151 2678 2094 2745 forderlich war. Schnitzler ist populär genug
1142 2719 2096 2782 und braucht kaum der Fürsorge seiner Verehrer.
1149 2764 1842 2825 Er ist aber auch keineswegs so
1841 2778 2099 2834 kompliziert,
1153 2801 2094 2874 um von gebildeten Lesern und Zuschauern im
1155 2834 2117 2915 Theatermißverstanden zu werden. Warum also 1
1147 2883 2095 2931 die Interpretierung? „Es würde mich freuen“.
1153 2913 2093 2987 sagt der Autor in der Einleitung, „wenn es
1151 2964 2092 3023 mir vergönnt wäre, durch die nachstehenden
1142 3000 2091 3063 Betrachtungen der Kunst Schnitzlers neue Freunde
1152 3040 2088 3108 zuzuführen“. Meiner Meinung nach tut dies,
1139 3082 2082 3145 wenn es überhaupt noch nötig ist, eine Auf¬
1146 3106 2087 3184 führung irgendeines seiner Werke mindestens
1142 3161 2083 3220 so gut, und es wäre bei weitem verdienst¬
1143 3196 2081 3243 voller, wenn sich die Biographen und Literar¬
1143 3232 2080 3303 historiker derer annehmen wollten, denen der
1146 3267 2085 3330 Weg zur Oeffentlichkeit noch nicht verschlossen
1146 3304 2073 3378 ist. Statt denen, die schon auf der Höhe stehen,
1144 3338 2091 3415 sorgsam nach zuspüren, sollte man lieber
1130 3389 2082 3458 den Strebenden, die ein neidisches Geschick un¬
1134 3423 1734 3484 verdientermaßen zurückhält, v
1788 3442 2081 3493 an zuleuchten
1139 3456 2084 3524 suchen, damit sich die tragische Geschichte vom
1133 3501 2076 3575 verkannten Genie nicht immer und immer
1129 3542 2070 3615 wiederholt. Mühsamer mag das ja sein, aber
1135 3584 2033 3638 dafür ist es auch ehrenvoller, wenns gluckt.
1647 3633 2044 3706 Paul Alexander.
1464 3670 1590 3753 44——
