3344 4352
163 280 751 373 2. Cuttings
847 284 1308 376 box 37/5
2163 843 2256 902 210
1244 858 1662 923 1d, Bellermann, Kapp
1276 969 2314 1035 frühere Vorliebe für die Fremdwörter sehr erheblich ein¬
1274 1023 2312 1082 gedämmt ist. Nur hätten die für das Deutschtum und die
1274 1080 2317 1122 deutsche Sprache so mannhaft streitenden Männer Christian
1283 1105 2318 1163 Thomas und Georg Schottel auch ruhig mit dieser ihrer
1284 1160 2319 1196 deutschen Namensform anstatt mit der lateinischen genannt
1276 1193 1559 1246 werden sollen.
1849 1226 2259 1285 Hermann Jantzen
1349 1232 1750 1304 Königsberg i. Pr.
1275 1305 2325 1348 Aias. Tragödie des Sopholles. Uebersetzt von Ludwig
1335 1336 2322 1394 Bellermann. Berlin 1912, Weidmannsche Buchhandlung.
1336 1388 1690 1438 118 S. M. 2,20.
1356 1423 2325 1465 Bellermann lebt noch von jener klassischen Zeit, die
1286 1450 2328 1503 Wilamowitz als so unangenehmen Bann“ empfindet. Er
1288 1499 2330 1558 steht darum dem neuen geistigen Leben viel näher, denn
1295 1529 2326 1590 wenn auch die Bekenntnisse verschieden sind, so ist der
1291 1575 2325 1626 einfache Glaube, die reine Verehrung des schlechthin Großen
1293 1626 2326 1672 die gleiche. Etwas glüht in ihm nach von der „Schiller¬
1288 1667 2330 1710 und Goethezeit“ und das ist uns heute wieder lieber als
1295 1697 2333 1742 alles, was sich literarisch als Moderne bespiegelt. (Nur
1297 1724 2330 1795 seine Bemerkung über Humboldts „Agamemnon“ ist ver¬
1594 1760 2332 1822 Der Ton der Übersetzung ist der der
1532 1788 1594 1814 —
1296 1778 1531 1827 wunderlich.)
1303 1817 2334 1864 Epigonendichtung. Ein Vers wird dies Urteil genügend
1306 1840 2332 1898 erklären: „Athene! Göttin, meines Lebens Licht und
1306 1884 2336 1948 Hort!“ der wörtlich bescheidener, aber anmutiger so heißt:
1306 1918 2336 1982 „O Stimme Athanas, der liebsten mir von den Göttern!“
1300 1977 2340 2013 Bellermann wird gar nicht das Verlangen gehabt haben,
1305 2013 2345 2062 etwas Höheres als eine Epigonendichtung zu geben, und
1301 2039 2343 2102 so ist an seinem Werk nur auszusetzen, daß es schon in eine
1307 2087 2333 2131 Zeit fällt, da man nach dem wirklich Dichterischen greifen
1307 2114 2342 2171 darf und soll. Darum soll man nicht fragen, ob nun die
1309 2161 2336 2213 Aufgabe gelöst sei, sondern einfach aussprechen, mit wie
1300 2200 2348 2251 großer Freude diejenigen, die Bellermanns lebendige Ein¬
1300 2233 2343 2283 wirkung früher an sich verspürt haben, aus der Übersetzung
1296 2273 2356 2325 und dem gehaltvollen Vorwort die Erinnerungen an den
1292 2318 2114 2404 so hoch verehrten Lehrer wachrufen werden.
1863 2354 2287 2414 Kurt Hildebrandt
1432 2365 1563 2419 ETTIN
1300 2418 2346 2478 Arthur Schnitzler. Von Julius Kapp. Leipzig 1912,
1368 2480 2122 2519 Temen Beklag. 178 S. M. 2,50 (3,50).
1386 2494 2352 2560 Das hübsch ausgestattete Buch bildet die umfangreichste
1308 2558 2356 2601 der dem fünfzigsten Geburtstage Arthur Schnitzlers ge¬
1323 2581 2354 2647 widmeten Studien und soll als Gelegenheitsschrift nicht
1329 2614 2357 2683 mit dem strengen Maßstab einer großen wissenschaftlichen
1317 2664 2363 2707 Arbeit gemessen werden. Es ist jedenfalls sehr verdienstlich,
1322 2717 2354 2757 daß der Verfasser sich bemüht hat, ältere Arbeiten des Dich¬
1321 2755 2352 2803 ters, die, gänzlich verschollen und unzugänglich, selbst den
1324 2773 2353 2838 engeren Heimatgenossen unbekannt geblieben, ans Licht zu
1326 2815 2357 2878 ziehen und über sie Mitteilungen zu machen: so ein drama¬
1320 2875 2359 2913 tisches Gedicht „Alkandis Lied“, das schon 1890 Traum
1334 2885 2354 2957 und Wirklichkeit, wie später „Die Frau mit dem Dolche“
1322 2938 2371 2996 durcheinandergleiten läßt, und kleine Novellen, unter denen
1324 2970 2364 3026 besonders „Freund Ypsilon“ durch die erste Andeutung der
1334 3021 2355 3069 Auffassung des Lebens als Puppenspiel beachtenswert ist.
1324 3055 2377 3110 Die Charakteristik des Dichters war wohl nicht zu verfehlen,
1327 3089 2364 3142 und was der Verfasser in ganz gefälliger Form vorbringt,
1333 3145 2367 3190 entspricht der landläufigen Beurteilung. Größere Ver¬
1328 3165 2367 3227 tiefung, die ein verhältnismäßig umfangreiches Buch er¬
1329 3209 2367 3264 warten ließe, tritt nirgends zutage. Er zählt, dramatische
1328 3259 2381 3300 und prosaische Schriften trennend, die einzelnen Werke auf,
1338 3306 2376 3352 gibt den Inhalt und knüpft an jedes seine Bemerkungen,
1333 3324 2370 3379 die manchmal treffend, zumeist aber recht nichtssagend aus¬
1333 3366 2367 3428 fallen, namentlich bei den Erzählungen, denen er überhaupt
1341 3404 2379 3463 gegenüber den dramatischen Werken zu wenig Beachtung
1342 3442 2372 3512 schenkt. Oft hilft er sich mit konventionellen Floskeln weiter,
1347 3498 2378 3545 wenn es z. B. bei der Novellensammlung „Die Frau des
1348 3537 2378 3586 Weisen“ heißt: „Fünf zarte, duftige Gebilde hat Schnitzler
1335 3558 2380 3609 hier zu einem Strauße vereinigt.“ Zu den „amüsanten
1342 3590 2368 3660 Nichtigkeiten“ läßt sich „Andreas Thameyers letzter Brief“
1352 3629 2389 3704 gewiß nicht rechnen. Zum „Schleier der Beatrice“ dessen
1352 3659 2385 3753 hohe Einschätzung sehr erfreut, ist viel weniger Wedekind
1342 3719 2381 3776 als Grillparzers „Jüdin von Toledo“ heranzuziehen.
1340 3767 2380 3810 Störend wirken kleine Geschmacklosigkeiten, wie die Be¬
1538 3786 2377 3854 des Helden im „Märchen“ als „konstruierter
1348 3814 1521 3865 zeichnung
1352 3837 2382 3898 Trottel“. Auf das Technische des schnitzlerschen Dramas
1497 3897 2384 3970 R
3108 4188 3158 4236 1
