3344 4320
798 10 1369 100 Hans Natoneit (hae 6
812 68 1603 178 Psychoanalyse und Literatur.
806 131 2200 217 (Randdemerkungen zu Dr. Theodor Reiks: „Arthur Schnitzler als Pfycholog“.*)
925 182 2220 268 Eine neue Methode der Literarerverrachtung künder -firh-auz.
811 244 2212 331 seit nicht allzulanger Zeit, nicht immer sehr sympathisch und mit
817 297 2210 389 wechselndem Gelingen. Die Psychoanalyse hat die Neuheit und
811 341 2213 427 manches Frappierende für sich und konnte die Hoffnungen, die
815 386 2214 484 man diesem Wissenszweig als einem belebenden Element der
820 434 2224 533 Literaturgeschichte entgegenbringt, ob seine. Jugend noch nicht
814 501 1881 582 enttäuschen; aber das wird schon noch kommen.
941 531 2216 629 Die Psychoanalyse in der Literaturgeschichte, neben histo¬
814 588 2227 674 rischen, ästhetischen, kritischen Erwägungen, dürfte sich auch schon
819 645 2224 707 vor S. Freud nachweisen lassen. Aber es ist sozusagen un¬
831 679 2240 777 bewußte Psychoanalyse. Bewußt zur vorherrschenden Methode
827 728 2243 825 bei Betrachtung von Dichter und Dichtung gemacht, bildet die
837 806 1444 894 Psychoanalyse ein Novum.
956 813 2242 917 Von Dr. Theodor Reik ist ein Buch erschienen: „Arthur
832 874 2241 961 Schnitzler als Psycholog.“ Im Vorwort schreibt der Autor pro¬
832 915 2235 1007 grammatisch: „Die folgende Untersuchung verzichtet von vorne¬
837 975 2235 1066 herein auf ästhetische Wertungen und verfolgt nur wissenschaft¬
846 1021 2246 1112 liche Zwecke. Und im Schlußwort: „Literaturbetrachtung sei im
848 1070 2241 1157 wesentlichen angewandte Seelenkunde. Der Kritiker sei ein Psycho¬
1038 1111 2249 1201 Die Arbeit des Literarhistorikers sei seelische Tiefsee¬
847 1158 998 1216 loge
855 1174 2258 1260 forschung.“ Nach dem Vorwort also hat die psychologische Analyse
856 1213 2252 1319 zur Literatur kein anderes Verhältnis als zum Leben selbst, als
852 1266 2263 1374 zu irgend einem Objekt, das die Psychoanalyse zum Gegenstand
974 1353 1975 1445 *) Im Verlage von L. C. C. Bruns, Minden i. W.
838 1472 2236 1551 ihrer Untersuchungen macht. Der Hauptton ruht auf Psycho¬
833 1534 2241 1597 logie; daß sie die Dichtung aufs Korn genommen hat, ist mehr
823 1577 2241 1640 oder minder nebensächlich und zufällig. Im Schlußwort ist der
830 1626 2232 1677 Standpunkt (von dem man annehmen darf, daß es der Stand¬
840 1693 2235 1745 punkt des Buches ist) gewechselt: Die psychoanalytische Durch¬
836 1730 2237 1781 forschung des Dichterwerkes gilt dem Autor als die beste Art,
838 1779 2235 1829 Literaturhistorie zu treiben. Im Vorwort ist die Psychoanalyse
830 1817 2232 1880 Zweck, die Dichtung nur Gegenstand und Mittel der Unter¬
839 1879 2244 1953 suchung. Im Schlußwort ist die Psychoanalyse Mittel zu lite¬
825 1927 1481 1993 rarischen Erkenntniszielen.
943 1985 2237 2043 Der ausgesprochene Verzicht auf ästhetische Wertung ist eine
836 2025 2234 2074 Schutzmaßregel gegen bedenkliche Frager. Er will vorbeugen, er
839 2068 2241 2132 deutet auf die wundeste Stelle und sagt: hier nicht anrühren!
831 2131 2240 2186 Dadurch aber, daß Reik bei Betrachtung eines Dichter=Lebens¬
833 2173 2237 2233 werkes, von vorneherein auf ästhetische Wertung verzichtet, ist er
822 2225 2249 2278 nicht entschuldigt, wenn er es auch wirklich tut! Umsoweniger, als
835 2273 2233 2316 er in seinem Schlußwort die Psychologie als beste, fast einzige
839 2322 2236 2375 Methode der Literaturbetrachtung ausruft. Daß bei der psycho¬
839 2370 2247 2432 logischen Zerfaserung einer Dichtung etwas Ersprießliches für die
841 2427 2242 2482 Psychoanalyse herauskommt, mag sein; ob es aber der Dichtung
839 2482 2251 2538 zugute kommt, wenn man sie durch das psychoanalytische Prisma
823 2515 2241 2575 betrachtet — das ist hier die Frage; und deshalb wäre es gut
829 2566 2234 2614 gewesen, Reik hätte seinen Standpunkt reinlicher und wider¬
830 2610 2241 2669 spruchslos (obzwar ich sonst nicht so hin!) umschrieben und uns
826 2680 1916 2741 gesagt, ob er Literatur meint oder Psychoanalyse.
953 2786 2242 2843 Neurotiker und Dichter sind eines Stammes. Von jenem
836 2842 2242 2900 wußte man ohne die Forschungen der Psychoanalyse nur sehr
837 2884 2246 2945 wenig. Von diesem ahnte man manches auch ohne sie. Man ahnte,
834 2941 2232 2996 daß der Dichter Gedanken, Worte, feelische Vorgänge wie wirk¬
838 2989 2240 3033 liches Geschehen wertet; daß ihm die Kunst Ersatz für das Leben
838 3032 2237 3088 ist, vor dem er sich fürchtet, oder nach dem er sich sehnt, ohne die
830 3082 2248 3147 Kraft zu besitzen, es sich untertänig zu machen. Die Psychoanalyse
826 3135 2244 3184 verhalf diesen Ahnungen (und vielen anderen) zur Bewußtheit;
829 3187 2236 3228 (das tut die Psychoanalyse mit Vorliebe!). Sie erkannte das
834 3234 2234 3284 Wesen des Neurotikers, sie zog Verbindungslinien zwischen ihm
839 3276 2240 3340 und dem Dichter, sie lieh seelischen Vorgängen eine Terminologie,
835 3341 2240 3409 gegen die nichts einzuwenden wäre, solange sie nicht in die Sprache
840 3394 2242 3444 eindringt. Das ginge alles noch an; aber: seitdem die Neurotiker
840 3441 2242 3482 mit den Dichtern gehen, gehen die Psychoanalytiker mit den Literar¬
832 3489 2076 3553 historikern. Und hier setzen wieder unsere Bedenken ein.
948 3586 2241 3645 Der Kunst ist das Psychologische nicht Selbstzweck. Die
828 3658 2239 3709 Dichtung will nicht die innersten Mechanismen und Triebwerke
832 3698 2237 3743 der Psyche aufdecken. Ihre Ziele liegen ganz anderswo. Sie will
832 3741 2248 3806 nicht angewandte Psychologie sein. Wenn sie es ist, so ist sie das
835 3806 2246 3867 nur ganz nebenher, so hat sie die seelischen „letzten Dinge“ nur
1469 3870 1611 3954 359
