3392 4352
896 243 1359 341 box 37/5
198 241 792 354 2. Cuttings
379 1092 484 1166 *
377 1141 460 1193 9 5
612 1103 1395 1261 ALTIaala
372 1155 1406 1361 S
1577 1307 1713 1392 *
585 1312 1354 1439 Wien, I., Concordlaplatz
1401 1333 1671 1489 4.
782 1403 1217 1484 Vertretungen
444 1463 1582 1587 in Berlin, Budapest, Chlcago, Christlanla, Gent, Sy.)04.
447 1502 1507 1606 hagen, Lendon, Madrid, Mailand, Minneapolls, Nei „
494 1551 1454 1633 Paria, Rom, San Francisco, Stockholm, St. Petersbh.
787 1591 1209 1648 (Guelienangebe eun Ge###).
1473 1676 1593 1746 U
429 1619 1522 1773 Assschaltt ans: GRAZER TAGRL R
723 1705 949 1794 K. 1912.
432 1740 592 1832 Pen:
492 1832 1477 1925 (Dritter volkstümlicher Vortrag des Kasino¬
434 1895 1439 1972 vereines.) Sonnabend den 20. d. sprach Herr k.
431 1932 1448 2014 Oberrealschulprofessor Karl Cora über den jüdi
419 1976 1462 2071 schen Schriftsteller Artur Schnitzler, den er
426 2036 1462 2122 allerdings maßlos überschätzte, wenn er ihn als
422 2083 1459 2178 den eigentlichen Hauptvertreter der deutschöster¬
422 2132 1453 2221 reichischen Literatur und als ihre „stärkste Hoff¬
425 2176 1455 2262 nung“ hinstellte. Da es an anderem Orte nicht
420 2225 1460 2317 möglich ist, möchten wir hier in diesem völkischen
413 2277 1445 2362 Blatte Widerspruch dagegen erheben, wenn der
423 2321 1459 2413 Redner nur von der „Konfession“ seines Dichters
420 2371 1457 2473 sprach und meinte, daß ihm Konfession Nebensache
402 2416 805 2484 sei. Artur Schnf
812 2432 1458 2520 e#pist Rassejude, sogar
409 2457 1438 2557 Zionist, also jübischer Nationalist. Bei seiner Be¬
405 2511 1451 2607 urteilung kommt nicht eine Konfession in Betracht,
392 2578 1456 2670 die allerdings bei einem Schnitzler auch mit der#
401 2613 1453 2708 Laterne vergeblich gesucht werden könnte, sondern
390 2662 1445 2736 seine semitische Rasse, die unserem arischen
395 2717 1435 2784 Geiste weltenferne steht. Diese Rasse ist nicht Neben¬
390 2759 1440 2850 sache, sondern bei der Beurteilung Schnitzlers
387 2810 1443 2899 Hauptsache. Die Sinnlichkeit, die in der fast aus¬
385 2863 1437 2926 schließlichen Stoffwahl aus dem Gebiete des Ehe¬
376 2905 1433 2995 bruches, der Prostitution, der auch im Tode noch
389 2963 1427 3047 nicht erlöschenden Leidenschaft sich offenbart, die
372 3001 1436 3112 ververse Phantasie, die in Mord, Duell und
380 3056 1427 3144 Dämmerzuständen schwelgt, dürften keineswegs un¬
375 3107 1428 3192 abhängig sein von Schnitzlers scharf ausgeprägtem
372 3140 1424 3224 Rassejudentum, das diesen Wiener Dekadent
378 3191 1418 3288 zu einer ähnlich schädlichen Erscheinung wie
368 3247 1410 3333 einen Heinrich Heine und so viele andere Literatur¬
371 3292 1418 3385 juden macht. Gerade der Deutschösterreicher sollte
366 3358 1412 3431 nach dem bekannten deutschnationalen Schrift¬
372 3390 1425 3483 steller Paul Samassa sittliche Kräftigung
365 3448 1418 3518 anstreben, weshalb es auch nicht zu begrüßen ist,
354 3496 1421 3580 wenn ein überwiegend aus jungen Mädchen
359 3541 1413 3649 und Schülern bestehendes Publikum durch einen
361 3593 1396 3674 Jugendbildner in sämtliche von Schnitzler
347 3633 1406 3749 geschilderten Ehebrüche und „Verhältnisse“ eingen
354 3682 625 3760 weiht wird.
1111 3704 1346 3783 Dr. 4
3129 1289 3361 1399 S#
2134 1475 3186 1578 Von Oirardi und Schnitzler
3251 1501 3330 1560 im
3248 1549 3358 1608 gimen
2103 1553 3338 1645 In dem Alexandria eines der Ptolemäer gab es einen Bild- Hau
2052 1617 3311 1683 hauer, der bei einem Künstlerwettstreit, irgendeiner Laune sol- den
2054 1664 3322 1726 gend, seine Skulpturen aus Straßenkot und tierischen Abfällen alle
2055 1712 3306 1769 erschuf. Obschon nun, was einige andere gemacht hatten, nicht re#
2054 1739 3233 1804 schlechter schien, zog der Pharao die Arbeit dieses Mannes den
3251 1767 3304 1821 eig
2050 1798 3223 1858 Werken seiner Freunde vor, „denn,“ sagte er, „einer wie großen
2039 1841 3172 1899 Kunst bedurfte es hier, uns vergessen zu machen, daß diese
2045 1886 3182 1945 guren im Grunde nicht wohlriechen!“ Diese Geschichte ist
2046 1926 3202 1987 selbst genug, aber sie kann auch auf Alexander Girardi#
2045 1968 3239 2020 gewandt werden. Und wenn Berlin so weise wäre wie jener
2044 2004 3259 2076 helleno=gegyptische König, so hätte es jetzt, anläßlich des wiener
2049 2056 3258 2121 Gastspiels im Lessingtheater, Grund, sich über und über zu
2044 2104 3328 2164 verwundern: denn wieder ward, durch vollendete Kunst, die ihn
2044 2142 2731 2213 Nase einer ganzen Stadt betrogen.
3237 2162 3339 2220 Eiche
2108 2171 3338 2257 So wahr ihr, wenn ihr eine Gestalt von Shakespeare den
2048 2234 3231 2297 oder Ibsen anbrecht, die Milch eines reinsten karrari¬
2042 2279 3338 2352 schen Steines finden werdet, so wahr werdet ihr, die#talitä
2045 2324 3266 2379 Figuren eines wiener Libretto anmeißelnd, einem=Mix=ih
2033 2363 3222 2419 tum von Puder, Schmalz und Dreck begegnen. Eng und
2047 2410 3219 2465 stinkend wie der Bauch eines Patchoulifläschchens ist dank
2046 2459 3205 2510 den Bemühungen der Operette die Welt schon geworden un
2036 2498 3185 2552 allen guten Europäern ein rechtes Jammertal: wer zum Be
2046 2544 3174 2609 spiel möchte sich noch in den Armen einer Frau reuelos#g#
2030 2589 3161 2647 lich fühlen, solange es ein Couplet gibt „dja, ßo a Weiberl
2033 2637 3157 2686 a Freid, Djössas na!“ oder wer sich am Verkehr mit der Ar
2028 2677 3164 2737 tektur ergötzen, solange das Wahrzeichen Wiens in den Stra
2035 2729 3191 2793 mit den Worten angesprochen werden darf „Eiserner, eisern
2039 2768 3208 2820 Rathausmann, g'fang mit mir a Verhöltnis an!“ Schoner
2031 2805 3215 2867 hebt sich, da die Welt mit Schiebern und Fiakern, Mizzi und
2036 2857 3197 2920 Strizzi sich immer drohender und atemquälender bevölkert, Wel
2038 2906 3209 2963 flucht allerorten, und, schwarze Fahnen hoch erhoben, stürzer
2031 2941 3193 3007 die Besten in die Arme der Askese. — Gott aber, der weder da
2037 2985 3200 3051 feiste noch das magere Scheusal meinte, hat ein Einsehen un
2037 3030 3198 3097 schickt Girardi. Diesen Girardi, der durchaus nicht, wie ma
2037 3084 3193 3129 zu glauben pflegt, der Urtypus des Wieners ist, sondern desse
2039 3122 3214 3178 Vergottung, dessen Rückbindung an die Kultur, ans Große
2032 3161 3098 3242 Leben. Das ist das Verhältnis Girardis zu Wien:
2034 3212 3340 3291 es in die Hände nimmt, ballt und Gott zurückgibt. Siehe, danken
2037 3264 3314 3310 es stinkt nicht mehr! . . . Dies Heiligbringergleichnis wäre, vom
2031 3303 3322 3368 meint ihr, Blasphemie? Nicht einmal Uebertreibung ist es zu di
1960 3320 3292 3408 Bedenkt doch einmal, mit welcher Materie dieser Mann seine —
2079 3388 3341 3478 ettesdienstlichen Handlungen vorzunehmen hat! Er befindet dieses
