3344 4256
858 211 1307 305 box 37/5
156 226 818 328 2. Guttings
590 743 1083 869 (enenenaugabe sine Ciewahr.)
297 814 1278 962 Ausschnithaus Gegenwart, Berli
518 935 828 1021 3101914—
300 979 487 1069 vom:
217 1039 1300 1154 Dr. Theodor Reik, Arthur Schnitzler als
276 1086 1290 1201 Psycholog. (Minden in Was
279 1178 828 1270 von J. C. C. Bruns.)
319 1228 1297 1336 Der Verfasser des vorliegenden Buches, ein
237 1295 1284 1392 Schüler des bekannten Wiener Psychoana¬
251 1351 1292 1451 lytikers Sigmund Freud, betrachtet alle Ge¬
248 1403 1290 1523 stalten der Schnitzlerschen Muse als Patienten
254 1465 1302 1564 eines pathologischen Speziglarztes. Er lehnt
244 1529 1303 1626 von vornherein jede ästhetische Beurteilung ab,
252 1589 1299 1681 und gibt vor, nur wissenschaftliche Zwecke (im
249 1650 1299 1752 Sinne medizinischer Untersuchungen) zu ver¬
265 1702 1328 1808 folgen. Tatsächlich artet jedoch die vorgetäuschte
350 1818 1392 1889 Wissenschaftlichkeit, die durch Fachausdrücke,
331 1875 1386 1957 wie „Symptomenkomplex“, Zwangsneurotiker“.
344 1933 1404 2012 „Paranoiagenese", „seelisches Projektions¬
340 1990 1391 2087 phänomen“, „Narzißmus“ usw., betont wird,
338 2066 1392 2143 in eine ganz unwissenschaftliche Motivdeuterei
342 2117 1401 2182 aus. Sicher gehört Schnitzler zu den aller¬
343 2166 1398 2252 feinsten und eindringlichsten Kennern der Men¬
345 2228 1393 2310 schenseele, sicher verwertet er in seinen Schrif¬
349 2289 1397 2369 ten viele psychischen Vorgänge und Zusammen¬
355 2365 1400 2425 hänge, die nur ihm als Arzt vertraut sind,
357 2407 1394 2482 und sicher enthält das Buch von Reik manchen
339 2461 1388 2556 interessanten Hinweis auf solche Verwertungen.
359 2530 1402 2606 Aber es geht unbedingt zu weit, den Lesern
361 2590 1404 2663 Schnitzlerscher Werke suggerieren zu wollen,
348 2661 1406 2731 sie hätten hier lediglich ein Saboratorium
358 2700 1396 2792 voller pathologischer Versuchsobjekte vor sich.
364 2765 1413 2854 Selbst wenn der Dichter gelegentlich medi¬
357 2823 1410 2918 zinische Beobachtungen in seine Motivierungen
354 2878 1404 2955 verwoben haben sollte, bleiben sie doch, solange
362 2937 1400 3022 nicht ausdrücklich unser Augenmerk auf sie ge¬
363 3005 1411 3085 lenkt wird, für den Leser absolut unwesentlich,
349 3065 1410 3153 ja gleichgültig. Daß wir jeder geschilderten
366 3119 1404 3198 Bergbesteigung einen symbolischen Sinn unter¬
355 3192 1405 3274 zulegen hätten, daß die Benutzung eines Man¬
361 3244 1412 3315 tels stets Hintergedanken verberge, daß Zu¬
364 3302 1419 3383 neigungen zu Gouvernanten und Tanzlehrern
366 3358 1415 3455 nur geheime Inzestwünsche ausdrückten, ist un¬
357 3420 1407 3490 bedingt zu bestreiten. Die Vorzüge des Buches
374 3472 1417 3573 liegen in gut beobachteten, zum Teil trefflichen
356 3558 1414 3629 psychologischen Einzelheiten, aber seine Gesamt¬
372 3608 1183 3690 tendenz ist als verfehlt abzulehnen.
779 3641 1389 3775 Dr. Wishelm P#ze.
2116 1265 2512 1375 KIN AR
1776 1355 2845 1467 Russchnit aus OeSde
1976 1446 2654 1579 #-renien WON
1802 1502 1958 1578 vom:
2541 1498 2931 1625 Cedrx
1719 1646 2944 1720 Arthur Schnitzler als Psycholog. Von Dr. Theodor
1922 1685 2945 1780 Reik. J. C. C. Bruns Verlag, Minden i. W.
1815 1738 2936 1828 Dieses Werk hebt sich von den vielen Büchern,
1723 1793 2947 1881 die über Schnitzler geschrieben werden, sehr vorteilhaft
1721 1835 2945 1926 ab: es behandelt die Psychologie des Dichters von
1711 1879 2949 1970 einem ganz neuen Standpunkte, abstrahiert vollständig
1714 1942 2944 2028 von der Literatur und will nur wissenschaftlichen
1717 1990 2944 2072 Zwecken dienen. In dreizehn Aufsätzen versucht
1716 2026 2936 2101 Theodor Reik, den man von seiner feinen Arbeit über
1719 2056 2936 2155 Flaubert bereits kennt, ein psychoanalytisches Bild
1708 2137 2938 2217 von Schnitzlers Schaffen zu geben. Dass er dabei
1704 2184 2928 2260 öfter von der Betrachtung der Schnitzlerschen Psycho¬
1708 2227 2936 2324 logie in die psychologische Erklärung seines Dichtens
1709 2290 2928 2376 abirrt, war bei der interessanten Arbeit eigentlich nicht
1708 2338 2932 2420 zu vermeiden. Denn nach dem Prinzip, das Morelli
1705 2379 2931 2458 in der Malerei so erfolgreich verwendet hat, sucht
1695 2425 2929 2522 Reik gerade aus den kleinsten und unbeachtetsten
1702 2476 2929 2573 Merkmalen die charakteristischen Differenzierungen des
1706 2521 2919 2623 Dichters zu zeigen. Und auch seine Erfolge sind
1708 2581 2921 2664 überraschend. Man staunt dann, wie man an manchen,
1698 2629 2921 2711 jetzt so einleuchtenden Parallelen vorbeigehen konnte,
1712 2678 2922 2765 wenn der Verfasser das „Reigen“-Motiv in Variationen
1703 2719 2911 2799 bei „Anatol“ im Weiten Land“, in der „Hirtenflöte“
1693 2781 2915 2861 und in anderen Novellen nachweist, wenn er das
1686 2822 2912 2909 psychopathische Prinzip von der „Allmacht der Ge¬
1685 2879 2898 2962 danken im „Einsamen Weg“, bei „Frau Berta Garlan“
1696 2919 2909 3011 beim „Puppenspieler“, im „Weg ins Freie“ in der
1702 2980 2909 3058 Weissagung“ usw. zeigt. Aber auch die andern Ab¬
1678 3019 2908 3114 handlungen, wie besonders die „Ueber das Problem des
1695 3061 2915 3147 Todes“ und über die „Formen des Inzestmotives“ sind
1684 3121 2906 3199 ausserordentlich fesselnd und interessant. Das Buch
1687 3166 2918 3294 war für die Wissenschaft bestimmt. Aber wer den
1672 3218 2912 3317 Dichter Schnitzler liebt, wird es lesen wollen. Und
1677 3269 2540 3359 darum muss es seinen Weg machen!
2711 3304 2866 3391 Harry.
