3392 4352
795 326 1270 418 box 37/5
102 328 703 432 2. Cuttings
71 1558 1859 1613 lch für Goethe in seinem Erlebnis mit  ihr nicht etwa auch ein ganz merkwürdiger, krankhafter
798 1614 1869 1672 Hang zur Exhibition zeige. Denn hat man sich diese
86 1612 788 1666 anzmeisters und für Motive der
792 1658 1863 1708 Methode einmal angeeignet, wird sie überall zum im
82 1650 786 1711 ken“ wie für Hebbel diese Methode an¬
804 1703 1864 1759 voraus bestimmten Resultate führen. Beweis dafür die
71 1697 785 1765 ird vielleicht nicht mehr lange dauern,
798 1738 1862 1798 üppig wuchernde psychoanalytische Literatur. Soweit je
74 1742 786 1805 analyse das Bild der deutschesten
789 1788 1871 1838 nicht medizinisch ist, haftet ihr etwas Langweiliges an,
91 1779 778 1849 später vielleicht auch die Denker ge¬
788 1833 1861 1887 weil sie ja naturgemäß nichts Neues bringt, sondern nur
85 1828 785 1898 übermalt mit den rohen Konturen
797 1862 1857 1944 nachträgliche Erhärtungen einer abgöttisch verehrten
92 1863 479 1931 wußter Empfängnis.“
793 1912 982 1968 Theorie.
89 1891 787 1975 empört sich unser ganzes Empfinden,
889 1928 1860 1995 Interessant ist also einzig und allein die Methode.
97 1955 786 2006 m Künstler und vorm Kunstwert und
87 2001 773 2052 Geschmack gegen eine derartige Be¬
781 1994 1863 2066 Dr. Reik beruft sich auf das bekannte Vorgehen Iwan
783 2041 1854 2099 Lermolieffs (Pfeud. f. Giovannt Morelli), der aus der
87 2042 787 2095 in ihrem kalten, höhnischen Zynismus
790 2072 1863 2149 Eigentümlichkeit eines Malers, scheinbare Kleinigkeiten,
78 2079 785 2145 r Wissenschaft einen sonderbaren Aus¬
799 2120 1858 2179 Zehen= und Fingernägel, diese kleinen Glieder selbst, ihren
84 2117 784 2187 r“ darstellt, der aber auch nicht auf un¬
802 2164 1873 2212 Ansatz u. a. darzustellen, auf den Autor eines Gemäldes
98 2166 780 2226 gediehen ist, mit deutschem Empfinden
788 2217 1845 2259 schloß und oft zu überraschenden Ergebnissen kam. Ge¬
91 2212 785 2273 tun hat und auch trotz unserer Anlage
799 2242 1865 2306 radeso geht Dr. Reik von scheinbaren Kleinigkeiten,
91 2258 788 2327 en, für jedes gerechte Prüfen nie
793 2295 1862 2355 Traummotiven, im Dialog verschwindenden Aeußerungen
92 2297 787 2359 issen können. Hier sträubt sich selbst
803 2335 1865 2386 und dergleichen aus und kommt zum charakterisierten
91 2345 785 2404 mpfindende und geschulte Leser, der den
798 2378 1856 2435 Resultate, freilich oft nur mit den gezwungensten Kom¬
81 2381 786 2438 bjektivität zu wahren und auf alles
805 2414 1862 2478 binationen. Auch was er, wenn er auf rein physiologischem
72 2437 780 2490 aive Leser aber wird das Buch kaum
804 2475 1862 2521 Boden bleibt, über das unbewußte Schaffen des Drama¬
83 2469 785 2536 d wenn er nicht genug Festigkeit besitzt.
795 2519 1864 2565 tikers zu sagen weiß, befriedigt nicht. Vielleicht aber gäbe
85 2515 780 2581 abzuwehren, wird ihm dauernd etwas
793 2561 1861 2606 es gerade auf dem Gebiete des Dramas ein Problem,
89 2557 787 2607 rben sein. Psychoanalytiker natürlich
807 2582 1858 2649 das die Psychoanalyse aufhellen könnte, ich meine
77 2597 786 2651 mitleidigen Lächeln derartige Erwä¬
903 2639 1863 2703 vieldentigen und vielgedeuteten Begriff der
794 2640 900 2691 den
85 2648 789 2695 berden für jeden Widerstand gegen ihre
1415 2670 1852 2734 Bei dieser Methode
796 2672 1300 2748 Aristotelischen Katharsis.
87 2692 782 2752 ble Erklärung finden und sie in irgend¬
800 2734 1867 2780 denkt man an andere Forscher, die außerhalb der
83 2734 786 2788 Veranlagung des radikalen Skepti¬
799 2763 1862 2826 günstigen Literaturforschung ebenfalls ausgehend vom
83 2769 781 2834 dvon vornherein den Alleserklärern
792 2814 1858 2871 Kleinen, Unbedeutenden ins Innere vorzudringen suchten
87 2819 785 2870 kk erscheinen. Aber man fühlt sich
797 2853 1868 2913 und doch zu wie befriedigerendem Ergebnis kommen, etwa
95 2865 779 2922 nd und versucht, einmal die Waffen
804 2898 1868 2944 Chamberlain in seinem „Goethe“ oder Julius Hart in
95 2910 784 2971 gen diese selbst zu kehren und einem
800 2941 1858 2993 seinem „Kleistbuch“. Da empfangen wir ein neues, ge¬
98 2951 783 3026 Raum zu gewähren, ob sich denn in
808 2982 1857 3039 schlossenes, äußerst vollständiges Ganzes, eine reiche An¬
812 3031 1870 3088 schauung. Dort aber wird alles zerrissen und zersetzt. Man
95 3024 780 3105 en Inhalt der „Zeitschrift für Anwen¬
804 3073 1866 3129 glaubt im Seziersaal zu sein und nicht beim Deuter des
93 3095 200 3145 alyse
301 3096 782 3148 die Geisteswissenschaften
806 3114 1866 3171 Dichters. Ueberall nur Analyse, nirgends auch nur An¬
109 3125 784 3206 r zweite Jahrgang im Erscheinen be¬
792 3148 1868 3240 sätze zur Synthese. Oft weiß man nicht, will uns Dr. Reik
1890 1685 2974 1737 eine medizinische oder eine ästhetische Erkenntnis ver¬
1900 1721 2979 1779 mitteln; schließlich erfährt man, es sei das „Typisch¬
1889 1757 2973 1820 Menschliche“. Zumeist wohl aber ist ihm das Kunstwerk
1898 1808 2973 1859 nichts anderes als Mittel zum Zweck, nichts anderes als
1891 1849 2973 1907 Materialsammlung. Wir verachten heute eine Kunst¬
1893 1882 2966 1958 betrachtung, die mit einem fertigen Maßstabe herantrat.
1897 1931 2972 1989 Es droht eine ganz andere Barbarei, im Kunstwerk
1908 1984 2976 2035 von vornherein nur einen Niederschlag schmutzigster
1904 2012 2975 2081 Amalgamierungen sehen zu wollen. Triumphierend
1903 2057 2960 2108 deutet der Antor auf die Worte des Dichters und
1901 2093 2963 2174 bringt sie zur Deckung mit denen Freuds. Daß damit
1897 2143 2964 2194 nur wieder die Psychoanalyse gewonnen hat, nicht aber das
1899 2190 2954 2250 Verständnis des Kunstwerkes, liegt auf der Hand. Die
1895 2227 2959 2286 Lektüre des Buches spannt auf die Folter. Mit einer pein¬
1901 2277 2974 2343 lichen, einer unleidlichen Vorurteilslosigkeit werden dem Texte
1889 2313 2962 2367 die schamlosesten Geständnisse entpreßt, um nur ja die
1897 2342 2977 2417 „Vorbildlichkeit des Sexuallebens für die übrige Lebens¬
1891 2406 2962 2467 gestaltung" zu erweisen, die Dichtung als eine „plastisch
1897 2453 2968 2507 dargestellte Wunschbefriedigung verdrängter Regungen“ er¬
1911 2489 2256 2554 scheinen zu lassen.
1994 2506 2959 2591 Das Buch charakterisiert eine ganze Gattung. Gäbe
1887 2556 2965 2638 es sich als das, was es ist, auch ein Versuch, dem Ge¬
1892 2625 2958 2676 heimnis der Dichtung nahezukommen, einen kleinen Stein
1888 2659 2963 2727 zum Ganzen zu liefern, könnte man sich mit ihm ausein¬
1897 2712 2953 2769 andersetzen. So aber führt es sich bescheiden ein und
1902 2759 2960 2814 glaubt dann doch, den Stein der Weisen gegeben zu
1903 2796 2955 2856 haben. Es wird uns versichert, alle bisherige Literatur¬
1905 2835 2954 2908 betrachtung sei „vornehme Handlangerarbeit". Sie war
1908 2873 2392 2946 reinlicher, geschmackvoller.
1986 2904 2958 2985 Man hat Rembrandts „Anatomie“ vor Augen, diese
1898 2961 2954 3026 wunderbare, künstlerische Synthese menschlich notwendiger
1911 3005 2969 3083 Analyse. Dr. Reiks Buch gleicht einem Ausschnitt daraus,
1902 3057 2872 3130 ist wie der zerfaserte, zerfleischte Arm des Leichnams.
2802 3117 2860 3164 548
