3344 4352
621 2123 688 2173 In
906 240 1367 320 box 37/5
220 232 793 326 2. Cuttings
688 649 833 703 aus:
730 660 1541 756 Ane Daily Telegraph, Londor
926 750 1212 816 18 S. 7313
1473 819 1546 895 —
710 850 1558 1023 BOOKS OF THEDAY.
894 1055 1374 1134 By W. L COURTNEV.
768 1156 1512 1247 ARTHUR SCHNITZLER.
853 1223 1473 1308 GAYAMNGCK
750 1286 1554 1347 Slowly the reputation of Arthur Schnitzler
716 1323 1561 1388 the Austriandramatist, is making its way in this
710 1376 1548 1438 country. First a piece of his called“ Liebelei?
716 1421 1567 1474 was seen at an afternoon performance in
717 1457 1556 1521 His Majesty’s Theatre; then came the fasci¬
702 1510 1556 1569 nating sequence at the Palace called“ Anatol,?
707 1551 1555 1606 adapted for the English stage by Mr. Granville
710 1582 1557 1645 Barker; finally, only the other day, we had
710 1621 1561 1691 two pieces done by the Stage Society,“ The
708 1679 1548 1738 Countess Mizzi“' and“ The Green Cockatoo.
708 1711 1563 1779 It is very difficult to say precisely in whnt
712 1766 1554 1821 consists the remarkable charm of these pieces.
711 1796 1559 1866 They are very witty, amusing, and agreeable;
711 1838 1566 1904 they are equally cynical, flippant, and—if one
701 1877 1552 1944 likes to call them so—heartless. But the in¬
705 1932 1555 1982 variable characteristic is the lightness of touch
711 1958 1554 2021 with which the dramatist skates over thin ice,
703 2006 1557 2050 the deft ekill with which he has at once re¬
701 2041 1561 2088 vealed and concealed the bitter tragedies under¬
700 2078 1554 2130 lying the gay romance of woridly life. Rarely
702 2113 1568 2184 has a dramatist exhibited so masterly a gift of
703 2164 1566 2215 saying just enough and not too much, of prob¬
692 2194 1569 2238 ing folly, yet not going down to the bed-rock of
699 2229 1565 2288 bitterness, of making us aware of the tragie
693 2263 1568 2325 issues without insisting on them, and investing
692 2316 1568 2370 somo of the gloomiest of all possible scenes with
695 2355 1577 2405 an unfailing „ift of humour. It is throughthis
686 2383 1566 2455 lightness of touch that Arthur Schnitzler gains
695 2424 1557 2480 bis distinction and puts himself into the com¬
699 2462 1560 2525 Sanyof Oscar Wilde and Bernard Shaw. He is,
706 2516 1568 2566 course, modern of the moderns, and asg
704 2550 1557 2609 gainst the thorough-going somewhat stodgy
703 2584 1558 2645 lulosophy of Berlin, places before us the light
706 2618 1557 2687 nd dainty fare, the brilliant artificiality of
698 2649 854 2710 ienna.
840 2685 1400 2761 A MEDIOAL TRAINING.
713 2725 1559 2818 Schnitzler has one great advantage over his
689 2785 1556 2838 ivals and competitors in that he is à doctor,
695 2828 1524 2883 nd has had a thorough medical training.
834 2861 1573 2936 #hafat the present mement he has an
688 2895 1418 2946 Pateizive private practice in Vienna.
1425 2909 1554 2964 Very
681 2936 1549 2991 arely, 1 suppose, has practienl experience
685 2970 1554 3027 gained in the sick room been conjoined with
679 3013 1543 3078 such an acute artistic sense as is to be found
669 3058 1550 3116 in the Viennese dramatist. His analytieal
668 3088 1546 3149 power is as remarkable as his synthetic
668 3126 1548 3190 brilliancy. He knows what is the matter with
661 3164 1542 3237 the modern human soul; he knows to what
667 3213 1538 3277 extent it is subject to nervons disease; be can
659 3246 1537 3325 say from personal experience“ Thou uilest
679 3290 1530 3352 nere, and here,' not only to his patients, but
672 3324 1530 3393 othe larger world which he addresses through
669 3353 1530 3430 bis dramas. There is little that is sincere in
664 3404 1531 3473 mundane romanticism. Inall theamourettes of
654 3435 1536 3516 a Viennese day thero is an underlying stratum
658 3478 1544 3556 of bitterness and disillusionment. Perhaps the
652 3514 1524 3588 man has a better time than Clie woman; at all
666 3547 1527 3616 events the woman gets the greater blame and
658 3589 1529 3662 has the major part of the suffering. No better
656 3632 1520 3690 ilinstration of this can be found than in
671 3671 1536 3742 * Liebelei?' (Light-o’-Love). Theodor makes
658 3711 1528 3780 an effort to rescue his friend Fritz from a some¬
658 3752 1521 3831 what perilous liaison with a married woman, an
1516 3750 1574 3826 1
655 3794 1508 3853 aristocrat., by introducing him to a littlo gir!
646 3827 1570 3911 of the pcople, Christine. The experiment is not
648 3875 1565 3936 whollv successful. When Christine discovers
656 3904 1502 3976 that Fritz, for the sake of his aristocratie love,
1517 3934 1569 3987 I
656 3941 1512 4024 has been actually killed in a duel with the in¬
638 3990 1498 4055 sulted and outraged husband, she suddenly
1501 4014 1569 4067 41
640 4028 1503 4089 realises with intense conviction what sort of
1509 4052 1564 4095 h.
635 4062 1492 4132 person she is." What, then, am I?' sbe cries
1505 4089 1560 4135 in
644 4098 1553 4168 in passionate anguish. Andthis in various ways w.
630 4127 1500 4198 is a theme which constantly cccurs throughont
1584 605 2457 690 ment done fer their speoial beboof, a
1582 665 2449 718 sort of impromptu drama, in which the actors
1576 691 2452 752 simulate passions and enggest vivid episodes
1588 732 2454 786 by the sheer forco of their mimetio talents.
1584 767 2452 822 Now, the best actor of the lot is a man called!
1581 797 2454 861 Henri, who is about to marry the actress called
1573 851 2453 901 Leocadie, who, we learn, is too friendly with
1574 881 2448 941 Emile, Duc de Cadignan. First Henri goes
1582 923 2454 962 through a scene in which he pretends he has
1579 944 2443 1026 killed his rival the Duc in the dressing-room
1585 995 2430 1051 of his intemled wife at the theatre. Then fol¬
1576 1023 2438 1087 lows a scene in which Henri actually does kill
1577 1059 2438 1129 the Duc, having at last learnt the real truth.
1574 1091 2442 1164 But which is the more powerful incident of the
1578 1142 2450 1199 two? In some ways it is the simulated wrath
1572 1163 2438 1234 and fury of the histrionic episode, the actual
1582 1211 2437 1277 murder being tame in comparison. In so in¬
2437 1235 2495 1300 a5
1570 1242 2424 1300 genions a fashion dees Sehnitzler suggest either
2438 1286 2488 1330 ON
1584 1294 2427 1345 that art is stronger than nature, or that
2438 1323 2497 1366 t
1587 1318 2426 1386 imagination is as potent as reality, or that our
2450 1360 2495 1410 b.
1580 1358 2426 1426 life is spent between visions and things, and we
2439 1405 2486 1449 W
1582 1409 2432 1460 often mistake the two. Or, perhaps, the most
2435 1433 2496 1484 K
1587 1437 2419 1489 suceinet moral we can take comes from a line
2442 1483 2497 1520 V.
1584 1474 2430 1538 in another of the plays included in this little
1576 1517 2446 1576 volume—“ Paracelsus.? Here Paracelcus is a
1583 1550 2508 1611 wesmerist, and in the hypnotio condition hei #n
1588 1587 2502 1647 extracts from Justina a confession which is
1580 1625 2495 1685 probably false, but which may yet have somel V.
1579 1667 2488 1723 glimmering of truth, and which, at all events, 1#
1573 1708 2495 1770 Urcaks down the barriers between dreams and #.
1580 1739 2492 1801 teality. Just before Paracelsus leaves thestage I.
1571 1782 2493 1839 he utters the sentence,“ Life is a game; whod
1571 1813 2486 1881 knows it he is wise.“ Truly, if we acceptsse.
1578 1852 2485 1921 Schnitzler’s platform, life is a game—stupig,###
1570 1893 2416 1949 amusing, bitter, agreeable, tragio or comfe,
2427 1901 2457 1945 1
2432 1937 2496 1988 1
1576 1937 2413 2000 according to the taste and predilection offthe
1576 1963 1795 2015 gamester.
1621 2046 2490 2145 THE INSIDE OETHE CUP. H
