3344 4352
740 319 1228 402 box 37/5
62 321 704 429 2. Cuttings
851 1429 2241 1507 „5 Rauden, Freunde dor sich zu sehen, wo schon die # #e War#e.
46 1470 822 1551 n nun noch dazu auf solch einem Rosse
843 1488 2967 1562 Rassengegnerschaft nur Gegner vermuten sollte. Ein Gemeinden, für welche der christlichsoziale Gesetzent¬
842 1585 1909 1650 Materialkenntnis des jungen Autors. Mit leichtfertiger
40 1440 801 1665 ene e erner
1985 1591 2968 1646 Daß es keine alleinseligmachende Methode der
841 1635 1906 1705 Kritik kommt man dem Buche nicht bei. Gewiß erforderte
1908 1630 2975 1691 Literaturbetrachtung gibt, haben schon genug einsichtige
76 1655 587 1747 Pihchoanalyse.
845 1683 1899 1746 es ein ungeheuer fleißiges Studium sowohl der Theorien
1907 1688 2974 1739 Forscher betont. Daß manche von den vielen, die wir
659 1672 824 1768 2 210
843 1729 1892 1784 Freuds als der Werke des Dichters. Trotzdem kann ich ihm
1910 1726 2969 1779 haben, Gefahr läuft, dem Materialismus zu verfallen,
43 1711 715 1803 Von Dr. Franz Koch.
842 1765 1901 1807 ein tiefes Eindringen in die Dichtkunst als Ganzes, als
1901 1767 2976 1832 wissen wir auch. Keine aber vernachlässigt, glaube ich,
50 1781 823 1839 dor Reik, den wir schon aus seinem Buche
838 1806 1897 1862 Kunstwerk, nicht nachrühmen. Ich will mich nicht über die
1902 1821 2969 1877 so sehr das Unwägbare und doch stets zu Berücksichtigende,
43 1827 832 1879 („Flaubert und seine Versuchung des
847 1855 1904 1905 Psychoanalyse als Disziplin verbreiten, fühle mich,
1902 1860 2966 1909 das immer Vorhandene, die Künstlerschaft des Dichters,
46 1873 830 1933 us“) und aus einzelnen Aufsätzen kennen,
846 1895 1910 1942 da ich nicht Fachmann bin, dazu auch gar nicht!
1906 1895 2965 1948 das Kunstgewordene der Dichtung, wie die auf Literatur¬
40 1920 839 1980 Reihe von Untersuchungen in einem Buche
840 1935 1899 1995 imstande. Nur über die angewandte Psychoanalyse,
1908 1940 2972 1986 deutung angewandte Psychoanalyse. Kunst war und ist
121 1965 837 2030 er zusammen: „Artur Schnitzler als
1906 1969 2994 2044 immer ein Kompromiß von Stoff und Form, eins so wichtig
842 1984 1903 2057 über die Art, wie sie in diesem Buch angewendet wird,
41 1974 825 2056 tt). Ein Leser, der von Pipcho¬
844 2028 1892 2076 ein paar Worte. Im Vorwort lesen wir: „Die vor¬
1912 2035 3008 2085 wie das andere, Form so bedingt durch den Stoff wie dieser:
48 2047 829 2102 chts wüßte — ich setze voraus, es gibt noch
836 2061 1893 2136 liegende Untersuchung verzichtet von vornherein auf
1910 2073 2974 2118 durch die Form. Für Dr. Reik ist dieser eine, wesentliche
71 2091 828 2138 erstaunte wohl schon über die Titel und
845 2118 1894 2171 ästhetische Wertungen und verfolgt nur wissenschaftliche
1912 2104 2972 2172 Bestandteil des Kunstwerkes nur „Wellengekräusel und
56 2129 835 2193 ie den einzelnen Abschnitten vorangehen.
843 2158 1894 2208 Zwecke.“ Darüber wäre gar nichts zu sagen. Die Psycho¬
1900 2148 2972 2216 Wogenprall“. Ich würde ihm dus nicht zum Vorwurf
44 2177 477 2247 lichen Worten Goethes:
842 2193 1896 2252 analytik möge in ihren vier Wänden treiben, was sie
1900 2189 2965 2261 machen, wenn er sich begnügte, „wissenschaftliche Zwecke“.
34 2216 530 2289 nd laß dir raten, habe
841 2252 1895 2316 wolle. Es ist immerhin interessant, den Meistern zuzu¬
1904 2241 2976 2312 zu verfolgen, wenn er wirklich gänzlich auf ästhetische
37 2250 748 2331 e nicht zu lieb und nicht die Sterne,
853 2291 1893 2336 sehen, die im Kaleidoskop scharfsinnigster Schlüsse und
1905 2292 2961 2337 Wertungen verzichtete, wenn er nicht auch eine neue Lite¬
48 2309 682 2372 folge mir ins dunkle Reich hinab!“
841 2330 1903 2385 Kombinationen immer neue Bilder aus einigen Grund¬
1902 2330 2966 2410 raturbetrachtung verträte, die nun einmal wie jede andere
55 2346 827 2426 in die rechte Andacht versetzt vor dem Ein¬
836 2374 1890 2432 teilchen, wie infantiler Sexualität. Inzestwünschen, Bi¬
1906 2371 2758 2442 auch ästhetische Elemente nicht entbehren kann.
47 2419 824 2468 neue Welt, wird er bei oberflächlicher Um¬
845 2415 1906 2481 sexualität, ambivalenter Einstellung und wie die Formeln
1988 2419 2966 2479 Rein piychoanalytische Deutung einer Dichtung muß
45 2456 827 2513 en über ein Motto, das dem ersten die vom
838 2469 1894 2516 alle heißen mögen, mit taschenspielerischer Gewandtheit
1898 2457 2968 2522 notwendig ein Mißgriff sein, weil sie das physiologische
33 2502 822 2553 ene Deutung gibt: „Ich möchte eine Mama
843 2506 1894 2561 entstehen lassen. Psychoanalyse wird an der medizinischen
1913 2511 2965 2568 Entstehen des Werkes als Hauptsache darstellt und dar¬
53 2544 838 2615 kein Papa dabei ist“ (als Ausspruch eines
842 2553 1893 2611 Fakultät gelehrt und an Kranken demonstriert. Daß
1899 2539 2963 2596 über die Formgebung, ja noch ein anderes Zwischen¬
41 2582 188 2648 aben).
842 2593 1898 2652 Dichter mit Paranoikern auf eine Stufe gestellt werden,
1897 2585 2964 2647 stadium, die Bewältigung der Grundgefühle durch den
54 2605 827 2696 Reik verwahrt sich mit Recht gegen eine
833 2638 1898 2693 ist nichts Neues. Die Gestalten des Dichters, „gelöste
1895 2623 2961 2707 Dichter und in der Seele des Dichters, ganz vergißt. Im
35 2677 835 2745 zelnes aus dem Zusammenhange reißt, und
835 2688 1883 2742 Teile seines Ichs, Abspaltungen seiner Persönlichkeit",
1902 2675 2963 2741 besten Falle kann sie uns über den Augenblick der
71 2719 837 2784 weiter die Eliketten ablösen. Ist der
833 2722 1889 2791 unter diesem Gesichtspunkte als Objektivationen krank¬
1905 2711 2958 2774 Empfängnis Aufschluß geben, nichts über den Prozeß des
45 2757 826 2828 t abgestoßen, liest er sich durch, muß er's
1904 2762 2963 2828 Werdens, nichts über das vom Dichter entbundene Werk,
839 2756 1898 2827 hafter Neigungen zu betrachten, ist danach die selbst¬
46 2808 830 2863 ktollen Tanz streng logischer Phantasien
840 2803 1902 2870 verständliche Konsequenz. Doch das Buch hat auch
1909 2812 2963 2878 das inzwischen vom heißen Feuer der Seele durchglüht
44 2850 831 2913 je im allgemeinen für schamlos gelten. Nur
835 2866 1896 2915 ein Schlußwort. Da hören wir etwas ganz anderes,
1899 2850 2969 2916 worden ist. Freilich, die „Seele“, scheint für den Psycho¬
45 2894 831 2940 mer noch der Leser vorausgesetzt, der noch
841 2897 1900 2951 daß der Psychoanalytiker gleich dem Taucher uns
1909 2896 2965 2956 analytiker sich nur aus sexuellen Regungen zusammenzu¬
35 2931 837 2988 hoanalyse weiß und gehört hat — wird er
835 2924 1892 2998 Kostbarkeiten aus einer Tiefe hole, die noch niemand
1902 2937 2959 3002 setzen. Wie diese Komponenten eine Resultierende geben
48 2977 827 3030 hineinfinden, daß das alles, was er da
845 2985 1888 3040 vor ihm ergründet habe, daß er es anderen überlasse,
1892 2988 2965 3041 können, die alles andere eher als derartige Triebe in uns
46 3023 825 3090 iß findet, ernst gemeint sein könnte, daß
842 3010 1888 3086 „das Wellengekräusel und den Wogenprall zu bewundern,“
1901 3019 2971 3100 lösen kann, dafür bleibt er uns die Erklärung schuldig. So
36 3067 820 3126 ler sein nichts anderes heißt als die
836 3072 1890 3125 daß er uns eine neue Literaturbetrachtung gebe, die uns
1903 3070 2962 3121 erhebt sich die ganze Darstellung, scheinbar von der tiefsten
48 3109 832 3163 gungen verdrängter sexueller Triebe auf
841 3115 1887 3165 endlich von largweiliger Stoffgeschichte, Ideengeschichte
1908 3118 2967 3162 Gründlichkeit erfüllt, doch nicht über die Oberfläche, Daß
46 3149 838 3196 friedigen. Im Ernste. Achtung vor der
835 3158 1884 3229 befreit. Und durchaus mitleidig gegenüber jeder anderen
1899 3165 2950 3212 die physiologische Ursache für die Dichtung ein verdrängtes
42 3195 1774 3271 hrlichkeit, vor der Gelehrsamkeit und ! Literaturbetrachtung ist auch die Geste des Buches.
1899 3203 2955 3276 erotisches Gefübl gewesen sein mag, das kann ja möglich
