3344 4320
-13 1908 77 1967 hen
-6 1949 82 2009 itz¬
-12 1986 84 2051 ins
6 2041 74 2094 en
13 2412 69 2482 er
-2 2521 68 2577 e¬
925 223 1403 321 box 37/5
239 226 828 339 2. Cuttings
205 1611 2115 1708 anchmal für den Dichter werden, wenn man ihn epischen Muse Schnitzlers gehören. Das Schicksal ist
207 1679 2105 1746 vom Standpunkt seines Erstlingswerkes aus be= das uns treibende und beherrschende Rätsel — aber
201 1713 1108 1780 lt. So ist es ein Irrtum, wenn man Schnitzler
1120 1719 2106 1794 auch alles andere ist uns ein Rätsel, unsere eigene
209 1764 1111 1814 nach seinem „Anatol“ und seiner „Liebelei“ ein¬
1116 1775 2111 1828 Seele, die Seele der andern, die eigenartigen Ueber¬
207 1804 1103 1864 t. Der Dichter ist in seinen folgenden Werken
1126 1814 2112 1875 gänge, die es vermögen, zwischen Mensch und Mensch
218 1850 1116 1915 lange darüber hinausgeschritten; alle Mensch¬
1168 1870 2102 1923 Freund und Freund — und vor allem zwischen
213 1885 1104 1945 fragen haben ihn bewegt, und er ist manchmal im
1113 1890 2096 1956 Mann und Frau zu treten. Das ist eins der Schnitz¬
209 1939 1117 1993 nlichen Kampf mit Gegenwartsproblemen so
1115 1948 2097 2010 ler am meisten entsprechenden Probleme, daß uns
205 1981 1115 2045 gegangen, daß er wie in „Professor Bernhardi“.
1104 1991 2097 2052 alles ein Rätsel ist, nur der Tod nicht. Die beiden
205 2025 1098 2090 lich ein jedem Liebesmotiv fernes Problem zur
1114 2044 2103 2098 großen Grundfragen, das Rätsel unseres Lebens und
205 2067 577 2125 iche kommen läßt.
1110 2083 2099 2149 das Rätsel des Schicksals, wie es in symbolischen
206 2088 1104 2166 kach einer kurzen, markanten Schilderung des
1117 2119 2093 2186 Worten in der „Dreifachen Warnung“ wiederkehrt,
206 2158 1111 2214 sganges des Dichters, aus der zu entnehmen
1117 2164 2094 2245 sind die Hauptausgangspunkte von Schnitzlers Welt¬
202 2200 1105 2259 daß Schnitzler mit 23. Jahren zum Doktor der
1114 2206 1362 2269 anschauung.
207 2244 1117 2293 zin promovierte, drei Jahre als Sekundärarzt
1174 2252 2101 2310 Der Redner streifte sodann kurz das lyrische Schaf¬
205 2290 1105 2339 Allgemeinen Krankenhaus zu Wien, dann als
1118 2297 2094 2377 fen Schnitzlers, das im Verlauf des Abends durch
203 2330 1105 2403 kenzarzt an der Poliklinik und später als prak¬
1115 2342 2072 2401 den Vortrag dreier Gedichte näher illustriert wurde.
214 2368 1112 2444 rArzt tätig war, ging der Redner in großen
1162 2384 2093 2445 Die eigentliche Domäne Schnitzlers ist neben der
202 2414 1107 2478 n auf die Werke des Dichters selbst über, die als
1115 2413 2094 2497 Bühne die Novelle. Eine scharfe Trennung dieser
205 2466 1103 2522 dstimmung Pessimismus und Fatalismus zeigen
1118 2469 2101 2539 beiden Dichtungsgattungen ist in technischer Be¬
203 2508 1101 2564 durch die Gegenüberstellung zu dem Phäakentum,
1122 2518 2098 2568 ziehung bei Schnitzler nicht vorhanden. Bei man¬
196 2553 1103 2605 es Beiwort man dem genießerischen Wien ge¬
1116 2551 2095 2617 chen Stücken gefällt sich der Dichter in epischer Breite,
203 2601 1104 2674 hat, besonders interessante Konflikte und Lö¬
1115 2608 2094 2666 und die meisten seiner Novellen erfreuen sich eines
203 2637 516 2697 en hervorriefen.
1112 2647 1809 2712 Kräftigen dramarischen Pulsschlages.
196 2683 1101 2733 die beiden Pole in Schnitzlers geistiger und räum¬
1159 2692 2097 2754 Der Vortragende versuchte sodann mit viel Ge¬
203 2732 1099 2792 Welt sind Liebe und Tod, Schein und Wirk¬
1101 2749 2089 2809 schick eine Dreiteilung von Schnitzlers epischem Schaf¬
202 2772 1093 2822 lit. Wenn mitten in das Leben die dürre Hund
1116 2792 2088 2855 fen zu geben. Anfänglich regt den Arzt und Erlebe
196 2813 1094 2872 Todes hereingreift, wenn aus dem Schein plötz¬
1111 2834 2099 2915 im Menschen das Interesse für das rein Stoffliche au,
191 2866 1096 2911 Wirklichkeit wird oder die Wirklichkeit sich zum
1111 2877 2087 2943 dann gewinnt der Psychologe in ihm die Ueberhand.
202 2909 1086 2959 n wandelt, diese Momente werden der Haupt¬
1103 2922 2084 2982 Er versenkt sich in die geheimen Gründe der mensch¬
189 2949 666 3003 u Schnitzlers Motiven.
1100 2964 2083 3022 lichen Seele und versucht, unser innerstes Fühlen zu
190 2979 1097 3058 ls Dichter Wiens trifft er mit prächtigem und
1106 3009 2092 3079 analysieren, als stünde er in seiner Fähigkeit, uns
197 3044 1095 3094 tem Kolorit das pulsierende Leben dieser schön¬
1106 3050 2094 3118 Menschen zu begreifen, über menschlich denkbaren
195 3092 1093 3138 krunkenen und kulturreichen — aber bereits einer
1110 3095 2101 3159 Grenzen, so sehr sogar, daß er, wie in den „Schicksalen
186 3136 1091 3195 denz entgegengehenden Stadt und schafft durch
1100 3137 2088 3188 des Freiherrn von Leisenbogh“ Motive wählt, die aus
187 3176 1107 3225 Begenüberstellung zu den ewigen Schicksalsmäch¬
1100 3185 2093 3240 den rätselhaften Zwischenreichen unseres Seelenlebens
200 3218 2119 3294 wundervolle Reize, die zu dem Schönsten der hervorgeholt sind. Und dann kommt die Zeit, da sich !
2112 1630 3119 1701 alles zu einer Wetsheit klärt, die symbolisch gestallet.
2119 1697 3119 1761 „Die dreifache Warnung“ und „Die Hirtenflöte“ sind
2115 1721 2828 1794 die Ergebnisse dieser dritten Periode.
2164 1783 3126 1853 In interessanter Weise verstand es der Redner zum
2113 1832 3122 1896 Schluß, die Frage zu behandeln, wie bei Schnitzler die
2121 1879 3123 1936 Frau dasteht. Man tut dem Dichter unrecht, in seinen
2110 1932 3122 1980 Frauengestalten nur liebestolle Geschöpfe und lebens¬
2107 1966 3119 2033 hungrige Gesellschaftswesen sehen zu wollen. Frauen,
2118 2019 3123 2080 wie Anna Rosner im „Weg ins Freie“, scheinen ganz
2109 2054 3119 2118 besonders von der Gloriole seiner Zuneigung um¬
2111 2101 3118 2164 geben zu sein. Auch sie lieben, aber ihre Liebe ist eine
2112 2151 3119 2218 große, ewige, schaffende, gebärende, weil nicht die Lust.
2115 2195 3118 2253 sie treibt, sondern das Verlangen nach einem Kind.
2107 2236 3123 2292 Und so wächst gerade Anna Rosner in ihrer wunder¬
2110 2272 3134 2348 vollen Mütterlichkeit turmhoch hinaus über den
2102 2320 3116 2370 Mann, dessen Augenblicksbegehren sie gestreift hat.
2106 2367 3127 2437 Von solchen Gestalten möge man ausgehen, wenn
2113 2411 3118 2482 man Schnitzlers Auffassung von der Frau beurteilen
2112 2449 2225 2506 will.
2158 2484 3109 2573 Der Vortrag wie auch die spätere Verlesung der
2103 2549 3112 2605 mit großer Realistik geschriebenen Novelle „Die Toten
2107 2597 3111 2644 schweigen“, die Herr Dr. Janko mit hervorragendem
2101 2643 3108 2688 Geschick zur Geltung brachte, wurden von der sehr
2102 2685 3123 2737 zahlreichen Zuhörerschaft durch lebhaften Beifall aus¬
2099 2729 3109 2794 gezeichnet. Gleichen Beifall fanden die Rezitationen
2094 2774 3122 2826 von Fräulein Paula Höllfritsch, die die drei
2096 2820 3115 2868 Schnitzlerschen Gedichte: Prolog zum „Anatol“, „An¬
2096 2866 3112 2929 fang vom Ende“ und „Lebewohl“ mit feingeglieder¬
2092 2905 3120 2978 tem Rhythmus und edler Durchgeistigung vortrug.
2095 2949 3115 3011 Mit vollem Recht konnte der Schlußredner des Abends,
2094 2994 3108 3045 Herr Direktor v. Bezold, den beiden Vortragenden
2091 3036 3145 3116 den lebhaften Dank der zahlreichen Versammlung zum
2091 3075 2469 3148 Ausdruck bringen.
3136 4124 3357 4191 S
