3344 4352
142 249 727 358 2. Cuttings
846 249 1297 325 box 37/5
899 1304 2122 1349 hin und her nach Hause, und hier, in dem stillen Frieden
902 1342 2127 1386 der Nacht befiel sie ein wohliges Gefühl, das sie die Einsamkeit
916 1383 2131 1453 schätzen lehrte, und sie waren froh, nicht draußen im Kampf stehen
1019 1453 2139 1519 So ist die Wiener Dekadankse entstanden, In ähnlichen
898 1509 2125 1573 Kretinismen geht es durch 180 Seiten. Daß Walther von der Vogel¬
905 1574 2136 1624 weide keine eigene Wohnung besaß, wie Schnitzler, sondern viel in der
906 1623 2133 1672 Welt herumkam, wie Bahr, wird nicht gesagt. Der Verleger schickt aber
902 1670 2144 1718 die Versicherung mit, daß die scharfumrissene Gestalt Schnitzlers seit
906 1716 2139 1776 zwanzig Jahren im Vordergrund des literarischen Lebens stehe.
905 1770 2127 1819 Unbeirrt um der Menge Beifall oder Mißgunst strebt er uner¬
912 1819 2137 1870 müdlich auf eigenen neuen Wegen zur Höhe. Das Portrait, welches
909 1875 2137 1922 die Biographie schmückt, sei vom Dichter selbst ausgewählt.
913 1907 2137 1959 Manche Eigentümlichkeiten der Schnitzlerschen Werke erklärten
917 1968 2146 2021 sich leicht, wenn man sie als nationale anspreche... Kapp erfüllt
904 2022 2147 2069 alle Erwartungen. Hauptsächlich aber muß ich ihm dafür danken,
916 2059 2138 2118 daß er Schnitzlers bedeutendsten Gedanken wörtlicher zur Geltung
915 2117 2135 2167 gebracht hat als ich selbst. Hier kommt es auf jeden Buchstaben an:
1039 2176 2142 2218 Jeder muß selber zusehen, wie er herausfindet aus seinem Arger,
913 2201 2146 2253 oder aus seiner Verzweiflung, oder aus seinem Ekel, irgendwe in, wo
915 2233 2136 2288 er wieder frei aufatmen kann. Ich glaube nicht, daß solche Wanderungen
915 2288 2144 2338 ins Freie sich gemeinsam unternehmen lassen ... denn die Straßen
910 2317 2146 2371 dorthin laufen ja nicht im Lande draußen, sondern in uns selbst. Es
918 2357 2173 2411 kommt nur für jeden darauf an, seinen inneren Weg zu linden. Dazu
918 2405 2142 2457 ist es natürlich notwendig, möglichst klar in sich zu sehen, in seine
917 2456 2145 2495 verborgensten Winkel hineinzuleuchten! Den Mut seiner
912 2477 2144 2523 eigenen Natur zu haben. Sich nicht beirren zu lassen. Ja, das müßte
912 2527 2088 2574 das tägliche Gebet jedes anständigen Menschen sein: Unbeirrtheit.
1039 2556 2144 2617 Ich hatte das Zitat im Roman nicht gefunden, es ohne
914 2605 2142 2669 die straffe Interpunktion und ohne die tiefste Stelle aus einem
912 2665 2136 2717 Jubiläumsfeuilleton zitiert. Nun ist es bequem inf Kapp zu finden.
1240 2810 1815 2884 Die Kunstwelt entsendete
924 2858 2134 2925 heißt es, wenn dort, wo alle dabei waren, auch die Maler
927 2916 2146 2972 Lukaseder und Wenzelides dabei waren, sowie die Mitglieder des
918 2976 2138 3030 Hofopernballets Wewerka und Hungelberger. Wenn aber auch
925 3024 2143 3078 die Konsuln Benies, Kubies, Hulles und Welles bemerkt wurden, so
916 3061 2149 3126 heißt es, daß die Finanzwelt entsendete. Die diplomatische Welt ließ
928 3117 2161 3177 es sich nicht nehmen — nachdem langwierige Beratungen mit
