3392 4256
205 192 1356 311 2. duttings box 37/5
1661 111 2912 148 mit allen Fasern verwachsen mit dem Wienertum. So manche
1660 149 2909 210 kunserer heutigen Bühnen aber ist nur darum ein Wiener Theater,
1662 192 2265 258 weil sie zufällig in Wien steht.
1769 257 2913 305 Dadurch wird selbstverständlich auch die lokale Produktion
1652 314 2912 374 verschüchtert und abgeschreckt. Denn es ist nicht wahr, daß keind
1662 359 2916 405 Talente mehr da sind, das Wiener Stück zu pflegen. Aber was
1663 407 2875 450 damit anfangen? Es in der Schreibtischlade liegen lassen —
1661 441 2919 525 denn wo ist der Theaterdirektor, der mit Laubes Zähigkeil
1656 513 2916 566 ein solches Stück durchzusetzen entschlossen wäre, wenn es auch
1653 545 2912 593 im Anfang nicht ziehen würde? Freilich kommt da die Geldfrage
1654 595 2923 665 in Betracht. Ein Hoftheaterdirektor hat leicht „durchsetzen“, da es
1658 634 2911 688 nicht aus seiner Tasche geht wie beim Privatdirektor. Da müßte
1662 693 2313 755 also — heißt es dann gewöhnlich
2310 690 2912 754 — eine „Subvention“ herbei¬
1656 741 2894 806 geschafft werden. Aber woher? Aus öffentlichen Mitteln —
1652 799 2921 854 etwa vom Rathause her? Daß so ein Theater gleich von vorn¬
1653 836 2873 894 herein das Stigma eines „Parteitheaters“ aufgeprägt erhielte —
1652 886 2919 932 wie wir's ja am Währinger Jubiläums-Stadttheater und seinem
1654 916 2911 982 damaligen Zerteiler erlebt haben? Darum fehlt mir auch der
1645 990 2919 1047 Glaube beim Hören der neuesten Botschaft von der auftauchenden
1657 1017 2903 1092 Phantasmagorie eines „Martinelli=Theaters“,
1658 1073 2916 1137 zzu welchem die Gemeinde Wien unentgeltlich einen
1652 1123 2919 1180 Baugrund herzugeben nicht abgeneigt wäre. Wo? In der
1654 1172 2927 1225 Fendigasse draußen, auf so ziemlich noch unbebautem Rayon, beim¬
1659 1215 2928 1267 Auslaufe der Motzleinsdorferstraße, wo das Publikum erst hin¬
1649 1271 2921 1332 gebaut werden müßte. Ein Gratisbaugrund hier wäre ein
1657 1313 2927 1380 Danaergeschenk für ein Theaterunternehmen, welches leider noch,
1655 1351 2914 1412 wie bemerkt, den Charakter der Unfreiheit, der Abhängigkeit von
1653 1401 2917 1470 der Parteizensur annähme. Stark klingende, willkommene Namen
1655 1455 2908 1495 müßten da als Garantiebieter gehört werden, wenn das Unter¬
1649 1509 2919 1566 nehmen nicht, beim besten und ehrlichsten Willen der Projektanten,
1657 1551 2758 1634 auf die schlimmsten und berechtigtesten Zweifel stoßen soll.
1758 1615 2900 1686 Wie also denn? Ein vergebliches Phantom, der Gedanke an
1653 1652 2893 1742 eine Neubelebung und Reaktivierung des Wiener Volksstückes,
1661 1714 2593 1775 seine Wiedereinsetzung in die natürlichen Rechte?
1759 1793 2897 1847 Im Gegenteil, die Zuversicht darf weiter gehegt werden, bei
1653 1823 2904 1903 Schaffung der richtigen Vorbedingungen. Frei und unabhängig
1657 1873 2898 1935 von aller Bevormundung müßte eine solche Bühne sein, mit einer
1644 1930 2913 1994 entschlossenen Leitung, die von der Ueberzeugung ausgeht, daß
1652 1974 2903 2027 auch der materielle Erfolg sich einstellen werde und müsse, weil
1652 2028 2890 2082 dieser schließlich der einzige wirkliche Beweis dafür ist, daß
1654 2073 2902 2140 es eine „Volksnotwendigkeit“ gewesen, der hier Rechnung getragen
1657 2121 2906 2197 worden und bei der man deshalb auch seine Rechnung gefunden habe.
1649 2170 2878 2235 Die dramatische „Wiener Volksmuse“, wie das „arme Hascher!“
1643 2209 2905 2275 mitleidig schönrednerisch genannt wird, ist wirklich noch immer
1653 2266 2895 2320 imstande, sich eine größere Wohnung zu bezahlen und nicht auf
1648 2311 2897 2380 ein bescheidenes, wenn auch noch so nettes „Kammerl“ angewiesen
1651 2357 2904 2416 zu sein, wie es ihr, zum Beispiel, „vor der Lina draußen“ das
1683 2415 2894 2476 nletzter Zeit schon öfters, und zwar ganz rühmlich genannte
1653 2454 2890 2544 kleine „Favoritener Volkstheater“ bietet, ein
1660 2505 2518 2579 Asylchen für das obdachlose „Wiener Stück“.
1748 2566 2884 2639 Kürzlich bekomme ich einen Brief von einem jungen
1625 2602 2889 2692 Wiener Autor, der da draußen seine erste Glückseligkeit des
1656 2674 2905 2765 Erfolges genossen, nach vielem vergeblichen Anklopfen an
1658 2754 2896 2828 Direktionstüren, und der mir nun gleichfalls über Freud und
1650 2784 2908 2865 Leid so eines Wiener Volksstückschreibers spricht. Ludwig
1653 2849 2906 2916 Janeczek=Johannes heißt der junge Mann und
1665 2902 2891 2958 „Die durchgegangene Frau“ das bis zu einer Jubiläums¬
1662 2945 2904 3018 vorstellung gediehene Liederspiel in einem Vorspiel und drei Auf¬
1654 2993 2898 3074 zügen, Musik von Theodor Klinger. Der ehrliche,
1668 3034 2229 3103 enthusiastische und doch
2446 3036 2806 3102 natürliche Ton
2232 3037 2405 3104 einfach
1663 3081 2485 3152 dem Schreiben hat mich angenehm
2483 3085 2901 3155 berüht und be¬
1660 3137 2900 3197 sonders die Art und Weise, wie er sich mir vorstellt: „Ich
1662 3182 2899 3242 bin ein bescheidener Privatbeamter, den ganzen Tag eingespannt,
1666 3241 2902 3297 auch am Sonntag, gedichtet wird nur in der Nacht, ich muß für
1664 3272 2903 3336 mein junges Frauerl sorgen, welches ja auch selbst fleißig fort¬
1659 3332 2901 3394 arbeitet" — aber der Ehrgeiz des bescheidenen Privatbeamten
1661 3381 2903 3434 möchte „Größeres leisten“, möchte „beihelsen zur Lösung der
1661 3421 2900 3496 Frage, wie dem Wiener Volksstück aufzuhelfen sei“. Und er
1658 3473 2903 3526 erzählt mir von dem Gedeihen des Theaterchens, welches,
1661 3523 2495 3586 so recht mitten im sozialdemokratischen
2509 3516 2909 3588 Stadtgebiete, doch
1654 3561 2026 3629 allmählich auch
2030 3568 2907 3640 schon sein bürgerliches Stammpublikum
1654 3617 2046 3677 gewonnen habe,
2124 3616 2904 3681 daß man sich manchmals um die
1655 3668 2914 3721 Sitze reiße, als wär's „zu einer Caruso=Vorstellung". Woraus
1650 3708 2903 3779 der Schreiber deduziert, daß hierin, wenn auch im kleinen nur,
1654 3757 2914 3834 ein Beweis liege für das Verlangen dichter Bevölkerungsschichten
1651 3813 2728 3871 nach einem richtigen, ausschließlich wienerischen Thealer.
1770 3864 2899 3919 Ich habe diesen Brief des darin vibrierenden Herzens¬
1651 3884 2904 3963 impulses wegen aus der Menge der Zuschriften herausgehoben,
1646 3955 2915 4012 die mir in der Sache des Wiener Volksstückes zu Handen kommen
1646 3999 2896 4055 und jedenfalls zeigen, daß die Frage viele Köpfe in Wien be¬
1653 4047 2913 4131 schäftigt und nicht den letzten Plotz auf dem Wiener Fragebogen
1652 4092 1860 4154 einnimmt.
2787 4111 3042 4174 e
