3344 4352
208 192 1377 309 2. Guttings box 37/5
429 778 1279 864 Seite 6. Montag=Morgen=Ausgabe.
1808 802 2853 878 Fränkischer Kurier, Nürnberg.
336 900 3340 978 Unterbewußten zu Bewußtsein erhebt, stolpert bei= Hoffensthal hier nicht geben, wo er ein leidenschaft= bachs klassische Frauengestalten“, „Die Kunst dem
336 938 2347 1016 nahe das geistige Leben einer ganzen Generation. lich liebendes Weib schildert, das seine Liebe den
2324 945 3355 1023 Volke“, „Adel und Volk in der Kunst“, „Albrecht
1323 989 2331 1053 Launen eines schwachen Mannes opfert, denn sein
2337 998 3353 1066 Dürer und Lukas von Lejden als Freunde“, „Kunst¬
1338 1027 2345 1095 ganze Schaffenskraft ist nur den Seelenkämpfen
2339 1033 3343 1118 formen der Natur“, „Vom Meißener Porzellan“,
447 1037 1334 1127 Hans von Hoffensthal: Marion Flora.
1336 1086 2340 1140 dieser beiden Menschen gewidmet. Aber gerade in
2338 1073 3350 1154 „Das Kunstproblem in der Jugenderziehung",
437 1109 1335 1183 Roman. Berlin 1914 bei Egon Fleischel
1329 1120 2336 1199 dieser äußerlichen Schwäche beruht die feine Schön¬
2332 1138 3351 1191 „Deutsche Burgen“, „St. Sebald in Nürnberg“
442 1149 646 1213 u. Co.
1331 1169 1704 1244 heit der Dichtung.
2323 1166 3361 1229 u. a. m. Von den in die einzelnen Hefte eingefügten
373 1176 1354 1260 Mit den musikalischen Stimmungsbezeichnungen
2320 1210 3346 1285 farbigen Kunstbeilagen seien erwähnt: „Elise Eva“
1821 1204 2332 1301 G. G. Wiessner.
323 1246 1354 1311 emer Symphonie hat Hoffensthal die einzelnen
2325 1243 3347 1330 von Ludwig v. Zumbusch, „Umblümter Weiher“ von
322 1298 1356 1351 Zeile seines neuen Romans überschrieben, und folgen
2325 1301 3363 1361 Wilhelm Steinhausen, „Iphigenie“ v. A. Feuer¬
314 1332 1359 1388 nir seiner Schöpfung, wahrhaftig, es scheint uns hier
1453 1333 2334 1416 Gabriele Reuter: „Liebe und Stimmrecht“.
2343 1352 3354 1421 bach, „Östermorgenspuziergang“ von Theodor Schütz.
400 1377 1362 1441 klingen wie in einem Orchester, das eben
311 1384 411 1434 zu
2391 1377 3350 1452 Die Zeitschrift, die nicht nur Aufsätze von Kunst¬
1455 1391 1861 1462 S. Fischer, Berlin.
328 1416 1366 1487 Beethovens Pastorale spielt, so fein weiß der Dichter
2332 1425 3354 1502 ästhetikern bringt, sondern auch bestrebt ist, Aufsätze
1387 1418 2339 1505 In der ihr eigenen temperamentvollen und über¬
321 1468 1336 1523 Naturstimmungen in lichten Farhen zu malen, so
2337 1483 3348 1555 von schaffenden Künstlern über ihre Kunst und die
1329 1495 2340 1555 zeuge en Weise hat nun auch Gabriele Reuter in
321 1497 1340 1568 sicher kehren einzelne glänzende Motive immer
2329 1521 3356 1580 Entstehung eines Kunstwerkes ihren Lesern zu unter¬
1333 1538 2344 1592 der Frage des Frauenstimmrechts das Wort er¬
309 1556 1335 1614 wieder. Hoffenthals Schilderungskunst reicht an die
2339 1565 3361 1641 breiten, verdient gewiß Unterstützung und kann warm
1338 1589 2338 1643 griffen. Sie verlangt die Mitwirkung der Frau am
309 1603 1340 1665 Stifters heran, aber er ist moderner und wirkt daher
2329 1600 2727 1690 empfohlen werden.
1329 1626 2344 1681 öffentlichen Leben aus einem ganz anderen Grunde,
318 1645 1337 1702 eindringlicher auf uns. Und ein Herz hat er, wie
1332 1668 2358 1736 als wir gewohnt sind zu hören, und zwar um der
302 1675 1344 1752 Rosegger. Der ganze Roman besteht eigentlich nur
1333 1715 2356 1764 [Liebe willen, die sich bei Mann und Weib zu der
2449 1701 3310 1791 Trine Ralph Waldo: Der Neubau de
310 1731 1336 1792 aus einer Aneinanderfügung herrlicher Einzelszenen;
1340 1757 2359 1817 Höhe aufschwingen soll, daß sie dem einzelnen In¬
2455 1764 3361 1843 Lebens. Uebersetzung von Max Christ¬
310 1766 1340 1837 um die Handlung straff zusammenzuhalten, dafür ist
1330 1803 2356 1870 dividuum jede, aber auch jede Entwicklungsmöglich¬
2445 1813 2976 1883 lieb. Stuttgart 1914.
302 1826 1340 1886 Hoffensthal viel zu sehr Dichter. Aber wir können
1330 1839 2363 1900 keit bietet und zur vollen Entwicklung der Frau ge¬
318 1870 1337 1933 nicht sagen, welcher Szene wir den Vorzug geben
2389 1866 3348 1926 Diese „Richtlinien“, wie der Verfasser seine gut¬
1338 1883 2353 1958 hört ss lsa Stufe vielleicht nur das Stimmrecht.
311 1901 1341 1965 wollen: dem Weihnachtsabend auf dem Ritten, oder
2326 1900 3359 1992 gemeinten Ratschläge und Ausführungen, Warnun¬
1337 1936 2348 1982 Gabriele Reuter ist selbst weit davon entfernt zu be¬
312 1956 1335 2014 dem Erwachen des Bären, oder der, wie der Föhn
2339 1958 3362 2030 gen und Aufmunterungen bezeichnet, fordern auf,
1336 1975 2343 2035 haupten, daß die Mitwirkung der Frau in der Politik,
301 1993 1338 2059 daherkommt, oder der Liebesszene im 8. Kapitel,
2332 2011 3358 2074 „die Zeit zu erkennen, die abgestorbenen Gedanken
1330 2021 2348 2088 im parlamentarischen Leben, bei der Gesetzgebung
1234 2045 1333 2101 Sie
311 2042 1247 2109 wenn es heißt: „Wie diese Tage lächelten. —
2345 2048 3360 2127 und Dogmen früherer Jahrhunderte über Jesus
1340 2054 2344 2122 usw. auf jeden Fall ein Segen für das Volk sein
307 2083 1337 2143 hatten die Gesichter süßer Kinder, fröhliche Mäul¬
2342 2101 3360 2154 fallen zu lassen und unmittelbar auf die leben¬
1329 2107 2344 2167 wird. Aber der Versuch soll gemacht werden. Dem
311 2137 1345 2208 chen, blitzende Augen und darin eine Welt von
2330 2144 3360 2196 schaffende Kraft und Schönheit der grundlegenden
1334 2158 2341 2211 Einwand, daß der Staat nicht dazu da sei, um den
316 2175 639 2250 Sonnenschein.
707 2175 1248 2243 „Hast du mich gerufen?“
1326 2182 3360 2247 Frauen zu Experimenten ihrer Entwicklung zu Lehren Jesu zurückzugehen.“ Trine versichert dessen,
309 2223 1339 2282 „Nein,“ lacht Marion zurück und reicht dem Ge¬
2337 2205 3352 2292 daß der Inhalt des Christentums die größte Kraft
1345 2229 2341 2301 dienen, begegnete sie mit den Worten: „Doch, gerade
314 2259 1333 2320 liebten die Hand, „ich rief dich nicht. Ich habe über¬
2339 2271 3347 2340 umschließe, die je auf Erden lebendig gewesen ist.
1333 2287 2341 2357 dazu ist er da. Seit Staaten existieren, waren sie
305 2307 1342 2369 haupt den ganzen Vormittag noc nicht an dich ge¬
2333 2312 3360 2388 „Deshalb müssen wir uns hüten, daß wir nicht mit
1338 2327 2334 2385 Tummelplätze für Experimente zur Menschheits¬
315 2350 1018 2417 dacht.“ — „Was tatest du dann?“
1048 2355 1343 2421 „Ich saß vor
2332 2351 3362 2408 dem Wertlosen auch das Wertvolle verwerfen. Was
1335 2361 2275 2438 entwicklung. Absolutismus — Demokratie
305 2386 1008 2453 unserem kleinen Hause und sann.“
2331 2407 3353 2462 die Zeit verlangt, ist eine Wiederholung der Refor¬
1334 2416 2341 2472 Monarchismus — Republik — Tyrannei — Parla¬
308 2404 1334 2502 hast du, sag, nicht vorhin die Glocke gehört?.
1187 2447 1335 2500 — „Ja,
2338 2447 3353 2511 mation, eine Neubildung des ganzen christlichen
1340 2464 1637 2521 mentarismus
1718 2475 2335 2520 Waren alle diese Formen, die
319 2470 1345 2564 freilich hörte ich sie. Sie klang so schön. Tausend
2333 2480 3359 2548 Lehrgebäudes und das Aufgehen all der alten An¬
1343 2488 2343 2566 sich in den verschiedenen Staatswesen abgelöst haben,
2332 2524 3354 2594 schauungen und Vorstellungen, die daran schuld sind,
316 2538 2346 2609 Dank.“ — „Ich habe sie geläutet. Nun sag, hast nicht lauter Experimente, die Völker unternahmen,
309 2571 1245 2647 du wirklich nicht einmal an mich gedacht?“
2331 2574 3361 2630 daß sich die verschiedenen Dogmen und ebenso die
1330 2598 2342 2647 um sich in ihnen, an ihnen zu entwickeln? Ein
940 2594 1335 2689 „Ich kann es nicht
313 2616 810 2690 „Nein, nicht einmal —
2333 2609 3359 2688 vielen Spaltungen in der Kirche gebildet haben, wo¬
1345 2640 2345 2700 Staat, der stagniert, der nicht fortwährend neue
620 2654 1338 2718 „Nein, nicht einmal — nicht einen
309 2662 637 2726 glauben.“ —
2331 2664 3361 2720 durch so viele religiöse Kraft verloren gegangen ist.
1331 2676 2346 2734 Kräfte aus sich selbst gebiert, der birgt den Todes¬
316 2710 1335 2773 Augenblick lang habe ich aufgehört an dich zu denken.“
2337 2709 3360 2762 Das Christentum muß wieder Leben und Lebenskraft
1335 2727 2335 2782 keim in sich und geht dem Zerfall entgegen. Die
375 2760 1304 2819 Sie lehnte sich an ihn und schloß die Augen. —
2347 2751 3362 2822 aus dem Geiste Jesu schöpfen, eine Religion des
1331 2759 2335 2824 Teilnahme der Frau bedeutet einen Zufluß neuen
305 2795 1275 2874 „Hast du es, Marion, deinem Vater erzählt?“
2342 2800 3346 2853 immer fließenden Lebens werden; der See muß
1333 2809 1528 2869 Blutes
1587 2812 2346 2876 bedeutet noch unerprobte Kräfte im
972 2833 1274 2905 „Noch nicht.“
310 2829 897 2903 „Nein, du deiner Mutter?“
2329 2839 3351 2911 immer frischen Zufluß aus seiner Quelle haben, sonst
1342 2841 1613 2927 Staatsleben.
2342 2875 2808 2953 wird das Wasser faul.“
309 2884 1347 2948 „Dann höre,“ sagte sie und nahm seine Hand, „wir
1399 2877 2350 2957 Wohlan, mache man den Versuch sie einzustellen.
2390 2913 3360 2988 Es ist hier nicht der Platz, sich mit Trine kritisch
313 2932 1256 2984 wollen es eine Weile nur für uns wissen.“
1335 2932 2346 3000 Nun, man mag zu der Frage stehen, wie man will,
947 2936 1343 3046 „Nein, daß du —“
314 2975 901 3039 „Was?“ — „Nun, daß du —“
2333 2959 3360 3038 auseinanderzusetzen, wie auch mit dieser Anzeige des
1341 2978 2341 3047 jedenfalls wird man es nicht bereuen, Gabriele
1037 3011 1105 3060 7777
372 3013 1079 3087 „Daß also ich — dich so lieb habe.““
2344 3013 3359 3080 neuen Buches des amerikanischen Predigers keine
1336 3026 2344 3100 Reuters kurzer Broschüre ein Stündchen zu widmen.
2329 3069 3359 3118 Charakterisierung seiner Eigentümlichkeiten ver¬
378 3053 1344 3123 Oder ist die Szene schöner, da Georg mit verun¬
1338 3082 2339 3141 Sei es auch nur um sie mit einem leisen Neidgefühl
2335 3108 3354 3176 bunden werden soll. Er hat sicherlich das mit allen
314 3114 1337 3184 glücktem Eramen zu Hause die Fiedel spielt. Es ist
1343 3111 2339 3190 gegen so viel fröhlichen Optimismus aus der Hand
2330 3151 3348 3211 Predigern gemeinsam, daß es ihm nie davor bangt,
315 3157 687 3244 schwer zu agen.
1336 3169 1563 3240 zu legen.
2340 3185 3347 3253 sich bis ins Unermeßliche und stetsfort zu wieder¬
2144 3187 2326 3282 H. R.
382 3187 1356 3267 Hoffensthal ist Meister der stimmungsvollen
2328 3234 3351 3295 holen. Zweifellos wird dieser Umstand jedoch er¬
319 3250 1353 3312 Kleinmalerei. Seine Handlungen müssen sich Natur¬
2336 3271 3351 3330 bauungsbedürftige Gemüter niemals daran hindern,
309 3299 1351 3363 stimmungen fügen, er macht sie von ihnen abhängig.
2335 3329 3362 3400 in der Lektüre seiner Schriften Stunden des Heils
1454 3312 2346 3391 Volkstümliche Kunst. Halbmonatsschrift zur
389 3331 1366 3400 Freilich, die große Anlage des Stoffes meistert er
2340 3365 2904 3448 und der Erlösung zu finden.
1449 3362 2347 3439 Förderung und Pflege der Kunst im Leben
317 3388 1351 3449 nicht. Die Geschichte des Luisl, die vorangestellt ist,
3128 3397 3318 3489 Dr. J.
1452 3425 2358 3495 des Volkes. Herausgeber: Artur Dobsky,
314 3426 1363 3486 ist eine schöne Novelle, die aber zum Roman nur
1466 3467 2354 3527 Stuttgart. Verlag Richard Keutel=Stuttgart.
315 3474 1360 3542 schwache Fühlung bekommt. Auch Eindrücke einer
1466 3512 2354 3599 Preis vierteljährlich 4.— „, für die Einzel¬
321 3519 1363 3575 Indienreise sind in diese Vorgeschichte verwoben.
2696 3513 2983 3602 Einlauf:
1461 3539 1834 3622 nummer 80 J.
321 3554 1358 3629 Aber sie treten eben so sehr hinter den Schilderungen
2338 3569 3361 3649 (Eine Zurücksendung unbestellt eingesandter Bücher erfolgt
1404 3591 2340 3663 Seit Januar lsd. Is. erscheint im „Verlag für
317 3605 1351 3666 des Bozener Heimatbodens zurück, wie die Handlung
2344 3613 3352 3700 nicht. Eine Besprechung der eingelaufenen Bicher behäkt
1340 3641 2355 3717 Volkskunst“ obengenannte Kunstzeitschrift. Aus den
314 3653 1352 3715 hinter den Stimmungsbildern zurücktritt. Aus
2472 3664 3228 3746 sich die Redaktion von Fall zu Fall vor.)
1344 3692 2356 3760 bisher erschienenen Heften seien hier einige Themen
319 3697 1353 3757 ihnen sucht der Dichter Zusammenhänge; gekünstelt
2417 3708 3361 3780 Velhagen u. Klasings Volksbücher.
1347 3737 2344 3805 angeführt: „Die Einführung der Künste in Deutsch¬
311 3749 1352 3814 würden sie erscheinen, wenn sie uns nicht so schlicht,
2331 3737 3349 3808 Leipzig, Velhagen u. Klasing. Jeder Band 60 J.
316 3785 2936 3856 fast wie Märchen anmuteten. Gern verzichten wir land durch das Christentum“, „Lionardo da Vinci“,] Goethes Mannesjahre.
2911 3778 3362 3855 Von Johannes
316 3827 3360 3882 auf rasch fortschreitende Geschehnisse; die kann uns „Segantini über das Wesen der Kunst“, „Feuer=[Goethes Mannesjahre. (104.) Von Johannes
2852 3918 3041 3992 m — —
2049 3938 2248 4013 E.
1531 3943 1878 4036 PAE
