3344 4352
264 221 1414 334 2. Cuttings box 37/5
1344 1497 1905 1614 e
1898 1583 2059 1689 4
1390 1594 1720 1725 Deue C
1040 1771 2189 1875 cation] Ins zwanzigste Jahrhundert führt uns Dr.
1059 1833 1186 1891 Mat¬
1190 1841 2200 1924 [Julius Kapps Arthur Schnitzler. Im##
1074 1887 1178 1945 noch
1191 1882 2168 1946 Lenienverlag zu Leipzig. 178 Seiten. Preis gebd.
1078 1932 1183 1989 das
1187 1933 1392 1993 4 Fr. 70.
1049 1979 1180 2035 durch
1246 1979 2185 2069 Arthur Schnitzler, der Wiener Dichter, hat im
1043 2029 1172 2083 eine";
1190 2029 2170 2087 Jahre 1912 seinen fünfzigsten Geburtstag gefeiert.
1027 2073 1180 2132 kaide“
1191 2081 2179 2129 Zu diesem Feste sind seine Werke in zwei Serien!
1029 2121 1175 2177 Bilder
1188 2130 2167 2189 (von 3 und 4 Bänden) bei S. Fischer in Berlin her¬
1028 2167 1170 2232 ##utten¬
1190 2162 2180 2260 ausgegeben worden. Wir haben sie seinerzeit ein¬
1016 2217 1592 2296 gentee“ gehend besprochen.
1243 2255 2166 2342 Wer möchte nun nicht eine eingehende Würdigung
1184 2311 2168 2370 der Schriften dieses modernen Dramatikers und Er¬
1022 2315 1174 2377 Roman
1019 2369 1181 2437 dichten.
1199 2369 2169 2430 zählers haben wollen? Kapp schreibt keine eigent¬
1049 2420 1176 2472 Me¬
1189 2412 2174 2478 liche Biographie, sondern gibt, nach einer Skizze
1188 2460 2168 2529 über „Das literarische Jung=Oesterreich“, Ueber¬
1034 2461 1184 2524 Preis
1184 2510 2178 2580 sichten erstens über das Drama, dann über die Prosa!
1013 2497 1174 2572 Neues,
1016 2551 1178 2619 ch einer
1191 2551 2182 2634 Schnitzlers, und zwar Uebersichten von einer ganz
1030 2608 2168 2683 ürgers besonderen Art; es sind knappe, scharfe Inhaltsan¬
1035 2653 2171 2739 Auf= gaben der Werke; nach jeder Gruppe folgt eine eben¬
1034 2703 2175 2766 1775,I so kurze, treffende Beurteilung. Das ist etwas ganz
1089 2756 2174 2819 bis anderes als die landläufigen Lebens= und Schaf¬
1025 2795 2173 2861 —1785, fensschilderungen eines Dichters: etwas ganz Apar¬
1053 2856 2177 2932 „Der tes. Aber das Bild des Dichters blickt, ja springt
991 2900 2173 2976 Zürgers einem daraus entgegen. Wer also Arthur Schnitzler,
1008 2946 2159 2992 s bestel in seiner Ganzheit kennen lernen will, greife zu die¬
1003 2995 2159 3055 ern, den sem Buche, das, wie ein impressionistisches Bild, aus
988 3042 2177 3102 is Epi= der Nähe den Eindruck macht, als bestehe es aus
988 3084 2168 3170 id seinen! unzusammenhängenden Flecken, das aber aus weite¬
996 3119 2168 3211 n, aus rer Entfernung sich zu einem farbenreichen, origi¬
1186 3182 1626 3243 nellen Ganzen schließt.
985 3183 1183 3243 her und
1206 3218 2205 3286 Der Naturphilosoph Gotthilf Hein= s#
1016 3219 1180 3298 e Briese
1037 3286 2213 3357 Allesfrich Schubertund die deutsche Rom##n#
978 3319 2216 3408 wert fürstik“ von Dr. Franz Rudolf Merkel. 151r.
1187 3378 2227 3461 Seiten München. C. H. Becksche Verlagsbuchhand
