3344 4256
2173 152 2464 221 ——
244 214 1403 329 2. Guttings box 37/5
1493 671 1862 821 6224 02
2118 664 2395 854 De
890 694 1232 852 A##400,
1303 812 2025 872 Hütet Euch zu träumen und zu dichten!
2323 821 2457 919 305
884 926 2458 1010 Einzeluntersuchungen über Goethe, Grillparzer, Hebbel u. a. wird überzeugend
871 1004 2463 1072 dargetan, daß nach dem heutigen Stand der Wissenschaft nicht daran zu denken
872 1057 2466 1124 ist, den Dichter und sein Schaffen nur neurotisch zu erklären: „Wir müßten erst
873 1113 2463 1168 die „Nervosität“ des Durchschnittsmenschen sehr genau kennen, um sagen zu können,
883 1176 2451 1234 wo das eigentlich Abnorm=Krankhafte beginnt.“ Die Ahnlichkeit gewisser
885 1225 2462 1315 Erregungszustände des Hysterikers und des Schaffenden berechtigt durchaus zu
886 1292 2468 1356 keiner Gleichsetzung: es ist nach Hinrichsen davor zu warnen, „eine leicht mani¬
888 1351 2456 1410 forme Erregung nun sogleich als unbedingt spezifisch manisch anzusehen.“ Zur
886 1409 2453 1482 Richtigstellung einer übertriebenen Wertung des Sexuellen im Künstlerischen
884 1478 2457 1541 meint Hinrichsen mit Recht: „Nietzsche spricht einmal aus, das Geschlechtliche
878 1527 2470 1588 des Individuums mache sich bis in die höchsten und tiefsten Spitzen seines
878 1585 2466 1651 Geistes beinerkbar. Natürlich! Aber wir sind nicht berechtigt zu sagen, die
882 1631 2470 1710 sexuelle Eigenart eines Individuums bestimme seine spezifisch intellektuelle.“ In
883 1709 2465 1754 bezug auf die Sexualität des Dichters „kommt es nicht so sehr darauf an, wie
884 1769 2464 1816 stark sie sei, als auf ihre, dichterischer Produktion günstigere oder weniger
886 1830 2450 1884 günstige, Eigenart.“ Wir sind noch himmelweit davon entfernt, ein aus¬
873 1885 2463 1961 reichendes Forschungsmaterial für die hier in Frage stehenden Probleme ge¬
880 1942 2460 2009 sammelt und gesichtet zu haben. Alle zuverlässigen Maßstäbe für eine scharfe
889 2003 2455 2051 Abgrenzung seelischer Gesundheit und Krankheit fehlen, da der „Normalmensch“
878 2058 2466 2112 im Sinne des Psychiaters gar nicht existiert. Um so peinlicher berührt es,
887 2127 2474 2193 wenn die Freudschule in überstürzter Hast Dogmengebäude aufführt, denen jedes
885 2178 2467 2230 sichere Fundament fehlt. Ein Schulbeispiel bafür, wohin solche Voreiligkeit
888 2234 2466 2294 führt, ist das Buch des Freudschülers Theodor Reik: „Arthur Schnitzler als
887 2287 2459 2366 Psycholog“ (Minden, I. C. C. Bruns, 1914). Mit einer sehr jugendlich an¬
884 2355 2458 2413 mutenden Gutgläubigkeit an den alleinseligmachenden Meister wird hier die
889 2411 2469 2471 Psychoanalyse an einem lebenden Dichter und seinen Werken verübt. Das letzte
877 2488 2479 2542 Wort zu den Entblößungen, die hier an einem Schaffenden und seinen Gestalten
878 2533 2462 2587 vorgenommen werden, könnte natürlich nur Schnitzler selbst sprechen. Er wird
882 2591 2456 2649 es, zum mindesten öffentlich, nicht sprechen — aus leicht begreiflichen Gründen.
889 2644 2469 2704 Aber wenn Reik zum Schluß in prophetischen Tönen eine neue Phase der
889 2720 2460 2783 Literaturwissenschaft ankündigt, die durch sein Buch eingeleitet werden soll, so
888 2770 2472 2832 wird die überwiegende Mehrzahl der Dichter, und ich glaube unter ihnen auch
892 2825 2469 2899 Schnitzler, sich für diese Neuheit bedanken. Was der Freudschule vorschwebt,
891 2888 2453 2950 ist nichts anderes, als kraft der wunderwirkenden, unfehlbaren Deutungskunst,
889 2946 2469 2997 deren sie sich rühmt, hinter jeder Dichtung den ungeschriebenen Text, die Beichte
890 3002 2470 3062 des Unbewußten zu entziffern. Das heißt aber ohne Frage für die Dichter eine
891 3064 2461 3130 sexuelle Inquisition einrichten, die durch Vermittlung eines unheimlich ausgebildeten
894 3122 2462 3177 Spürsinns bei dem Schaffenden das, was bei jedem anderen Erdenbürger als Privat¬
884 3186 2466 3240 sache respektiert wird, ans Licht zerren darf, indem frisch und frank sexuell determiniert
878 3252 2386 3312 bzw. erfunden wird. Darauf gibt es nur eine Antwort: Hände weg! .
984 3300 2481 3357 Es soll nicht geleugnet werden, daß Freud und seine Schüler für die
890 3359 2470 3443 Erforschung des Traumlebens und der dichterischen Psyche Anregungen gegeben
943 3413 1317 3496 Grenzboten I 1914
2202 3424 2300 3484 20
2520 705 2659 829 77
