3392 4384
255 226 846 340 2. Cuttings
899 219 1397 322 box 37/5
889 1289 2238 1363 Brüdern (nicht auch zwischen Schwestern oder Geschwistern über¬
901 1345 2246 1406 haupt? Die Red.) hat der psychoanalytischen Forschung das Geheimnis
903 1396 2249 1450 der seelischen Motivierung seiner Zwiespältigkeit ausliefern müssen.
906 1440 2242 1491 Eine genaue Analyse der vielen Träume, welche in Schnitzlers Werken
906 1500 2239 1545 geschildert werden, ergibt eine reiche Ausbeute, welche wieder die
909 1537 2248 1586 scelische Vollwertigkeit und den latenten Beziehungsreichtum dieser
901 1577 2251 1614 interessantesten aller Vorgänge, an dessen Produktion das Unbewußste“
909 1626 1620 1675 so hervorragenden Anteil hat, zeigt.
995 1651 2238 1708 Von leicht übersehbaren und doch verräterischen Details in den
905 1708 2252 1759 Motiven Schnitzlers geht meine Untersuchung aus und hält sich so
902 1753 2246 1803 abseits von aller bisherigen Literaturbetrachtung, wie sie Literatur¬
905 1804 2253 1851 historiker und Kritiker üben. In ihrem Zentrum stcht der unentbehrliche
907 1838 2243 1894 Begrilf des Unbewußten, dessen dynamische Formulierung wir Professor
908 1884 2242 1930 Freud verdanken. Auch das eigentlich Produktive des dichterischen
901 1930 2260 1992 Schaftens bleibt im unbewußten Seelenleben. Wir sind in allen
901 1979 2252 2032 unseren Handlungen und Gedanken wie von einem dichten Netze
906 2023 2253 2076 umschlossen, das zu durchbrechen uns unmöglich ist; auch dem Dichter.
987 2063 2252 2116 Ja er als dier Berufenste sollte eigentlich seinen Zeitgenossen
909 2109 2252 2158 dies immer wieder zeigen, und vor ihrem Spiegelbilde, das er ihnen
912 2163 2251 2215 vorhält, sollte, als Mahnung und Warnung zugleich, sein Wort in
910 2196 1411 2252 ihnen lebendig werden:
1128 2237 1652 2302 „Und laß dir raten, habe
1127 2278 2032 2338 Die Sonne nirist zu lieb und nicht die Sterne.
1119 2333 1974 2399 Komm, folge #ur ins dunkle Reich hinable
1917 2343 2220 2428 Theotlor Reik
984 2423 1077 2510 M
911 2486 2257 2592 Der Weg der Hilde Wilden. Prozeß¬
1017 2571 2250 2648 eindrücke / von Stefan Großmann
992 2647 2253 2714 Sie ist die Tochter eines Düsseldorfer Kaufmannes, der von den
906 2708 2252 2762 einen als reicher, von den andern als verschuldeter Mann geschildert
916 2740 2255 2803 wird. Es scheint im Vaterhaus jedenfalls nicht jene gesunde Stabilität
909 2794 2258 2864 geherrscht zu haben, die auch den Kindern das Gefühl bürgerlicher
991 2862 2254 2904 *) Der Fall der Brunhilde Wilden hat einige Wochen lang
903 2903 2255 2963 die Presse und die Offentlichkeit in Atem gehalten. Der Freispruch
906 2952 2244 3006 hat — das ist bemerkenswert — an kaum einer Stelle Widerspruch ge¬
899 2992 2240 3041 funden: so klar hat diesmal das Gutachten der Arzte — wie auch der
910 3040 2249 3104 Schießsachverständigen — die Unmöglichkeit einer „Verurteilunge er¬
919 3091 1084 3147 wiesen.
994 3117 2244 3179 Aus der Fülle der Urteile schien uns am bemerkenswertesten das des
908 3171 2254 3221 Dichters Großmann, der selbst an Ort und Stelle seine Beobachtungen
903 3216 2245 3261 machte und, fern jeder sensationellen Aufmachung, den Fall in der¬
908 3271 2262 3322 „Vossischen Zeitungg am Vorabend des „Freispruchse am 20. Juni!
907 3309 1337 3365 menschlich würdigt.
983 3340 2252 3408 Aber ist nicht ein Mensch, der des Totschlags, gleichviel ob mit¬
905 3392 2236 3443 Recht oder Unrecht, angeklagt war, allein schon entsetzlich bestraft?
2009 3435 2226 3496 Die Red.
907 3493 1036 3567 598
