3344 4352
179 200 1334 291 2. Guttings box 37/5
230 1065 871 1175 usschnitt aus:
897 1086 1348 1233 che. Fehn. Berso:
209 1161 339 1229 om:
633 1150 730 1235 1-
719 1236 771 1295 K
778 1171 1151 1313 MAl 1914
488 1297 1005 1397 Literaturwissenschaftliches
213 1375 1267 1467 AxtbunSchuihler.—Von Nobert Roseen. Berlin,
290 1423 1170 1497 Verlag Neues Leven, Wilhelm Borngräber. 57 S.
304 1457 1267 1535 Der sympathische Ton aufrichtiger Hochachtung und
221 1491 1268 1581 herzlicher Zuneigung, dem man so häufig bei kritischen
217 1533 1263 1624 Würdigungen Schnitzlers begegnet, klingt auch aus der
225 1570 1274 1645 Studie, die Dr. Rohert Roseen jüngst seinem Schaffen
221 1616 1269 1696 gewidmet hat. Deutlich spürt man, wie ihm die Wanderung
223 1648 1263 1731 durch des Dichters gestaltenbunte und schicksalsreiche Welt
220 1694 1260 1775 zu einem tiefen Erlebnis geworden ist; daß er sich gut
217 1735 1255 1807 in ihr zurechtzufinden wußte, beweist manches kluge, auf¬
211 1765 1260 1854 hellende Wort über ihr Klima, ihre Weiten und Höhen.
212 1811 1250 1888 Er erzählt von den Menschen Schnitzlers, von den Wir¬
215 1850 1254 1918 rungen, in die sie ihr Fatum verstrickt; doch vor allem
221 1885 1258 1960 sucht er ein deutliches Bild der Weltanschauung zu geben,
215 1924 1256 1995 die aus Schnitzlers Werken spricht, und das Lebensgefühl
203 1970 1255 2050 zu zeigen, das sie beseelt. Und wie er eingehend das
196 2000 1253 2094 Nahverwandte der Motive, die überraschende Ahnlichkeit
209 2047 1246 2115 vieler Gestalten in Novellen und Dramen aufweist, so
204 2088 1248 2149 gelingt es ihm auch, aus dieser vergleichenden und
202 2132 1236 2211 analysierenden Betrachtung der Dichtungen ein sehr lebens¬
195 2175 1246 2247 volles, überzeugendes Porträt des Dichters zu gewinnen.
281 2205 1239 2290 In seiner Beurteilung der einzelnen Schöpfungen
200 2247 1240 2318 Schnitzlers vermochte ich Dr. Roseen nicht immer beizu¬
204 2277 1240 2364 stimmen; doch stets erfreute mich sein stark hervortretendes
200 2320 1251 2381 Bestreben, die vielen Schönheitswerte, die die Werke des
197 2357 1264 2455 Dichtes bergen, aufzuspüren und seiner Kunst neue Freunde#
200 2403 412 2457 zu werben.
264 2444 439 2510 Berlin
785 2448 1212 2542 Wilhelm Sudi
1811 350 2176 421 Ausschnitt an
2188 348 2970 470 Vterarisches Gentralbiant, Leipzig
2005 405 2255 488 Rehlb. 197
1817 463 1980 546 vom:
1980 496 2071 556 V KSPAHENN
2132 584 2584 674 Verschiedenes.
1769 673 2830 727 Reik, Th., Arthur Schnihler als Psycholog. Minden i. W.,
1809 708 2311 771 Bruns. (VIII, 203-678.]
2389 716 2918 782 geb. N 5; in Leder = 7, 50.
1838 764 2931 845 Der am gleichen Orte mit Schnitzler lebende und ihm
1775 818 2940 891 wohl auch befreundete Verf. will Schnitzlers Werke „im
1776 864 2942 950 Lichte einer neuen, vertieften Seelenkunde betrachten“ (S. 266),
1769 914 2941 987 als welche er im Vorwort Freuds psychoanalytische Methode
1777 960 2927 1033 empfiehlt. Wie „Dichter seit jeher der wissenschaftlichen
1775 1008 2921 1083 Psychologie vorausgeeilt sind“ (S. 266), so sei auch Schnitz¬
1775 1046 2928 1128 ler, der Arzt und Dichter in einer Person, in seinen Ge¬
1782 1094 2931 1182 stalten, die wir als wirklich lebende Menschen zu analy¬
1775 1147 2917 1230 sieren hätten, von Strömungen des Unterbewußtseins aus
1769 1210 2933 1253 gegangen, deren Kompliziertheit sich die Schulweisheit früherer
1776 1251 2920 1312 Zeiten nicht habe träumen lassen. „Aus dem Kampfe mit#
1772 1292 2923 1364 diesen dunklen Triebgewalten erwächst der starke und un
1770 1349 2896 1413 vergängliche Wert, das Bleibende in Schnitzlers Dichtung.“
1771 1388 2910 1484 Ich stelle den Wiener Dichter mit an die erste Stelle unter
1767 1437 2925 1500 den lebenden Schriftstellern, aber was in den Werken unseren
1763 1492 2900 1559 Zeitgenossen von Dauer ist, wer wagt dies heute zu bes
1767 1532 2887 1610 stimmen? Eines der von Reik mit Recht besonders ge
1766 1589 2891 1651 rühmten Motive Schnitzlers, die „Allmacht der Gedanken“
1764 1622 2884 1701 die in ihrem Gefolge die Gedankensünden hat, ist nicht so
1766 1683 2888 1740 wie R. meint, Schnitzler eigen. Wir finden das Motik
1761 1723 2898 1812 schon in Sudermanns „Geschwister“ (1888), wie wieder in
1765 1776 2877 1840 Alice Fliegels eigentümlicher „Totenwache“ (1907). Unf
1762 1814 2891 1908 in beiden Erzählungen ist auch das von R. an zweiter Stelll
1732 1880 2387 1970 neLireratur. — 3. Mul.
1764 1990 2902 2076 behandelte Problem des Todes, das (S. 33) „mit feind¬
1773 2036 2907 2120 seligen Wünschen gegen eine geliebte oder mindestens nahe¬
1770 2088 2908 2161 stehende Person zusammenhängt", mit der eingebildeten
1773 2135 2520 2210 Macht schuldiger Gedanken verbunden.
1831 2191 2894 2261 R.s beiden einleitenden Abschnitten mag man zustimmen,
1760 2221 2905 2318 die folgenden dürfen nicht ohne entschiedensten Widerspruch
1762 2272 2888 2364 bleiben. Natürlich hat R. recht, wenn er für die litera¬
1754 2327 2903 2410 rische Betrachtung mehr seelische Analysen verlangt. Diese
1749 2382 2900 2460 Forderung hat ja bereits Elster in seinen „Prinzipien“ auf¬
1761 2427 2896 2508 gestellt. R. aber verfährt als folgerichtiger, zum äußersten
1754 2483 2888 2554 gehender Schüler Freuds. Und diese Neigung, gar alle
1750 2523 2890 2590 Seelenvorgänge und Handlungen im Traum und Wachen
1754 2577 2892 2647 auf geschlechtliches Verlangen zurückzuführen, ist selber eine
1747 2617 2894 2695 krankhafte, ein Ausfluß von Zwangsneurose, um R.s Lieb¬
1747 2666 2890 2733 lingswort zu gebrauchen. Grund der Eifersucht sei un¬
1742 2712 2895 2778 bewußte homosexuelle Neigung; das Naturgemäße (!) sei die
1752 2760 2893 2831 starke Abneigung der Söhne gegen die Väter und der Wunsch
1738 2816 2893 2891 an ihrer Stelle der eigenen Mutter Kinder zu machen, der
1740 2859 2893 2941 bis zum Todeswunsch gehende geheime, gegenseitige Haß
1740 2897 2879 2988 der Geschwister. Auch der Mutter sei das Inzestverlangen
1745 2944 2880 3033 natürlich, die ältere Frau befriedige es mit jüngeren Lieb¬
1746 2998 2886 3070 habern als Ersatzmännern für den eigentlich verlangten Sohn.
1737 3047 2878 3111 Und diese Triebe will R. nun in allen Dichtungen Schnitz¬
1734 3100 2878 3172 lers herausfinden. Er behauptet aber (S. 169) auch, es
1742 3146 2890 3228 gebe keinen unter uns, der als Kind nicht Inzestphantasien
1736 3195 2879 3255 erlebt hätte, und in der Motivation seiner Liebeswahl und
1736 3236 2864 3308 seiner ganzen Einstellung zum Weibe beweise auch jeder Er¬
1730 3287 2880 3375 wachsene die tiefgehende Wirkung jener Kindheitswünsche.
1738 3332 2880 3420 Die Träume von Bergsteigen, Wasser und Musik zielten
1728 3395 2867 3458 auf Besitz des Weibes, der Traum eines Fiedelbogens ent¬
1732 3426 2867 3503 springe dem Verlangen nach einem aufgerichteten, männ¬
1741 3476 2054 3539 lichen Gliede 2c.
1795 3531 2881 3609 Der alte Spruch sagt, man solle mit dem von anderen
1731 3581 2866 3657 Grundsätzen Ausgehenden nicht disputieren. Allein hier
1729 3628 2869 3705 handelt es sich eben um die Zurückweisung von Grundsätzen,
1726 3671 2870 3739 die unser ganzes Volksleben wie unsere deutsche Kunst zu
1724 3717 2869 3797 verwirren drohen. Es ist nur ein Zeichen des Verfalls
1721 3769 2866 3844 der Rasse, wenn in dem Volke, von dem noch der Aesthetiker
1723 3814 2860 3887 Fr. Th. Vischer die Beibehaltung der „sera Venuse forderte,
1722 3864 2858 3941 heute alles auf sexuelle Fragen und Beweggründe zurück¬
1716 3920 2862 3970 geführt wird. Diese neueste naturwissenschaftliche Erklärungs¬
1714 3964 2864 4015 art, eine psychologische Pseudowissenschaft, weisen wir als
1718 4001 2861 4071 Grundlage von Dichtung und Dichtererklärung auf das ent¬
1723 4051 2846 4132 schiedenste ab als eine Vergiftung von Leben und Kunst.
1718 4105 2863 4177 Ist man doch auf Grund der Freudschen Theorien schon
