3392 4320
165 207 760 308 2. Cuttings
800 213 1328 305 box 37/5
712 624 807 718 372
705 731 2117 803 Schnörkelarbeit ins bessere Blumenthalsche und Dörmannsche
700 784 1287 841 hinüber muß es gelingen.
813 823 2105 877 Kammerspiele! Die bloße Vorstellung weckt altwiener
693 875 2113 935 Gefühle und Kunstneigungen. Raimunds Zauberpossentheater,
698 926 2104 989 in der Leopoldstadt unten, war eine Art von Kammerspielen.
701 982 2107 1035 Intimsten Kontakt hatten er, Ignaz Schuster, die Krones und alle
699 1025 2115 1070 übrigen. Solch lieben Kontakt, als ob die auf der Rampe und
694 1074 2107 1121 die im Zuschauerraum Brüder und Schwester wären, die sich zur
698 1120 2113 1181 gegenseitigen Freude was vorspielen und vorspielen lassen. Und
702 1175 2109 1239 deshalb sind auch Raimunds Stücke alle so warm und aus Herz
704 1217 2108 1275 greifend und nur aus dieser warmblütigen Intimität heraus ist
701 1273 2114 1317 auch das Lied „Brüderlein fein“ und das Hobellied entstanden,
696 1333 2114 1386 und nur in einem zärtlichsten Urväterraum konnte wurzeliger
693 1371 2108 1415 Nestroy=Humor gedeihen. Wie traurig und forciert sind die Witze
691 1415 2109 1455 in unseren Operetten. In ihnen ist der Humor Fabriksware ge¬
701 1475 2115 1520 worden. Damals war Humor aus Gefühl strömend, war eine
706 1516 2096 1569 unbezwingbare Lust beißend zu sein oder war so übermütig¬
697 1578 2108 1634 mürrisch, aber echt dabei, daß man wieder zum Kinde wurde
699 1623 2118 1664 im Lachen und in allerreinster Fröhlichkeit. Alt=Wien aber ver¬
710 1667 1645 1726 schwand. Und mit ihm auch diese Theater.
822 1708 2098 1756 Doch nicht die Theaterstadt schwand. Wien ist es heute
696 1758 2102 1825 genau so wie früher. Nur verfahren. Der richtige Lenker muß
696 1816 2104 1862 kommen. Die großen Theater kamen nach den kleinen, stillen, alt¬
693 1860 2113 1910 wienerischen. Und diese entfremdeten Wien der Literatur. Die
699 1920 2100 1976 großen Theater entfremdeten Wien der Literatur. Das Burg¬
695 1957 2105 2010 theater in seiner unglückseligen Größe. Jedes feinere Stück ver¬
692 2009 2109 2051 hallt dort. Und im Deutschen Volkstheater wirkt zwar ein
692 2060 2113 2119 angenehm=prickelnder Molnar und ein feuilletonistischer Salten,
701 2117 2101 2167 ein hausbackener Ohorn und die schmackhafte Teebäckerei der
691 2165 2113 2198 Firmen Caillavet de Flers. Shaw aber verzappelt sich bereits im
694 2205 2097 2252 Deutschen Volkstheater. Und sogar Schnitzler hat dort nur müh¬
704 2256 2112 2302 selig seine Lebensfrist. Und an wie viele wagt sich dieses Theater
695 2301 2108 2359 überhaupt nicht heran? Ja, nicht einmal Gerhardt Hauptmann
697 2352 2109 2397 führt es auf. So traurig ist es um Wien geworden. Und dann
699 2397 2112 2441 kam die Operette, wirkend wie ein Kinematograph, die Massen
699 2439 2117 2499 heranzi hend. Und mit Allem kam auch der Schlendrian, wühlend
694 2502 2106 2561 und zernagend. In Wien zerstörte er die Aufführung von
697 2541 2105 2600 Klassikern, eine heißblütige, strömende Jugend drückte er nieder,
690 2596 1525 2657 und jede freie Triebkraft zerstörte er.
807 2641 2099 2706 Und so hat das Fehlen von einem kleinen Theater in Wien
688 2700 2096 2746 dazu beigetragen, daß es so traurig kam. Eben ein Theater in
690 2753 2105 2807 Form von Kammerspielen, in dem die Stücke gespielt werden
694 2797 2102 2848 können, in dem man Schnitzler und Ibsen, Wedekind und
693 2845 2095 2896 Wilhelm Scholz erleben kann. Nicht nur in die Premiere
697 2884 2101 2958 hineinlaufen, wie's beim Volkstheater der Fall ist. Fühlen muß
698 2940 2106 2985 man diese Dramen; mit Hitze und Andacht in sich aufnehmen.
695 2989 2099 3043 Kann man dies jetzt in einem Theater Wiens? Schaffe einer
678 3031 1122 3106 die Kammersviele!
803 3132 2113 3211 In Kammerspielen könnte sich Wien krystallisieren. Vor
681 3194 2103 3252 allem wäre es die Bühne, die einzige Bühne Wiens, für Arthur
690 3235 2098 3272 Schnitzler. Von seinem „Anatol“ bis zur „Schleier der Beatrice“
688 3272 2100 3344 Aber man wird auch ein Größpapastück geben können, zur vielen
695 3324 2101 3382 Freude mancher: einen alten, ehrlichen Bauernfeld und Raimund
691 3378 2094 3426 könnte man spielen, so wie er zu spielen gehört, fein abgetönt,
688 3429 2107 3466 in seiner Frühlingsabendstimmung. (Jetzt spielt man ihn als
679 3480 2098 3520 Ausstattungsposse, wie den Böhm in Amerika“.) — Und vor
685 3523 2093 3598 allem: Entwicklungsmöglicheiten würde diese Bühne für junge
696 3573 2097 3629 Dichter bilden können, für unser frühlingsgärendes Jungwien.
795 3627 2096 3693 Und wenn man schließlich die verdorbenen Wiener erziehen
689 3668 2092 3742 wird Erziehung brauchen sie einmal unbedingt — dann werden
688 3715 1298 3780 Kammerspiele in Wien das
1302 3730 2102 3792 sein, das sie sind: Das Selbstver¬
683 3773 1276 3836 ständlichste und Ureigenste!
1309 3830 1466 3911 180
2894 4096 2984 4174 S
