3344 4352
214 201 1374 306 2. Guttings box 37/5
1727 75 2814 155 ler, der Arzt und Auchter un
1734 145 2864 199 stalten, die wir als wirklich lebende Menschen zu analy¬
1728 193 2897 252 sieren hätten, von Strömungen des Unterbewußtseins aus¬—
1719 249 2872 300 gegangen, deren Kompliziertheit sich die Schulweisheit früherer
1727 288 2883 342 Zeiten nicht habe träumen lassen. Aus dem Kampfe mit
1721 312 2867 377 diesen dunklen Triebgewalten erwächst der starke und un¬
1731 383 2857 442 vergängliche Wert, das Bleibende in Schnitzlers Dichtung.“
1722 424 2876 483 Ich stelle den Wiener Dichter mit an die erste Stelle unter
1723 475 2872 536 den lebenden Schriftstellern, aber was in den Werken unserer
1722 527 2865 583 Zeitgenossen von Dauer ist, wer wagt dies heute zu be
1727 567 2863 623 stimmen? Eines der von Reik mit Recht besonders ge
1733 618 2857 680 rühmten Motive Schnitzlers, die „Allmacht der Gedanken“.
1730 675 2858 725 die in ihrem Gefolge die Gebankensünden hat, ist nicht so
1721 715 2870 783 wie R. meint, Schnitzler eigen. Wir finden das Motik
1734 760 2860 819 schon in Sudermanns „Geschwister“ (1888), wie wieder in
1734 803 2867 858 Alice Fliegels eigentümlicher „Totenwache“ (1907). Uns
1727 858 2879 902 in beiden Erzählungen ist auch das von R. an zweiter Stell¬
1696 911 2357 995 ne Literain — 9. Mul.
2750 930 2887 1002 100
1738 1023 2867 1095 behandelte Proviem des Todes, das (S. 33) „mit feind¬
1744 1075 2879 1133 seligen Wünschen gegen eine geliebte oder mindestens nahe¬
1746 1131 2885 1197 stehende Person zusammenhängt“ mit der eingebildeten
1745 1176 2488 1238 Macht schuldiger Gedanken verbunden.
1806 1215 2880 1288 Res beiden einleitenden Abschnitten mag man zustimmen,
1730 1277 2889 1322 die folgenden dürfen nicht ohne entschiedensten Widerspruch
1744 1320 2879 1368 bleiben. Natürlich hat R. recht, wenn er für die litera¬
1745 1369 2880 1411 rische Betrachtung mehr seelische Analysen verlangt. Diese
1735 1411 2891 1490 Forderung hat ja bereits Elster in seinen „Prinzipien“ auf¬
1743 1469 2885 1519 gestellt. R. aber verfährt als folgerichtiger, zum äußersten
1745 1518 2887 1575 gehender Schüler Freuds. Und diese Neigung, gar alle
1743 1563 2882 1606 Seelenvorgänge und Handlungen im Traum und Wachen
1735 1608 2884 1655 auf geschlechtliches Verlangen zurückzuführen, ist selber eine
1730 1656 2879 1711 krankhafte, ein Ausfluß von Zwangsneurose, um R.s Lieb¬
1731 1704 2881 1757 lingswort zu gebrauchen. Grund der Eifersucht sei un¬
1738 1750 2877 1803 bewußte homosexuelle Neigung; das Naturgemäße (1) sei die
1737 1797 2889 1858 starke Abneigung der Söhne gegen die Väter und der Wunsch
1730 1846 2888 1901 an ihrer Stelle der eigenen Mutter Kinder zu machen, der
1736 1900 2890 1945 bis zum Todeswunsch gehende geheime, gegenseitige Haß
1736 1940 2882 1991 der Geschwister. Auch der Mutter sei das Inzestverlangen
1732 1993 2880 2037 natürlich, die ältere Frau befriedige es mit jüngeren Lieb¬
1741 2040 2881 2088 habern als Ersatzmännern für den eigentlich verlangten Sohn.
1743 2088 2875 2150 Und diese Triebe will R. nun in allen Dichtungen Schnitz¬
1730 2142 2879 2199 lers herausfinden. Er behauptet aber (S. 169) auch, es
1741 2189 2882 2249 gebe keinen unter uns, der als Kind nicht Inzestphantasien
1734 2248 2880 2293 erlebt hätte, und in der Motivation seiner Liebeswahl und
1730 2281 2879 2329 seiner ganzen Einstellung zum Weibe beweise auch jeder Er¬
1734 2329 2884 2374 wachsene die tiefgehende Wirkung jener Kindheitswünsche.
1728 2376 2884 2421 Die Träume von Bergsteigen, Wasser und Musik zielten
1735 2424 2871 2473 auf Besitz des Weibes, der Traum eines Fiedelbogens ent¬
1733 2471 2875 2523 springe dem Verlangen nach einem aufgerichteten, männ¬
1739 2514 2077 2580 lichen Gliede 2c.
1803 2563 2880 2612 Der alte Spruch sagt, man solle mit dem von anderen
1731 2609 2874 2672 Grundsätzen Ausgehenden nicht disputieren. Allein hier
1737 2665 2873 2718 handelt es sich eben um die Zurückweisung von Grundsätzen,
1734 2712 2879 2754 die unser ganzes Volksleben wie undere deutsche Kunst zu
1734 2756 2882 2809 verwirren drohen. Es ist nur ein Zeichen des Verfalls
1731 2807 2877 2862 der Rasse, wenn in dem Volke, von dem noch der Aesthetiker
1734 2859 2886 2909 Fr. Th. Vischer die Beibehaltung der =sera Venuse forderte,
1734 2901 2877 2958 heute alles auf sexuelle Fragen und Beweggründe zurück¬
1730 2966 2875 3016 geführt wird. Diese neueste naturwissenschaftliche Erklärungs¬
1736 3013 2891 3063 art, eine psychologische Pseudowissenschaft, weisen wir als
1737 3052 2882 3097 Grundlage von Dichtung und Dichtererklärung auf das ent¬
1742 3095 2881 3151 schiedenste ab als eine Vergiftung von Leben und Kunst.
1742 3144 2885 3201 Ist man doch auf Grund der Freudschen Theorien schon
1744 3195 2869 3249 soweit gekommen, Hamlets Haß gegen den Oheim auf Ver¬
1741 3249 2871 3303 langen nach eigenem geschlechtlichen Besitz der Mutter zurück¬
1735 3292 2888 3348 zuführen, Richard Wagners Siegfried nur als eine psycho¬
1735 3343 2886 3395 pathische Figur gelten lassen zu wollen. R.s Buch ist ein
1738 3384 2874 3433 Musterbeispiel dafür, wie uns an Stelle gesundkräftiger
1739 3432 2872 3486 deutscher Dichtung krankhafte Perversität als einziges Pro¬
1735 3481 2879 3525 blem der Dichtung untergeschoben werden soll. Mir wenigstens
1733 3531 2888 3583 gibt R. keinen Aufschluß über Schnitzlers Psychologie, sondern
1728 3578 2881 3623 wäre eher geeignet, mir meine bisherige Vorliebe für Schnitz¬
1726 3631 2883 3685 ler zu zerstören. Aber es handelt sich bei der Zurückweisung
1734 3672 2886 3727 R.s und seines Meisters Freud nicht um diese und einen
1734 3725 2872 3777 einzelnen Dichter, sondern darum, daß nicht absurde Sexual¬
1727 3765 2872 3812 theorien, die beinahe krankhafte Vorstellungen ihrer Urheber
1730 3819 2881 3876 vermuten lassen, in der Kunst alle gesunden Begriffe unter¬
1734 3863 2881 3920 graben. Nicht Stein, das wäre noch erträglich, sondern
1735 3910 2883 3982 Gift wird unserer deutschen Jugend mit solchen Theorien
1736 3958 2105 4028 für Brot geboten.
2560 3992 2840 4071 Max Koch.
