3392 4352
167 237 1326 342 2. Cuttings box 37/5
558 621 1281 706 Bitte, Rückseite beachten !!
1099 681 1480 762 Telephon 12.801.
1111 769 1254 859 De.
453 791 1243 913 — „UBSLITEN
370 891 1462 969 #österr. behördl. konz. Unternehmen für Zeitungs-Ausschaltte
498 943 1334 1045 Wien, I., Concordiaplatz 4.
703 1012 1133 1098 Vertreiungen
364 1078 1464 1140 in Berlin, Budapest, Chicago, Christiania, Genf, Kopen¬
376 1127 1467 1177 hagen, Londen, Madrid, Mailand, Minneaselis, New-Verk.
411 1184 1419 1241 Paris, Rom, öan Francisce, Stockholm, St. Petersburg.
795 1211 1133 1277 ###ngebe ehne Gewühz).
353 1250 717 1330 Ausschnitt aus
720 1259 1588 1363 Neue Fraie Prosse, Wien
488 1310 777 1395 ALAPR 191.
355 1371 515 1433 vem:
470 1398 1551 1497 [„Artur Schnitzler.“ Eine Studie von Josef Karl
363 1461 1545 1543 =Ratislav. Hagsgesellschaft „Hamburg“ m. b. H.,
355 1480 1538 1565 41911.] Eine Monographie über Schnitzler. Aber Schnitzler hätte
360 1529 1537 1601 eine bessere verdient. Der gute Wille ist ja da, der Wille, den
360 1558 1534 1647 Dichter zu erfassen, und weiter der Wille zur Gerechtigkeit. Aber
367 1604 1534 1687 der Stil ist spröd und steif, es fehlt jede Kongenialität mit dem
361 1649 1524 1715 Dichter und aus dem Ganzen weht eine Trockenheit, die sich lähmend
357 1683 1534 1758 auf den Leser legt wie die Staubluft eines schwülen Sommertages.
362 1727 1539 1823 In der allgemeinen Charakteristik sagt Ratislav von Schnitzler, er
355 1766 1519 1844 habe „unter den modernen deutschen Autoren die meiste Verwandt¬
364 1788 1523 1882 schaft mit den Franzosen. In ihm kommen französischer Esprit und
351 1838 1519 1922 deutsche Skepfis zu einem angenehmen Ausgleich.... Im Grunde ist
440 1875 1516 1957 Philosoph und oft erscheint unter der Maske einer
348 1881 1523 2002 leichten, tändelnden Muse die ernste Faltenstirn des Philo¬
347 1943 1516 2041 sophen, der über seiner Darstellung steht, dem diese Dar¬
346 1994 1516 2072 stellung nur Mittel zum Zweck ist.... Aus einem Schüler
349 2030 1518 2113 des Naturalismus hat er sich längst zu einem führenden Meister
342 2062 1517 2148 herangebildet.... Seine Technik ist meisterhaft entwickelt, besonders was
352 2098 1514 2192 die Führung des Dialogs betrifft. Der Einakter ist seine unum¬
332 2137 1517 2225 schränkte Domäue, vor allem der erolische, den er sich selost als
337 2183 1514 2263 ein neues Genre geschaffen hat. Im großen Theaterstück wird der
425 2226 1507 2311 matiker oft vom Seelenmaler vollständig zurückgedrängt.“ Auch
448 2263 1507 2346 tzlers ursprünglicher Arztberuf und der Einfluß seiner
461 2304 1501 2381 zugehörigkeit wird nach Gebühr erwähnt. Herr Josef
477 2346 1509 2418 atislaw cruppiert Schnitzlers Werke nach ihrer inneren Zu¬
451 2381 1511 2444 ngehörigkeit, und das mag man hinnehmen, obwohl ja über
446 2417 1509 2508 utressen dieser inneren Zusammengehörigkeit die verschiedensten
336 2451 1494 2538 Ansichten denkbar sind. Wie handelt nun abev Herr Ratislaw
316 2495 1503 2575 in dieser Gruppierung die einzelnen Werke ab? Hier ein Bei¬
320 2530 1503 2612 spiel: „Der Weg ins Freie“, sagt er, „ist in erster Linie ein Be¬
324 2560 1501 2646 kenntnisroman. Der Dichter und der Mensch Schnitzler reichen
336 2604 1494 2712 sich die Hände und die Vereinigung von Leben und
315 2636 1485 2723 Schaffen, von künstlerischem und menschlichem Empfinden ist eine¬
310 2689 1491 2791 vollkommene. Der Weg ins Freie ist auch ein Wiener Roman.]
312 2717 1481 2800 Ich müchte aber nicht behaupten, daß Schnitler mit diesem Werk¬
333 2767 771 2842 mgeen
805 2789 1136 2858 S e   ne hen e .
337 2817 1511 2900 den Wiener Roman geben wollte ... Schnitzler ist ein Wiener
333 2860 1516 2944 Dichter, der seine Menschen aus dem Wiener Milieu herausholt.
338 2907 1505 2994 Dat ist auch in diesem Roman, der in der Donamtadt spielt, der
339 2934 1513 3028 Fall, wenngleich es dem Dichter hier auf Größeres ankommt, als
343 2988 1511 3086 auf einen bloßen Milieuroman. Darum kann man auch nicht sagen,
341 3015 1505 3100 daß „Der Weg ins Freie“ der Wiener Ghettoroman ist. Denn ab¬
329 3058 1505 3147 gesehen davon, daß der Held Georg v. Wergentin und seine Ge¬
344 3099 1511 3194 liebte Anna keine Juden sind, spielt doch der Roman auch in
336 3144 1515 3207 Kreisen, die dem Ghetto fernstehen. Schnitzler wollte in diesem
335 3174 1511 3246 Werke an das Problem des Judentums als Bestandteil Oesterreichs
326 3223 1510 3308 und vielleicht auch des modernen Europa rühren. Er kommt aber
331 3250 1498 3318 in der Judensrage objektiv nicht weiter, denn sie ist ihm eine ganz
326 3295 1493 3371 persönliche Frage. Darum ist auch die Dichtung eine ganz per¬
317 3325 1495 3406 sönliche, an die man mit der Unbefangenheit desjenigen, der ein
324 3372 1486 3443 Kunstwerk genießen will, herantreten muß, ohne Sensationsgeschrei
308 3395 1482 3486 und ohne nach Aktualitäten zu suchen. Der Grundgedanke spricht
309 3439 1479 3521 sich in dem Satze aus: Jede Rasse als solche ist natürlich wider¬
311 3483 1482 3565 wärtig, nur der einzelne vermag es zuweilen, durch persönliche Vor¬
307 3522 1479 3599 zügt mit den Widerlichkeiten seiner Rasse zu versöhnen.“ Wie dieser
323 3572 1474 3639 Ausschnitt ist die ganze Studie: ein Gemisch von Richtigem und
309 3602 1484 3677 Faischenn, von recht Naivem und Klugem. Das beweisen auch die
311 3633 1484 3711 Schlufgeilen des Hestes, die alle Möglichkeiten offen lassen und in
300 3669 1475 3745 den Worten gipfeln: „Die Annahme ist nicht unberechtigt, daß der
299 3722 1482 3777 Dichter wie wenig andere berusen ist, das moderne deutsche Lust¬
310 3747 1474 3836 spiel zu schreiben. Doch auch im ernsten Drama wird er uns noch
306 3792 1476 3851 manches zu sagen haben, denn seine Themen sind noch lange nicht
300 3843 1475 3914 erschöpft“ u. s. w. Immerhin läßt sich die Monographie zur
300 3872 1478 3931 Lektüre empfehlen, denn abgesehen von den positiven Daten, die sie
307 3911 1473 3993 gibt, gehl sie auf Schnitzlers Schaffen mehr oder minder gründlich
298 3953 1474 4038 ein sund #ft seine bunten, sarbigen Werke wieder in##hmis,
299 3999 1299 4058 Atu-Ran so manche lebendige Stunde froh dankte. ##
1724 709 2178 796 Julius Krott (Graz).
2567 681 2853 821 UC
2875 692 3147 834 107
1742 779 2361 871 Wiener=Kammerspiele.
3055 810 3231 905 72
1856 845 3124 940 Gerade in Wien, in der Stadt, die dazu mit ihrem ver¬
1733 918 3134 987 spielten Naturell geschaffen ist, existieren sie nicht. Oder sind nicht
1749 967 3141 1015 lebensfähig. Oder stecken in einem Harlekinkostüm. Siehe die
1734 1012 3133 1085 Residenzbühne, das ehemalige Kleine Schauspielhaus und das
1737 1061 3145 1138 Zwitterkind, die Neue Wiener Bühne! Einmal wurden tatsächlich
1741 1117 3135 1169 auch schon Kammerspiele gegründet. Draußen in der Josefstadt
1738 1173 3137 1234 in einem bescheidenen Vortragssaale. Nach drei Vorstellungen war
1733 1225 3134 1288 es aus. Damals waren es aber auch sehr junge Leute mit seligem,
1737 1268 3138 1334 aber unglücklichen Optimismus. Heißatmig stürmten sie mit einem
1741 1302 3130 1382 Strindberg los . . . nach der dritten Vorstellung hatte Wien keine
1740 1361 3140 1430 Kammerspiele mehr. Junge Leute. Unbekannt waren sie auch noch,
1737 1407 3025 1474 also wurden sie übersehen. Wien hat seine „Klassiker",
3021 1418 3139 1472 den
3037 1462 3110 1507 of“
1741 1459 3137 1536 Dr. Willner, den Herrn Bodanzky und alle die vom „Heinrichsho),
1746 1497 2313 1565 „Museum“ und „Dobner“.
1856 1545 3131 1625 Und trotzdem muß man kein überschwenglicher Idealist sein,
1738 1606 3137 1672 um den Lebensnerv von Kammerspielen Wien nicht abzusprechen.
1728 1657 3136 1720 Der richtig sehende Mann müßte sich finden. Der Wagende.
1734 1703 3129 1777 Was in Berlin die Reinhardtschen Kammerspiele bedeuten, eine
1725 1746 3126 1818 Oase im modernen Hexenchaos, würde in Wien Ureigenstes sein.
1738 1801 3132 1876 Ganz Selbstverständliches. Die jungen Leute haben damals gefehlt,
1726 1843 3132 1908 daß sie mit Strindberg anfingen. Sie hätten mit einem zarten
1723 1898 3131 1952 Lustspiel beginnen sollen . . . von Esmann oder einem Schauspiel
1724 1947 3129 2014 von Schmidtbonn oder einer Komödie von Shaw. Die Wiener
1732 1998 3126 2063 müssen zu allem immer erst erzogen werden, und so wäre es vielleicht
1726 2042 3123 2108 erst später der Fall gewesen, daß die Leute zu Ibsen, zu Hofmanns¬
1722 2100 3124 2158 thal, zu Verhaerren hineingeströmt wären. In Berlin ist es
1731 2148 3137 2211 anders; da gelten Björnson und Ibsen als aparte Leckerbissen
1736 2185 3128 2261 und gehören zu Bedingnissen des Berlin W—Parvenu s’amuse.
1735 2235 3136 2298 In Wien wäre es Instinkt einer gesünderen Rasse, Ibsen zu hören,
1733 2290 3129 2343 wäre es ein tief verborgenes Andachtsgefühl. Der Instinkt aber
1732 2340 3123 2409 muß erst erweckt werden in den saumseligsten, verspieltesten und
1718 2398 3133 2454 naivsten aller Städter unseres Kontinents. Reine, väterliche
1728 2443 3129 2505 Erziehung brauchen die lieben Wiener. Nicht zu streng und nicht
1733 2490 3128 2542 zu gut. Reinhardt kann in Berlin Diktator sein. Die Berliner
1733 2541 3134 2593 werden nicht mucksen. Brahm, der strenge Erzieher, gewinnt sie
1733 2586 3127 2651 mit Gebärden. Am königlichen Schauspielhaus aber können sie
1726 2636 3130 2706 auch einen Monat lang ohne Unterbrechung Benedix, Raupach
1735 2687 3130 2731 und Lardon spielen. Die Berliner werden nicht mucksen. Nicht
1730 2729 3135 2778 aus Indolenz. Aus dem Wesen, das durch lauter Hast und Inter¬
1728 2783 3118 2849 nationalität das heilige Glaubensgefühl am Theater verloren hat.
1718 2822 3131 2883 Ihnen ist irgend ein Theaterskandal, mit Geschrei und Pfeifen
1789 2883 3132 2941 eine Befreiung. Die ärmsten Beladenen! In Wien ist es
1727 2930 3126 2983 anders. Und deshalb kann man in dieser noch nicht so verkieselten
1722 2982 3126 3027 Stadt das wunderschöne Werk beginnen. Erschaffet Kammerspiele!
1733 3029 3142 3090 Mit ein bißchen Erziehung und vielleicht auch mit ein bißchen
1734 3340 3141 3415 stehen sie einander auch im Wege. Es ist daher ihre Vereinigung
1728 3403 3133 3477 geplant worden und an der baldigen Verwirklichung des Planes
1733 3459 3132 3524 ist wohl nicht zu zweifeln, denn unlängst spielte das Tonkünstler¬
1725 3508 2689 3575 orchester in Graz unter der Leitung Spörrs.
1840 3543 3127 3615 Die Chorvereine zeigen gegenwärtig so ziemlich das gleiche
1732 3598 3129 3654 Bild wie im Vorjahre. Der Singverein unter Schalk erstrebt Bedeu¬
1726 3656 3141 3718 tendes und leistet Erfreuliches. Seine eifrige Bachpflege ist zu
1731 3700 3142 3761 rühmen; auch Händels „Samson“ und Schuberts Es-dur-Messe
1732 3750 3132 3801 waren gut gewählt und wurden befriedigend herausgebracht. Freilich,
1723 3805 3130 3861 wer die „Jahreszeiten“ vom Singverein, die „Schöpfung“ vom
1743 3863 3142 3934 Sängerbunde „Dreizehnlinden“ gehört hat, der weiß, wo einzig
2423 3900 2499 3963 h
3070 4125 3164 4200 S
