3344 4384
177 307 1338 394 2. Guttings box 37/5
485 1224 726 1313 Wenden!
807 1239 1246 1348 Rückselte beachten!
1347 1265 1581 1356 Wenden!
1204 1350 1559 1448 Telephon 12.801
699 1494 1285 1602 „OBSEHTER
518 1555 1502 1659 I. österr. behördl. konzession. Unternehmen für Zeitungs-Ausschaitto
624 1617 1406 1710 WIEN I, CONCORDIAPLATZ 4
856 1677 1174 1759 Vertretungen:
449 1724 1547 1829 in Berlin, Basel, Budapest, Chicago, Cleveland, Christiania,
453 1772 1536 1866 Genf, Kopenhagen, London, Madrid, Mailand, Minneapolis,
455 1808 1543 1907 New-Vork, Paris, Rom, San Francisco, Stockholm, St. Peters¬
861 1865 1153 1923 burg, Toronto.
747 1903 1249 1969 (Quelienangabe ohne Gewähr.)
431 1944 1620 2077 Ausschnitt aus: Namburger Corresponde¬
698 2020 1126 2119 27. OKT 1912
439 2043 606 2104 vom:
781 2164 1206 2226 Arthur Schnitzler.
702 2180 1280 2271 Von Br. Julius Kapp.
661 2230 1281 2305 Im Xenien=Verlag zu Leipzig.
421 2269 1620 2351 Dieses Buch bietet eine Betrachtung über sämtliche bisher
353 2306 1629 2393 veröffentlichten Arbeiten Schnitzlers. Interesse verdient der Band
350 2355 1631 2441 auch besonders dadurch, daß er Schnitzler's Erstlingswerken volle
350 2389 926 2450 Aufmerksamkeit zuwendet.
963 2415 1618 2466 z. B. seinen Gedichten, den No¬
348 2432 1617 2501 vellen „mein Freund Ypfilon“, „der Andere“ der Skizze „Ame¬
357 2474 1621 2544 rika“, dem Dialog „Episode“ und dem dramatischen Gedicht „Al¬
353 2512 1613 2597 kandis Lied“. Kapp nennt Schnitzler eine „tragische“ Natur. Er
341 2555 1620 2635 schreibt, daß er zu der Kategorie Menschen gehöre, die er im „Ana¬
348 2585 1615 2667 tol“ als Typus „leichtsinniger Melancholiker“ charakterisiert. Ein
345 2626 1621 2712 treffendes Urteil hat auch Hugo von Hofmannsthal über Schnitz¬
345 2674 1625 2752 ler's Arbeiten im Vorwort zum „Anatol“ gefällt. Er nennt sie
346 2715 1630 2790 „frühgereift und zart und traurig“. Diese drei Adjektiva kennzeich¬
344 2748 1630 2815 nen Schnitzler's Werke vollkommen. In geschickter Weise gibt Kapp
340 2800 1609 2873 ein Bild von der Individualität des Dichters. Er skizziert und
345 2826 1617 2900 analysiert seine dramatischen und epischen Werke, vom „Anatol“,
339 2871 1616 2956 der im Jahre 1893 erschien bis zur „Hirtenflöte“ einem 1911 her¬
332 2911 1609 2981 ausgegebenen Novellenbande. In sachkundiger Weise zeigt er die
340 2949 1621 3009 Wege, die Schnitzler in diesen Jahren ging. Zur Kenntnis des
341 2997 1616 3056 Dichters trägt dieses Büchlein ungemein bei. Es wird vielen will¬
335 3037 1656 3120 kommen sein und der Kunst Arthur Schnitzler's neue Freunde.“
336 3069 1234 3147 werben, wie der Verfasser im Vorwort hofft.
2900 306 3160 368 Minlcapolis,
2056 333 3162 407 New-Vork, Paris, Kom, San Francisco, Stockholm, St. Peters¬
2469 384 2762 441 burg, Toronto.
2355 419 2861 491 (Quellenangabe ohne Gewähr.)
2056 470 2476 553 Ausschnitt aus:
2579 486 2973 585 Treie Presse, Wien
2061 577 2228 633 vom:
2232 594 2648 683 B
2037 630 2399 707 S
2101 693 3173 758 [Ein Besuch bei Peter Nansen.] Peter
2018 738 3177 806 Ransen, der berühmte dänische Romancier, dem seit jeher,
2017 807 3181 846 gerade in unserer Stadt, die Sympathien des Lesepublitums
2026 839 3175 886 so lebhaft galten, ist seit gestern in Wien zu Gast; er beab¬
2019 875 3178 913 sichtigt hier demnächst über Einladung des Akademischen Ver¬
2017 910 3172 974 bandes für Literatur gemeinschaftlich mit Karin Michaelis eine
2015 957 3165 1007 Vorleiung aus eigenen Werken abzuhalten. Ein schlanker, ele¬
2005 1002 3172 1044 ganter, sehr liebenswürdiger Herr, noch immer, trotz seiner
2003 1044 3165 1095 verbürgten fünfzig Jahre, von geschmeidiger Jugendlichkeit,
2009 1086 3170 1134 begrüßt den Besucher in dem Empfangssalon des „Hotel
1998 1135 3161 1179 Meißl & Schadn“. Genau so mit diesen verbindlich mon¬
1995 1171 3173 1221 dainen Alluren, diesem kultivierten Lächeln des schmalen,
2004 1212 3169 1270 scharfgeschnittenen Gesichtes stellt man sich den Charmeur unter
1996 1252 3169 1321 den nordischen Erzählern vor. Als Mann von Welt, der
1986 1286 3169 1337 zunächst der Stadt, die ihn gastlich ausgenommen, Reverenz
1996 1343 3161 1408 erweist, verwickelt er uns sogleich in ein sehr anregendes Ge¬
1987 1377 3077 1454 sprach über Wien und das Wienertum. „Ich kenne,
1987 1432 3166 1489 plaudert Nausen mit leicht fremdländischem Anklang, „Wien
1992 1470 3152 1534 erst seit ein paar Stunden von Angesicht zu Angesicht. Ich
1994 1510 3138 1558 habe bisher bloß ein paar flüchtige, sehr reizvolle Impres¬
1991 1549 3163 1614 sionen empfangen; auf diesen hellen, heiteren Plätzen trat mir
1982 1593 3161 1644 die so oft behauptete Verwandtschaft mit Kopenhagen, meiner
1987 1628 3158 1684 Heimat, bereits sehr deutlich entgegen. Obwohl ich also Ihre
1983 1683 3152 1742 Stadt einstweilen kaum in den allgemeinsten Umrissen gesehen
1985 1727 3147 1765 habe, glaube ich doch, Wien bereits sehr genau zu kennen
1989 1763 3154 1818 durch die Werke Artur Schnitzlers, den ich außerordentlich
1973 1813 3148 1869 verehre und dessen „Anatol=Zyklus ich soeben für die dänische
1975 1849 3155 1896 Bühne übersetze. Schnitzlers Roman „Der Weg ins Freie“ gab
1981 1898 3139 1957 mir, wie vielen meiner Heimatsgenossen, eine so starke An¬
1973 1928 3146 1988 schauung der Wiener Landschaft, des Wiener Gesellschafts- und
1965 1986 3150 2036 Straßenbildes, daß ich überall längst Bekanntes und Geahntes
1973 2028 3135 2083 wiederzusehen erwarte. Ich sehe mich in der Tat in dieser Er¬
1967 2054 3140 2127 wartung keineswegs enttäuscht und ich bedauere nur, daß mich
1966 2109 3129 2164 meine literarischen und Lebensumstände bisher stets nur nach
1969 2150 3134 2209 Hamburg, wo meine Familie ihren Ursprung hat, nach Berlin
1959 2190 3140 2262 und erst jetzt zum erstenmal weiter südlich führten. Wir
1962 2217 3133 2287 brauchten keineswegs gesellschaftliche Artigleit zu markieren, um
1956 2277 3136 2324 Herrn Nansen versichern zu konnen, daß er uns gewiß noch
1965 2318 3122 2381 weit weniger fremd erscheine als wir ihm, daß seine Romane,
1960 2357 3134 2425 Erzählungen und Dialoge mit ihrem eigenartigen, blühend
1957 2406 3115 2453 lyrischen Timbre, da sie erschienen, namentlich unsere Jugend
1956 2444 3102 2503 entzückt und mit sich fortgerissen haben. Wir vermögen die
1956 2486 3146 2549 Frage, die uns längst beschäftigte nicht zu unterdrücken:
1956 2523 3120 2578 warum dieser regen, von so viel Erfolg begleiteten Produk¬
1952 2568 3121 2632 tion viele Jahre des völligen Schweigens folgten, warum man
1955 2610 3121 2698 erst jetzt wiederum, seit der Aufführung des Lustspieles „Die
1950 2657 3020 2704 glückliche Ehe“ im Kopenhagener Dagmar=Theater, in
1946 2700 3132 2783 Berliner Kammerspielen und demnächst im Josefstädter Theater;
1942 2739 3121 2812 wieder von dem Dichter Nansen spreche? „Das hat,“ erwidert
1941 2782 3112 2850 Herr Nansen mit bescheiden abwehrender Geste, „seine be¬
1940 2827 3117 2892 sonderen Gründe. Ich bin längst nicht mehr wie früher Jour¬
1949 2874 3107 2914 nalist und Schriftsteller von Beruf, sondern Verlagsbuch¬
1937 2915 3113 2976 händler, vielmehr gegenwärtig Direktor einer der größten
1946 2954 3118 3003 nordischen Verlagsanstalten. Diese Stellung läßt mir gur sehr
1943 2995 3100 3063 wenig Zeit zu literarischer Betätigung, und diese will ich
1939 3033 3106 3107 jetzt der „Anatol“=Uebersetzung widmen. Ich meine überhaupt:
1948 3076 3113 3141 Es ist für einen Erzähler, wenn er subjektiver Art, nur von
1933 3112 3100 3195 Vorteil, wenn er sich durch einige Jahre gründlich aus¬
1945 3153 3103 3250 schweigt. Meine Werke waren der Ausdruck meiner Jugend;
1945 3199 3100 3260 ich möchte mich jetzt, in reiferen Jahren, nicht selbst wieder¬
1933 3243 3095 3323 holen; ich bin glücklich, wenn ich vernehme, daß sie noch
1927 3278 3091 3351 immer zur Jugend sprechen. Und das glaube ich selbst bei¬
1933 3329 3092 3408 nahe: denn mein Berliner Verleger muß noch immer neue
1937 3368 3093 3447 deutsche Auflagen drucken. Leider genieße ich erst seit einigen
1929 3416 3087 3489 Jahren, seitdem auch Dänemark der Berner Urheberrechts¬
1926 3448 3090 3534 konvention beigetreten ist, auch im Ausland einen erheblichen
1920 3496 3051 3567 Ertrag aus meinen älteren Arbeiten. Und neue schreib' ich
1916 3534 3087 3610 einstweilen kaum.“ Wir wollen Herrn Nansen eben noch ein¬
1916 3597 3079 3642 mal unser Bedauern über diese freiwillige unfreiwillige Ar¬
1921 3627 3096 3716 beitspause aussprechen, da ist er an das Fenster getreten. Der
1927 3668 2773 3747 Herbsttag sunkelt verlockend hineit und unten
2966 3689 3095 3738 dieser 1.
1926 3702 2323 3751 Mittagsstunde aler“
1906 3728 3111 3795 wir nicht mehr über Literatur sprechen, sonbern uns ein!
1936 3797 3096 3871 bißchen diese Wiener Anmut betrachten, von der Ihre Dichter
1944 3873 3085 3924 schwärmen.“ Und der Blick, mit dem Peter Nansen jetzt das
1931 3905 3071 3965 bunte Treiben draußen betrachtet, scheint die nämliche Erkennt¬
1944 3941 3078 4003 nis auszusprechen, die so oft aus den weltlich lebendigen
1943 3985 3071 4046 Büchern dieses „Sohnes eines Priesters“, wie er uns eben an¬
1945 4022 3081 4083 vertraut, und auch aus diesem Gespräche klingt, daß Lebem
1934 4069 3086 4142 und fröhliches Genießen mehr bedeuten als der durch Daseins¬
1930 4110 2917 4181 entsagung errungene Ruhm des Augenblicks...
