3344 4352
1451 187 1972 290 box 34/10
105 203 1310 310 11. Der tapfere Cassian
287 1456 2497 1514 welches auch die darstellenden Künstler opponiert haben Handlung ist von kindlicher Einfachheit: Sophie wird ihrem
295 1488 2499 1542 sollen, weil sie über die darin enthaltene moralische Herab= ersten Liebhaber Martin untreu, weil die kraftvolle Männ¬
288 1541 2504 1592 setzung des Schauspielerstandes entrüstet waren, liegt in lichkeit des tapferen Cassian auf sie stärkeren Reiz aus¬
287 1574 1397 1636 Buchform noch nicht vor, aber die Mitteilungen, die über seinen
1408 1584 2496 1639 übt. Die beiden Nebenbuhler ziehen die Degen, natürlich
287 1620 1399 1677 Inhalte in die Oeffentlichkeit drangen, lassen die behörd¬
1402 1626 2500 1679 sticht der tapfere Cassian den waffenungeübten Martin
295 1668 1399 1720 liche Verfügung wohl gerechtfertigt erscheinen. Schnitzlers
1408 1672 2503 1727 im Duell nieder und geht mit Sophie auf und
291 1710 1403 1767 schriftstellerisches Können wurzelt derart tief in perverser
1398 1708 2496 1768 davon. Nun bläst sich der todmüde Martin noch ein Stückchen
296 1751 1399 1804 Erotik, daß er gar nicht anders schaffen kann als unter
1403 1754 2512 1825 auf seiner geliebten Flöte vor, legt sich dann hin und stirbt.
289 1797 1406 1857 der Suggestion sexueller Bilder, und sobald er auf dieses
1403 1800 2507 1856 Voilà tout. Die Geschichte spielt sich ab wie auf dem
297 1847 1398 1901 Reizmittel verzichtet, wird er langweilig. Dem Künstler jedoch,
1402 1841 2503 1896 Kasperltheater und tatsächlich wurde der Einakter auch
290 1882 1394 1932 der solcher Stimulantien bedarf, ergeht es wie dem Morpho¬
1403 1883 2494 1945 so dargestellt, denn Schnitzler nennt sein Opus
288 1929 1403 1981 manen, er muß immer größere Mengen des gefährlichen
1401 1924 2499 1983 ausdrücklich Puppenspiel. Den tiefen Sinn, der in dem
287 1968 2500 2023 Giftes nehmen, um in den gewünschten Rauschzustand zu lächerlichen Zeug liegen soll, konnte ich nicht erraten
286 2014 1398 2069 gelangen. Bei Schnitzler läßt sich der unheimlich kurze Weg,
1404 2020 2505 2074 und das ärgerlich zischende Publikum offenbar auch nicht!
283 2057 1412 2109 der von hochgradig gesteigerter poetischer Erotik zu ordinärer
1478 2060 2507 2106 Den neuen Kadelburg, „Der Familientag“ im Lust¬
284 2098 1391 2155 Pornographie führt, leicht aufzeigen: Nach dem Fiasko, das
1401 2094 2500 2171 spielhause habe ich mir nicht angesehen, denn dieser Schrift¬
282 2147 1405 2205 der Autor mit dem Renaissancestück „Der Schleier der
1408 2159 2500 2203 steller macht keine literarischen Ansprüche, sondern
288 2186 1403 2243 Beatrice“ machte, gewährte er seinen Verehrern und Ver¬
1397 2196 2495 2246 besitzt nur für die Erzeugnisse seiner Schwankfabrik einen
292 2235 1399 2290 ehrerinnen einen höchst indiskreten Einblick in seine Ge¬
1403 2240 2501 2298 festen Kundenkreis unter sämtlichen deutschen Theater¬
285 2281 1402 2322 dankenwerkstätte, indem er eine Reihe von Skizzen unter
1395 2281 2488 2335 direktoren, welche ausschließlich auf die Lachlust spekulieren.
287 2321 1399 2377 dem Sammelnamen „Reigen“ im Manuskripte drucken ließ.
1399 2329 2500 2384 Und die Erschütterung des Zwerchfelles ist eine für die
279 2369 1399 2421 Dieses Opus gehört — das gestand selbst die Schnitzler
1402 2363 2512 2437 menschliche Gesundheit so wichtige Bewegung, daß der Kritiker
280 2413 1392 2457 gesinnungsverwandte Kritik offen zu — zu jenen gewissen
1401 2420 2491 2469 schon allein aus hygienischen Gründen es vermeiden sollte,
279 2450 1411 2507 Büchern, die man von jüdischen Hausierern in Ofen=Pest
1398 2460 2491 2507 Leuten, die für die Erheiterung der lieben Mitmenschen
283 2495 1406 2555 heimlich unter dem Tische zugesteckt erhält — zur gefälligen
1399 2506 2489 2553 sorgen, das Handwerk zu erschweren. Darum kann ich auch
782 2538 1390 2606 Stunden der Ernüchterung
288 2540 790 2603 Ansicht! Dann in
1404 2546 2494 2595 dem Intendanten der Münchener Hoftheater, Herrn Ernst
293 2574 1019 2641 kommt über ihn wieder das
1007 2574 1410 2644 Aufbäumen des
1398 2587 2499 2647 v. Possart, nicht gram sein, der den Zuschauern durch
291 2630 2490 2683 litevarischen Gewissens, unter dessen Zwang er sich sein einaktiges Trauerspiel „Andromache“ ein Stündchen
283 2675 1088 2720 vergeblich bemüht, einen Stoff zu
1080 2671 2501 2727 gestalten, der ungetrübter Heiterkeit verschaffte. Diese Tragödie wirkt wie
292 2710 1393 2765 nicht ausschließlich auf die Lösung sexueller Probleme gestellt
1403 2723 2501 2771 eine unfreiwillige Parodie der „Iliade“ und schreitet auf den
278 2760 1401 2806 ist. Was aber hiebei herausschaut, hat zuletzt „der einsame
1401 2746 2499 2807 Stelzen einer zum Ueberschnappen hinaufgeschraubten Vers¬
283 2800 1390 2849 Weg“ erwiesen, der sich durch eine trostlose Sumpflandschaft
1406 2806 2486 2863 sprache mit einer Grandezza einher, daß man unwillkürlich
280 2843 1401 2897 mit grauem Herbsthimmel darüber endlos hinzieht und worin
1406 2855 2493 2905 an die mauschelnden Beine des Autors denkt, wenn er den
294 2885 1401 2946 der Autor den Maler Julian in die verzweifelten Worte
1408 2891 2488 2948 König Philipp spielt. Daß das königliche Schauspielhaus in
291 2932 1397 2988 ausbrechen läßt: „Für alle, ja, auch für Sie, bin ich ein
1404 2941 2491 2988 Berlin nach Lubliner, Sardon und Otto Ernst nunmehr
283 2976 2499 3027 Heruntergekommener, einer, der fertig ist, einer, dessen Ernst v. Possart an die Reihe kommen läßt, muß wohl als
284 3015 955 3094 ganzes Talent seine Jugend war.“
1392 3032 2496 3088 neuer Ausweis für die literarischen Ambitionen des Herrn
390 3042 1406 3118 „Der tapfere Cassian“ ist eine echte Schnitzlersche
1393 3072 2505 3125 v. Hülsen bezeichnet werden. Im übrigen: Manus manum
303 3113 2519 3154 „Geistreichelei“, die sein Wiener Publikum wohl als jarat! — ziemlich frei ins Deutsche übersetzt: Ein Intendant!
292 3151 1402 3200 höhere Offenbarung aufnehmen mag, über welche aber ein
1401 3156 1979 3231 verpflichtet sich dem anderen!
2276 3157 2490 3227 J. St—8.
294 3185 1425 3264 verständiger Mensch nur den Kopf schütteln kann. Die
2478 1401 3314 1467 Budgetausschusse gewissermaßen als Siegerin
2504 1449 2627 1495 ist. —
2617 1457 3297 1508 Insoferne es sich um eine nicht seh
2509 1490 3315 1549 friedigung der unabweislichen Bedürfnist
2500 1528 3308 1579 handelt, ist es möglich, daß die beiden Par
2508 1568 3316 1619 Opposition aufgetreten sind, auf den Beifa
2510 1605 3310 1664 ihrer Wähler zählen, bei welchem nur ein
2501 1641 3320 1694 Politik populär zu sein pflegt. Beide Par#
2503 1681 3306 1741 in ein Lotteriespiel eingelassen. Der
2509 1722 3035 1789 ein solches nicht treiben.“
2580 1810 3311 1893 Aus diesen Stichproben kann der L#
2509 1877 3314 1939 welche „Klarheit“ in der Auffassung bei de
2499 1935 3308 2004 schen Parteien bezüglich der gegenwärtigen S
2510 1981 3313 2054 An tatsächlichem Material steht diesem
2496 2033 2937 2105 folgendes gegenüber:
2570 2076 3310 2144 Unter dem Vorsitze des Ministerpräst
2501 2128 3309 2193 Koerber fand gestern nachmittags ein A
2511 2187 3311 2239 an dem mit Ausnahme des Landesverteit
2505 2234 3311 2290 F3M. Grafen Welsersheimb sämtlich
2504 2287 3323 2358 glieder des Kabinettes teilnahmen. Die B
2501 2323 2975 2398 ungefähr 1½ Stunden.
2581 2370 3312 2449 Der Kaiser ist gestern abends um 181
2497 2438 3322 2498 in Wien eingetroffen und wird heute mittag
2502 2483 3313 2569 präsidenten Dr. v. Kverber in Audiens
2495 2530 3087 2594 sich Bericht erstatten zu lassen.
2575 2567 3331 2660 Wie das Prager offiziöse „Abendblatk
2502 2642 3322 2697 Neujahr noch ein Versuch zur Sanierung
2495 2688 3323 2754 tarischen Lage unternommen werden. In Wi
2504 2737 3323 2784 tarischen Kreisen nennt man bereits den 17.
2496 2782 3326 2850 den Termin, zu dem der Reichsrat wieder w#
2496 2832 3326 2892 werden. Dem gegenüber ist daran festzuhalten
2495 2878 3320 2934 Vermutungen verfrüht sind, da erst die heuti
2506 2931 3325 2993 Ministerpräsidenten und die ihr folgenden
2495 2982 3329 3054 des Kaisers über das Schicksal des Parlamen
2503 3025 2684 3106 werden.
