3392 4352
128 339 1297 426 11. Der tapfere Cassian
254 730 1379 802 in Berlin, Budapest, Chicago, Genf, London, New-York,
247 796 1395 862 Paris, Rom, Mailand, Stockholm, Christiania, St. Petersburg.
536 835 1110 919 (Quellenangabe ehpe Gewährp
759 888 1459 975 lual, Kttn vilang
243 917 759 1005 Ausschnitt aus:
256 977 813 1096 vom: #######
1043 966 1387 1099 Jutrn
595 1123 1014 1186 Kleines Cheater.
349 1168 1343 1222 Zwei Einakter von Artur Schnitzler wurden
281 1204 1344 1272 gestern gestern gegeben. Den Schluß machte die be¬
274 1260 1351 1312 kannte, schon öfters hier gewürdigte Revolutions¬
284 1295 1351 1357 Groteske „Der grüne Kakadu“, in der
291 1333 1354 1398 Spiel und Ernst einer gewaltig aufgestörten
289 1379 1356 1455 Zeit sich so überaus wirkungsvoll mnischen. Im
282 1435 1359 1487 einzelnen blieb manches hinter früheren Aufführungen
290 1459 1365 1539 zurück, namentlich hinter der ersten, kaum zu ver¬
297 1510 1355 1579 gessenden des ehemaligen (Brahmschen) Deutschen
296 1563 1354 1616 Theaters, in welcher Kainz den Schauspieler
289 1600 1369 1669 Henri und Rittner den Tanten=Mörder spielte. Aber
293 1647 1363 1717 die Vallentinsche Gesamtregie, insbesondere der
293 1702 1365 1766 letzten Massenszenen, gab den mächtigsten Eindruck
292 1732 1370 1803 einer fiebernden, rasenden Zeit, in der nichts Un¬
301 1771 1371 1862 gewöhnliches mehr unerwartet kommt, in der
308 1809 1357 1903 Haut= goüt zur Tagesspeise wird und Natur
304 1882 1367 1936 zum Raffinement. Der Darsteller des Henri,
718 1901 1379 1977 fiel im übrigen durch ein
314 1923 693 1979 Herr Moissi,
306 1954 1367 2025 starkes Ausdrucksvermögen und allerlei Sturm und
309 2003 1377 2064 Drang auf, von dem wir sehen möchten, ob er künftig
311 2052 751 2116 entwicklungsfähig sei.
373 2079 1371 2143 Voran ging ein kurzer Einakter „Der tapfere
299 2127 1368 2182 Kassian“ der sich jetzt plötzlich „Ein Puppen¬
310 2164 1378 2231 spiel“ nannte. Diese Nebenbezeichnung trug er bei
312 2203 1382 2278 seiner ersten Veröffentlichung vor ein paar Monaten
320 2254 1376 2324 in der „Neuen Rundschau“ nicht. Er wurde gestern
312 2318 1371 2366 ganz im Puppenspiel=Stil gespielt. Möbel, Wand¬
322 2345 1379 2412 bilder, Menschen erschienen puppenhaft stilisiert und
329 2391 1380 2453 „verhölzert“. Die Hauptdarsteller Herr Ekert,
331 2432 1385 2503 Frau Eysoldt und Herr Licho bewegten sich, ab¬
327 2479 1380 2554 gesehen von einem gewissen, nicht gut zu verleugnen¬
318 2516 1382 2593 den Überschuß des Eigenlebens, in bestimmt abge¬
330 2568 1387 2643 zirkten, automatischen Linien, wie Apparate, die auf¬
333 2606 1393 2692 gezogen sind und nun ihr Pensum herunter¬
339 2654 1395 2728 chnurren. An sich gewiß ein interessanter
323 2692 1387 2760 Versuch, der auch hier im Anfang seine Komik
331 2750 1407 2814 nicht verfehlte, und der bei ganz verdrehten,
334 2771 1399 2848 barocken, jeder Wirklichkeit spottenden oder sie ver¬
331 2832 1404 2892 spottenden Zerrbildern gelegentlich wohl am Platze sein
338 2875 1409 2938 würde. Von diesem Stücklein aber hatte ich ehemals
334 2908 1404 2980 beim Lesen und gestern beim Sehen durchaus nicht
338 2962 1386 3031 den Eindruck, daß es ursprünglich als ein „Puppenspiel“
337 2997 1395 3076 geplant sei. Dem widerspricht einmal die ursprüng¬
341 3044 1407 3119 liche Fassung. Dazu sind auch manche Einzelstellen
341 3087 1411 3167 viel zu fein gedacht und empfunden, und haben an
338 3132 1417 3214 und für sich viel zu sehr ihre Richtigkeit und Bedeu¬
346 3163 1408 3248 tung. Das kurze Spiel stellt sich als eine Abenteurer¬
348 3221 1417 3303 farce dar, bei der, in innerer Verwandtschaft
349 3266 1410 3342 mit dem „grünen Kakadu“, kaum noch zu unter¬
342 3304 1416 3377 scheiden ist, wo tolles Leben einer ungebundenen
350 3350 1410 3440 Zeit und Wirrsale verlumpter Gesellschaftsparasiten
342 3393 1409 3465 oder eitle Renommage und halb nur bewußte
349 3435 1417 3510 Münchhauseniade vorhanden sind. Derartiges kann
349 3486 1412 3562 man im groteskesten Molièrestil spielen, meinet¬
357 3533 1415 3602 wegen ganz als Rüvel= und Hanswurst¬
356 3577 1418 3645 komödie. Die Puppenspielerei aber windet
350 3606 1415 3686 jeden Maßstab aus den Händen, läßt zu überhaupt
352 3743 1412 3796 keinem Standpunkte kommen. Sie rührt sowohl den
357 3784 1417 3830 gelegentlich aufblitzenden Ernst, wie die beziehungs¬
361 3829 1409 3889 vollere Persiflage in einen unterschiedslosen Brei zu¬
366 3871 1407 3922 sammen, bei dem keines der Ingredenzien auf seine
354 3917 1404 3971 Kosten kommt. Das Stückchen ist im übrigen für
354 3958 1406 4003 Schnitzlersche Verhältnisse nicht besonders übermütig
353 4002 1401 4051 und unterhaltend. Es wurde ziemlich still und
355 4050 1397 4101 meistens auch wohl unverstanden entgegengenommen.
968 4087 1324 4161 Paul Mahn.
336 4153 1323 4249 Deutadh-Hmesba „ —
1435 325 1953 421 box 34/10
2389 817 2816 907 St. Feterseurg
1965 871 2539 963 (Quellenangabe ohne Gewähr.)
1692 953 2891 1068 Ausschnitt ausReichs Anzeiger, Beriin
2037 1064 2341 1142 24 1. 1904
1694 1088 1896 1151 vom:
2087 1220 2555 1292 Theater und Musik.
2110 1284 2512 1349 Kleines Theater.
1785 1324 2919 1379 Ein reizvolles Experiment war am Dienstag die Erstaufführung des
1719 1381 2927 1428 Puppenspiels „Der tapfere Kassian“ von Arthur Schnitzler.
1723 1415 2928 1464 Die Handlung, im Kern eine bittere Satire auf die Liebestragödie,
1717 1452 2923 1516 ist in der Form so recht im Marionettenstil gehalten. Vereinfachung
1724 1501 2927 1544 und Uebertreibung des Motivs, naive Ausdrucksweise in Ver¬
1717 1534 2931 1581 bindung mit einer tragischen Unterströmung im Vorgang
1716 1577 2940 1621 bilden eine Art die Welt zu sehen, die gerade in unserer
1721 1621 2926 1676 Zeit, mit ihrer rücksichtslosen Härte auch in Kunstdingen, wie
1716 1660 2921 1709 etwas Wohltuedes, fast Erlösendes erscheint. Die typische
1724 1695 2927 1751 Gestaltung der Motive und Figuren, die daraus sich ergebende
1718 1734 2923 1782 humoristische Stimmung weist der Kunst einen neuen Weg, den
1723 1774 2923 1813 weiter zu verfolgen sich vielleicht verlohnte. Die Handlung ist kurz
1726 1808 2780 1857 folgende: Martin und Sophie hatten einander lieb. (
2837 1813 2927 1865 ist
1714 1842 2926 1890 aber im Begriff, sie um einer Tänzerin willen zu verlassen.
1719 1882 2926 1931 Da tritt der tapfere Kassian, ein bramarbasierender Landsknecht auf
1719 1925 2933 1981 und bezaubert die wegen Martins Untreue jammernde Sophie auf den
1723 1974 2926 2021 ersten Blick, sodaß sie sich nun ganz ihm zuwendet. In einer Spiel¬
1725 2006 2923 2058 und Eifersuchtsszene ersticht Kassian den Martin, und Sophie wirft
1711 2044 2917 2081 sich, nun ganz befreit, dem Mörder an die Brust. Doch dieser hat
1717 2066 2933 2130 von Martin die Rose der Tänzerin erhalten und wird seinerseits
1719 2124 2914 2177 nun mit dieser anbinden. Darüber verzweifelt, will sich Sophie
1709 2157 2925 2213 aus dem Fenster stürzen. Kassian aber springt ihr nach
1723 2205 2920 2262 und rettet sie. Man hört die beiden mit der Post von
1710 2230 2309 2293 dannen fahren, während der
2308 2240 2916 2293 zu Tode getroffene Martin,
1713 2275 2920 2318 nachdem er noch die Flöte geblasen hat, einsam stirbt. Es hätte
1713 2314 2924 2362 vielleicht nicht schaden können, wenn die Darstellung den Realismus
1717 2359 2924 2402 noch mehr abgestreift hätte und die Bewegungen noch puppenhafter
1721 2398 2924 2451 gewesen wären. Im ganzen lösten aber die Herren Ekert, Licho,
1709 2432 2916 2472 Großmann und Frau Eysoldt ihre Aufgaben mit großem Geschick. —
1712 2472 2924 2517 Es folgte dann die seinerzeit im Deutschen Theater aufgeführte Groteske
1708 2515 2925 2557 „Der grüne Kakadu“ desselben Verfassers. Die Kraft der in Frankreich
1708 2548 2915 2597 zur Revolutionszeit spielenden Handlung und die angemessene Darstellung
1713 2595 2916 2629 verfehlten auch gestern nicht ihre Wirkung. Die Hauptrollen lagen
1714 2627 2925 2682 in den Händen der Herren von Winterstein, Hartau. Ekert, Leopold,
1709 2663 2923 2710 Moissi, Vallentin, Burg, Sauermann und der Damen Eysoldt,
1713 2708 2923 2763 Durieux u. a. Der anregende Abend erweckte bei den Zuschauern
1715 2738 2045 2802 lebhaften Beifall.
1779 2814 2922 2869 Das Programm des morgen im Königlichen Opernhause
1703 2873 2914 2910 stattfindenden IV. Symphonieabends der Königlichen Kapelle
1690 2892 2993 2983 hat eine Aenderung erfahren. Zur Aufführung gelangen unter Kelir
1720 2991 2927 3066 Weingartners Leitung folgende Werke: Ouvertüre zu „Benvenuto
1712 3044 2926 3100 Cellini“ von Berlioz; „Ueber allen Zauber Liebe“, II. Satz aus der
1714 3084 2927 3150 Symphonie von F. Klose; Variationen über ein lustiges Thema
1724 3134 2926 3187 von Georg Schumann: Schottische Symphonie von Mendelssohn;
1723 3158 2527 3228 Ouverture „Leonore“ Nr. II von Beethoven.
1810 3178 2929 3257 Im Berliner Theater findet morgen die Erstaufführung von
1721 3238 2930 3293 Ein Teufelskerl“ Komödie in drei Akten von Bernard Shaw, in
1712 3284 2927 3327 der deutschen Uebersetzung von Siegfried Trebitsch, statt. Die Haupt¬
1724 3326 2933 3378 rollen sind mit den Damen Carlsen, Kollendt, Roland, den Herren
1728 3346 2941 3414 Connard, Pittschau, Rohland, Schindler und Wehrlin besetzt. Die
1723 3412 2607 3456 Inszenierung hat Dr. Ernst Welisch übernommen.
1807 3412 2933 3489 Im Nationaltheater findet die Erstaufführung der nächsten
1726 3486 2942 3534 Operettennovität, Die Millionenbraut“, am 2. Dezember statt. Die
1728 3506 2937 3560 Titelrolle spielt Fräulein Saccur, die männliche Hauptrolle der be¬
1727 3550 2728 3626 liebte Münchener Operettentenor Fritz Werner als Gast.
1804 3574 2944 3636 Morgen, Freitag, gelangt im Lustspielhause Kadelburgs
1735 3618 2944 3683 Lustspiel „Der Familientag“ zum ersten Male zur Aufführung. Die
1728 3661 2940 3727 Direktion hat für dieses Stück, das ein außerordentlich großes
1723 3700 2943 3766 Personal erfordert, für zwei Hauptrollen Fräuein Tilly Waldegg
1729 3737 2940 3802 und Herin Julius Sachs verpflichtet, ferner sind Frau Ida Becker
1732 3773 2940 3842 und Frau Klara Wenck, die vom nächsten Jahre an in den Verband
1728 3823 2953 3890 des Lustspielbauses tritt, (sowie das gesamte Personal des Lustspiel¬
1729 3871 2062 3941 hauses beschäftigt.
