3392 4352
529 246 1252 373 Feuilleton.
635 383 1153 466 Berliner Theater.
199 449 1580 516 „Die Morgenröte“. Komödie in vier Akten von Josef Ruederer. (Neues
205 500 1584 550 Theater.) — „Die Siebzehnjährigen" Schauspiel in vier Aufzügen
207 530 1585 581 von Max Dreyer. (Lessine=Theater.) — Fuldas „Maskerade“ im
614 572 1580 618 „Der kapfere Kassian“ Eine Burleske von
194 580 577 635 Deutschen Theater.
314 597 1483 655 Arthur Schnitzler. (Kleines Theater.) — Der Fall Jacobsohn.
309 653 1587 721 Lola Montez verdient ihren Dichter. Noch aber ist er nicht
194 715 1591 771 erstanden. Heinrich Heine wäre so der richtige Mann für sie
190 753 1580 813 gewesen, wie er der richtige Mann für Ludwig von Bayerland war.
194 803 1584 863 „Das Volk der Bavaren verehrt in ihm den angestammelten König.
195 847 1591 909 Er liebt die Kunst und die schönsten Frauen, die läßt er porträtieren
207 893 1580 955 und geht in diesem gemalten Serail als Platoniker spazieren.“
210 935 1584 1009 Niemand kann in sechs, dazu noch gereimten Zeilen, schärfer und
208 1005 1586 1061 umfassender charakterisieren. Der Heine, der über die Philister kam,
208 1038 1602 1098 ein unbezwingbarer Simson, und den poctisierenden Philisterkönig
208 1080 1595 1143 so wundersam versvottete, dieser Heine war noch geschickter für den
205 1134 1595 1191 Umgang mit liederlichen schönen Frauen. Man wolle mich nicht
212 1173 1604 1254 falsch verstehen. Ich spreche nur vom literarischen Standpunkt
212 1219 1604 1289 aus. Er hätte uns das frech graziöse, klingende und funkelnde
197 1272 1593 1338 Lola Montez=Epos geschenkt, und dann hätte sich auf Jahrhunderte
202 1318 1331 1378 niemand mehr an den urheinischen Stoff herangewagt.
1066 1349 1594 1430 so ward sein Eigentum
317 1366 1071 1434 Weil Heinrich I. aber zu früh starb,
213 1409 1596 1473 vogelfrei. Und Josef Ruederer packte den Goldklumpen und walzte
209 1471 1607 1522 ein Bühnenstück daraus. Die Alchymisten des Mittelalters ver¬
218 1504 1607 1571 wandelten Blei in Gold; die modernen Bühnenzauberer erzeugen
206 1556 1377 1617 umgekehrt aus dem schlichtesten Golde das schönste Blei.
326 1566 1607 1657 Es hatte Ruederer, dem seine hübsche „Fahnenweihe“ deshalb
217 1642 1605 1716 nicht vergessen werden soll, gereizt, das vormarzliche München mit
209 1694 1606 1749 der dicken Hofbräu= und Tabaksluft in schrillen Gegensatz zur üppigen
214 1732 1603 1802 Lola und ihrem lustig schamlosen Maitressenprunk zu bringen. Bier¬
209 1778 1606 1833 wirtschaft und Zigeunerwirtschaft. Unser Dramatiker suchte das zu
214 1834 1616 1902 erreichen, indem er einen Akt in der dunstigen Kneipe, den andern im
224 1869 1613 1947 Palaste der Königsliebsten spielen ließ. Die Verbindung zwischen
216 1917 1605 1989 beiden Gegenpolen stellt ein grünes Studentlein her, das im auf¬
222 1972 1607 2038 wallenden Germanenzorn Lolas obersten Leibburschen vom Korps
232 2010 1618 2083 Allemannia geohrfeigt hat und nun vor die zürnende Dame zitiert
224 2063 1607 2127 wird. Ferdinand der Maßschwinger vor Lady Milford, die sich
220 2117 1613 2180 grundsätzlich nie mit dem Stolze ihres Englands gürtet und über¬
222 2156 1610 2215 haupt gern Gürtel und Schleier reißen sieht. Nach wenigen Minuten
228 2193 1612 2270 liegt das hingerissene Cheruskerhaupt in den Armen der Süßen, läßt
226 2246 1611 2320 sich abküssen und küßt seinerseits ab. Das ist die Glanzszene des
218 2292 1610 2359 Stückes. Wo Ruederer die Bierrevolution schildert, ist er weniger
222 2339 1611 2410 glücklich, dafür lärmt er dort mehr. Lola muß es am Ende
217 2384 1616 2452 dulden, daß ihr reuevoll zu den Biertöpfen des Marderbräus
228 2436 1616 2504 und zum Wirtstöchterlein heimgekehrter Günstling einen ungefährlichen
234 2483 1617 2553 Schuß auf sie abfeuert; sie wird verjagt, Bürgerwehr marschiert auf
225 2525 1617 2592 und die Geistlichkeit räuchert mit heiligen Gewürzen die eben noch
226 2567 1628 2636 von Aufruhr und von Lola durchtobte Bierstube aus. Neben dem
225 2615 1617 2685 Schlußspasse enthält die Komödie noch manch andere nette Ulken,
227 2673 1615 2736 ohne doch sonderlich viel Saft und Kraft zu zeigen. Ruederer hat
230 2703 1622 2778 sich wie Sudermann im Sturmgesellen Sokrates dadurch der letzten
234 2758 1621 2833 Wirkung seines Vorwurfes beraubt, daß er die Achtunvierziger zu
237 2804 1614 2882 unumwunden und ausschließlich als Trottel hinstellt. Man mag
232 2849 1616 2928 nun politisch über die Februar= und Märztage des tollen Jahres
231 2895 1614 2974 denken, wie man will — der Dichter hat die Pflicht, jene lustig¬
243 2942 1616 3031 schwermütige Morgenröte, die wirklich über ihnen lag, in sein Werk
232 2995 1619 3064 zu bannen. Das ist schwer gewiß, und nicht nur Herr Ruederer wirds
241 3037 1619 3114 leichter finden, die Morgenröte bloß ironisch zu fassen. Damit gehtl
244 3083 1616 3156 aber auch der Glanz und das Feuer verloren, welches dem Stoff
242 3128 1620 3203 entstrahlt und statt eines herzbezwingendea tollfidelen und dabei
237 3192 1621 3247 rührenden Schausvieles, das alle Höhen und Tiefen der wilden
239 3227 1624 3295 Zeit umspannt, das in hundert Einzelheiten wie im großen Zuge
250 3269 1627 3350 an die allerneuesten Kämpfe gemahnt — statt dessen haben wir eine
243 3332 1235 3404 niedrige, flache Biermimit mehr. Schade darum.
347 3378 1639 3439 Auf das Rührende hat sich diesmal Herr Max Dreyer geworfen,
237 3429 1637 3480 der unermüdlich um einen zweiten großen Bühnenerfolg kämpft.
239 3465 1638 3534 Wieder mit geringem Glück. Seine „Siebzehnjahrigen“ waren ange¬
245 3533 1642 3576 blasen worden, wenn sie aus der Feder eines Anfängers stammten.
248 3551 1644 3635 Nicht von A bis 2, aber sicherlich von D bis Z sind sie mühselige
237 3598 1639 3686 Kulissenmache. Richtiges, echtes, deutsches Theater, also schlechtes
248 3655 1650 3728 Theater. Nicht le vrai théätre Sarceys. Ein lüstern=unschulds¬
243 3699 1650 3770 volles Ding von siebzehn Jahren verdreht dem Vater und dem
248 3748 1650 3811 Sohne die Köpfe. Der Junge, gleichfalls siebzehnjährig, ist eben von
253 3788 1657 3870 ihr geküßt worden — wie Ruderers Lola — und als er nun
249 3832 1649 3912 hinter der Türe hört, daß sie mit dem alten Herrn ein nächtliches
257 3894 1658 3954 Stelldichein verabredet, da geht er hin und erschießt sich, denn an
252 3924 1660 4010 seinem Vater irre zu werden, das erträgt er nicht, beim besten Willen
253 3974 1650 4047 nicht. Ich sagte eben: der Siebzehnjahrige ging hin und erschoß
260 4018 1652 4098 sich. Das ist falsch; er schleicht hin. Noch einen ganzen Akt
248 4065 1652 4150 hindurch macht er die Bretter unsicher, redet endlos viel über
257 4109 1661 4196 seine selbstmörderische Absicht, redet aber so dreyerisch=theatralisch,
2171 165 2449 219 e“ Dee.
2492 159 2635 245 —
1932 204 2069 250 —.—
1606 232 2982 296 dunkel, daß ihn die dreyerisch=schwerfälligen Eltern nicht verstehen.
1601 273 2985 339 Denn verstünden sie ihn, so wäre das Stück aus und der große
1602 316 2989 390 dramatische Knalleffekt zum Teufel. Unser Kadett wird ganz aufrichtig
1606 365 2998 434 und klar erst da, wo er es ohne Schaden für Herrn Dreyer und den
1603 418 2988 479 tragischen Ausgang des Stückes sein darf: einem lieben Großpapa
1612 457 2992 531 gegenüber, der zum Glück für Herrn Dreyer und den tragischen
1612 515 3000 576 Ausgang — stocktaub ist. Theaterjammer, Jammer des Theaters!
1607 547 2987 609 Selbst am innerlich leeren Phantasiespiele geschickter Könner habe ich noch
1615 592 2993 663 meine Freude; doch wenn ungeschickte Finger sich mit Phantasielosig¬
1608 640 2992 724 keit vereinen und ein schwitzender Autor kleinliche Kuiffe ohne Klugheit
1608 689 2984 759 ausklügelt, dann tut's Einem um den verlorenen schönen Abend leid.
1612 733 3006 806 Dann lieber ein Pfennigskat mit Bierwitzen. Es geschah Herrn
1612 778 3001 852 Dreyer recht, daß Gefühllose roh in seine ergreifendsten Szenen
1616 829 2989 900 hineinlachten; es geschah ihm unrecht, daß Else Lehmanns und
1605 874 3008 955 Bassermanns Kunst den widerwärtigen vierten Akt retteten und die
1611 925 3001 985 Schauergeschichte von der Erblindung des Kadettenvaters vor dem
1606 970 3001 1039 dröhnenden Gelächter bewahrten, das sie doppelt und dreifach
1713 1078 2996 1132 Glücklicher als Dreyer war Fulda mit seiner „Mas¬
1616 1113 3006 1182 kerade“ dieser ergreifenden Gartenlauben=Gesellschaftssatire. Sie
1614 1156 2998 1228 fand am selben Abend, wo Artur Schnitzler im Kleinen Theater
1610 1209 2996 1277 nicht vollständig Sieger blieb, auf den Brettern der Lindau=Bühne
1626 1252 2997 1324 ein Gewimmel von Lorbeerkränzen. Indessen beschäftige ich mich immer
1618 1315 3004 1369 noch lieber mit einem abgelehnten Schnitzler als einem erfolgreichen
1621 1349 2999 1421 Fulda. Bei Schnitzler horcht man interessiert auf, selbst wenn er
1618 1416 3003 1470 nichts zu sagen hat; Fulda dagegen beruhigt von vornherein so
1628 1439 3031 1510 unbeschreiblich, daß er selbst in der Rolle eines Sprengers alter:
1619 1504 3018 1560 Ketten lind besänftigend wirkt. Schnitzlers „Tapferer Kassian“ also
1624 1526 3020 1607 wurde abgelehnt. Nur ein paar Leute klatschten höflich; die Mehrheit
1632 1578 3017 1654 schwieg, was ebenfalls höflich war. Das Ding ist von seinem Ver¬
1632 1623 3014 1699 fasser als Puppenspiel und als Burleske gewertet worden; beide
1629 1684 3024 1750 Bezeichnungen stimmen nicht. Für ein Puppenspiel hat es zu wenig
1629 1713 3020 1795 Herzenseinfalt, für eine Burleske viel zu wenig Witz. Schnitzler
1629 1790 3016 1840 sollte nicht alle Tintenlaunen müßiger Stunden durchaus auf die
1621 1813 3012 1882 Bühne bringen wollen. Dieser Held, der die Heldin halten
1634 1869 3013 1938 Herzens liebt und halben Herzens wiedergeliebt wird; sein Freund
1634 1893 3011 1984 und Vetter, der fidele Maulaufreißer Kassian, der ihm seine ganze
1620 1966 3017 2033 Barschaft abgewinnt, seine Verlobte nimmt und ihn schließlich im
1637 1996 3006 2079 Zweikampfe tötet — das sind Figuren, deren Eigenart Schnitzler
1639 2047 3017 2129 schon fesselnder und geistreicher abgewandelt hat. Die Männer sind
1627 2095 3019 2166 treulos, die Weiber sind treulos — es siegt immer der Draufgänger.
1626 2149 3014 2209 Während Martin der Schwärmer sterbend die Flöte bläst, fährt
1629 2187 3015 2265 Kassian beim Klange des Posthorns mit martinischem Gelde und dem
1641 2232 3025 2308 martinischen Mädchen in die blaue Ferne hinein. Na ja. Soll uns
1625 2278 3021 2353 diese nun schon betagte Weisheit lecker gemacht werden, so muß man
1630 2337 3020 2397 reichlich Gewürz hinzutun. Als stramm pointierte Biermimik hätte
1628 2371 3019 2445 der tapfere Kassian vielleicht gewirkt. Aber diesmal taten die Schau¬
1639 2418 3024 2500 spieler und die Regie bedeutend mehr für stilreine Lustigkeit als der
1630 2467 3033 2548 Verfasser. Sein „Grüner Kakadu“ ließ gottlob die Beschwerden des
1621 2531 2160 2610 Kassian schnell vergessen.
1739 2552 3056 2633 An Stelle der großen Novemberneuheit, die heuer ausge¬
1637 2610 3023 2684 blieben ist, hat sich der Siegfried Jacobsohn=Skandal eingestellt.
1637 2657 3024 2729 Siegfried Jacobsohn war zu früh ernst genommen worden, die Schar
1646 2711 3015 2780 seiner Gegner und die Wichtigkeit, welche alle Komödianten ihm bei¬
1632 2743 3021 2834 legten, stieg dem Jüngling zu Kopf. Er beschloß bei sich, daß ein
1645 2805 3024 2873 Mann seiner Klasse nur noch Brillanten schreiben dürfe, oder doch
1639 2844 3026 2914 das, was er selbst für Brillanten hielt. Und weil dem Kränkelnden,
1639 2891 3058 2966 Schwächlichen und Depravierten die unfruchtbaren Stunden häufig
1639 2940 3028 3009 kamen und weil die Brillanten doch pünktlich geliefert werden mußten,
1645 2988 3029 3057 so wusch er sie aus fremder blauer Erde. Dumm, riesendumm war
1633 3031 3033 3104 dann die Ausrede des Ertappten. Der Hypertrophie seines Gedächt¬
1641 3079 3028 3145 nisses entspricht keine hypertrophierte Intelligenz. Ein keckes Schuld¬
1643 3120 3029 3209 geständnis hätte imponiert und vielleicht für die Zukunft etwas von
1643 3174 3028 3243 dem erborgten oder echten Glanze des Meteors gerettet, das
1640 3213 3043 3286 kollegiale Speichelleckerei noch vor vierzehn Tagen mit Theodor
1650 3271 2497 3357 Fontane auf eine Stufe zu stellen wagte.
2399 3294 2998 3390 Richard Nordhausen.
