3344 4352
851 116 887 171 2
816 141 1960 234 2. Eo hulle am Dienstag abend im Kleinen Theater
751 200 1943 262 sin dreigeteilter Arthur=Schnitzler=Abend werden sollen.
745 234 1960 310 Wie aber vorher in den Zeitungen zu lesen war, verbot die
759 278 1958 360 Zensurbehörde eines der drei Stucke, so daß das Vergnügen
757 317 1959 397 namentlich für diejenigen erheblich gekürzt wurde, welche in
759 366 1953 439 der Erwartung auf stark gewürzte Speisen gekommen waren.
755 401 1963 474 Ueberdies kannte man das Nennenswerteste der zwei Einakter,
760 453 1963 530 die Auftritte in der Schenke: Der grüne Kakadu bereits.
758 497 1962 567 Dieser einer genialen Großzügigkeit nicht entbehrende Abschnitt aus
755 542 1968 611 dem Beginn der französischen Revolution von 1789 nennt sich mit
761 602 1969 662 starker Absichtlichkeit eine „Groteske“, und die Behandlung des
771 640 1967 698 Stoffes ist demgemäß eine grotesk ironische. Dekadente
769 682 1965 744 Aristokraten des Ancien Regime lassen sich ohne Ahnung und
762 716 1976 787 Achtung des Abgrundes, dem sie entgegentaumeln, in der
770 765 1973 822 Schenke des ehemaligen Theaterdirektors Prosper eine brutale
757 805 1966 877 Komödie von herabgekommenem Gesindel vorspielen. Ge¬
767 843 1974 928 gaukeltes und wirkliches Verbrechen greifen unablässig
767 913 1975 954 ineinander; und selbst, als mit der Niederwerfung der Bastille
767 935 1971 1005 der Sturm losgebrochen ist, wollen die vornehmen Gäste im
773 980 1923 1042 Grünen Kakadu immer noch an eine echt g
771 1014 1975 1098 spielte Komödie glauben. Der Schauspieler Henri, der sich
768 1061 1979 1132 eben mit einer notorischen Dirne verheiratet hat, mimt
776 1107 1985 1183 den eifersüchtigen Gatten, der einen der Galane seines Weibes
769 1154 1977 1245 jählings ermordet, so überzeugend, daß die Genossen Henris
767 1191 1983 1280 jene Tat für wirklich geschehen halten. Da tritt der angeblich
781 1241 1974 1313 Getötete, der Herzog von Cadignan, leibhaftig ins Lokal.
776 1283 1981 1361 Gewaltiges Staunen. Bis Henri, erst jetzt erkennend, daß
774 1321 1991 1403 der Herzog einer der zahlreichen Bevorzugten der jungen
781 1375 1988 1449 Frau Henris sei, den Aristokraten nun de facto nieder¬
772 1427 1986 1484 macht. Zu dem Lärm mischt sich das Freiheitsgebrüll der
783 1465 1991 1536 wütenden Menge auf der Straße. Die Bastille ist eben ge¬
773 1499 1988 1572 fallen. Wildes Getose, in welches die Gemahlin eines der
776 1547 1991 1625 anwesenden Edelleute, die allen diesen Vorgängen mit
1668 1589 1993 1656 händeklatschend
784 1600 1653 1672 einem perversen Entzücken beiwohnt,
1029 1651 1990 1709 Sie hat einen Tisch bestiegen und schreit
778 1653 1032 1726 einstimmt.
772 1678 1995 1754 unablässig: „Es lebe die Freiheit!“ während auf einem
785 1731 1993 1791 anderen Tische ein Gauner und Dieb steht und aus der ge¬
774 1765 1993 1836 stohlenen Kasse des Wirtes die Münzen unter die heulende
784 1814 1999 1883 Masse wirft. Mit dieser frechen Gegenüberstellung wird die
786 1855 1998 1928 äußerste ironische Konsequenz gezogen: auf der einen Seite die
786 1894 1991 1963 mit dem viehisch losgelassenen Pöbel fraternisierende Marquise.
786 1946 1998 2011 auf der anderen das fessellos gewordene Verbrechen!
789 2002 1995 2051 Schnitzler will sich offenbar auf die höhere Warte des über¬
784 2028 2004 2093 legenen Satirikers stellen, dem das freiheitbrüllende Maul¬
787 2071 2005 2140 heldentum als nicht minder geißelns= und verachtenswert gilt,
795 2114 2006 2184 denn die frivole und entsittlichte Aristokratie des wankenden
791 2132 2016 2236 bourbonischen Königtums. An kühnen Antithesen und scharf
797 2225 2007 2276 geschliffenen Aphorismen, den Zweck des Ganzen zu erläutern
792 2248 2016 2311 und zu erreichen, ist auf beiden Seiten kein Mangel. Und
793 2292 2015 2357 das alte Bajazzo=Motiv, daß das zur Erheiterung getriebene
802 2335 2010 2400 Spiel plötzlich blutige Wirklichkeit wird, ist, auch rein
796 2375 2009 2442 dramatisch angesehen, mit treffenden Kontrasten und
802 2427 2012 2494 kraftvoller Steigerung behandelt und durchgeführt. Vor längerer
805 2471 2012 2539 Zeit hat bereits das Deutsche Theater eine Aufführung dieses
803 2533 2010 2566 Grünen Kakadu gebracht. Wir kennen jene Darstellung nicht,
808 2578 2021 2626 können also einen Vergleich mit der des Kleinen Theaters
818 2601 2026 2668 nicht anstellen. Immerhin zeichnete sich diese durch feuriges
807 2650 2011 2711 Temperament aus; und der ironische Ton, das parodistische
809 2688 2016 2754 Gehaben der Komödianten und schließlich der Uebergang zu
810 2733 2034 2795 wilder Tat wurden sicher und wirksam getroffen. Die Haupt=
822 2769 2021 2851 figur unter den Aristokraten, den Herzog von Cadignan, gab
823 2818 2016 2893 Herr v. Winterstein, den überpathetischen Schauspieler
1330 2860 2017 2929 Konnte man sich den ersten
822 2869 1330 2935 Henri Herr Moissi.
821 2896 2023 2977 leichter, preziöser und geistreicher vorstellen, so entwickelte
821 2977 1024 3035 S
800 3005 2027 3086 der zweite ein höchst beachtenswertes Maß einer für die starke
807 3067 2019 3134 Leidenschaft fruchtbaren Kunst. Man darf der weiteren Ent¬
810 3117 2028 3175 wicklung dieses Herrn Moissi mit Erwartung zuschauen. Fräulein
818 3157 2031 3220 Eysoldt als Schauspielerin und Hetäre Léocadie und Fräulein;
819 3201 2025 3265 Durieux als sensationsbedürftige Marquise hatten zu kleine
817 3241 2020 3307 Rollen, um ihre glänzenden Lichter völlig leuchten lassen zu
816 3308 2017 3355 können. Die vielen sonstigen Mitwirkenden fanden sich alle mit
819 3331 2032 3396 effektspreizendem Eifer in den grotesken Stil der merkwürdigen
809 3382 2020 3435 Komödie. Das Stück wurde mit lebhaftem Beifall auf¬
820 3423 2018 3489 genommen im Gegensatz zu dem bierulkartigen Einakter: Der
811 3466 2018 3531 tapfere Kassian, der den Abend introduzierte. Denn hier
820 3529 2024 3581 gab es nur das Schweigen der Achtung. „Puppenspiel“ be¬
821 3549 2031 3621 zeichnet Arthur Schnitzler das Ding. Und der Hauptwitz ist
819 3593 2025 3659 denn auch der rein äußerliche, daß die Agierenden sich wie
820 3636 2017 3702 lebende Puppen aus dem Marionettentheater gebärden.
824 3680 2018 3752 Da dies von den Herren Ekert, Licho und Groß¬
826 3733 2024 3789 mann und Fräulein Eysoldt hübsch und niedlich
823 3759 2032 3843 durchgeführt wurde, so machte sich während des Spiels manch¬
821 3821 2025 3881 mal eine schüchterne Lache auf. Inhaltlich war nichts zu
822 3856 2033 3933 gewinnen: eine Liebes= und Schauermär aus der Barockzeit
836 3899 2032 3963 mit minniglichem Flöten, aufschneiderischem Bramarbasieren,
815 3950 2023 4017 Mord und Totschlag. Alles in allem ein künstlerisch just
822 3985 2031 4052 nicht sehr ergiebiger Abend, so daß draußen die schauderhafte
809 4032 1999 4118 Novembernacht einen um so schmerzlicher durchfröstelte. .].
