3344 4352
1403 228 1937 321 box 34/10
63 239 1292 348 11. Der tanfere Gassian
1706 1186 2871 1254 Grazie der Franzosen: das ist der ganze Wiener Schnitzler.
1700 1246 2645 1305 Zuerst gab es eine Neuheit für Berlin:
1707 1284 2242 1357 tapfere Kassian“
2295 1295 2355 1338 6
2368 1271 2866 1353 sogenanntes Puppen¬
1710 1314 2858 1391 spiel in einem Akt. Im Kleinen Theater versteht man
1717 1380 2857 1428 sich auf dergleichen Scherze. Man parodiert sich selbst. Ein¬
1705 1424 2856 1486 mal sah ich das schon, als des alten Nestroy Wiener Schwank
1712 1448 2851 1523 „Einen Jux will er sich machen“ über die Bretter ging.
1708 1509 2867 1565 Gestern war es dieselbe Nummer. Ob es künstlerisch zulässig
1721 1549 2863 1612 ist, einer barocken Idee des Dichters in dieser Weise Ausdruck
1710 1595 2866 1653 zu geben, ist zu bezweifeln. Die Gestalten gehen wie an
1706 1649 2871 1697 Drähten gezogen über die Bühne — ein lebendiges Kasperle¬
1710 1683 2849 1739 Theater. Angeblich wirkt das komisch, aber nur angeblich;
1716 1726 2858 1775 im Gegenteil: es wirkt gequält und manieriert. Man darf
1709 1763 1815 1824 sich
1708 1800 2878 1883 Frank Wedekind als Menageriedirektor und Tierbändiger
1712 1838 2873 1919 auftrat. An ausgefallenen Einfällen sind die Modernen ja
1705 1884 2870 1951 reich. Die Marionetten auf der Bühne spielten uns also in
1717 1931 2871 2001 abgezirkelten Bewegungen und geschrobenen Worten die Ge¬
1712 1986 2865 2040 schichte von der „blonden Bestie“ vor, vom Recht des
1715 2004 2885 2086 Stärkeren in der Liebe. Martin und Sophie sind ein Liebes¬
1709 2066 2880 2125 paar, wie es alle Tage zusammenkommt und ausemandergeht. Aber
1710 2107 2877 2169 Martin ist eine leichte Fliege und Sophie folgt bei der ersten
2541 2151 2870 2218 dem tapferen
1714 2158 2519 2229 besten Gelegenheit, dem Eisenfresser
1993 2204 2115 2272 auf
2112 2185 2742 2256 daß Nietzsche Recht behält
2752 2206 2868 2259 mit
1707 2190 1886 2270 Kassian
2585 2247 2732 2299 nicht
1829 2234 2114 2311 Herrenmoral.
2732 2237 2872 2311 gut¬
2149 2243 2496 2314 Martin giebt
1704 2243 1842 2300 der
1705 2273 2870 2361 willig zu und wird totgestochen. Sophie aber
1718 2330 2868 2392 erkenut den Stärkeren an. „So ist das Leben“ — nach der
1724 2374 2875 2436 Auffassung des Schnitzlerischen Cynismus. Schabe um das
424 2349 1420 2466 ADOLF SCHUSTERMANN
1722 2420 2864 2473 an solchen Stoff verschwendete glänzende Spiel; denn man
302 2440 1536 2548 ZEITUNGSNACHRICHTEN-BUREAU
1731 2455 2865 2523 kann sich dem Eindruck nicht verschließen, daß wir auf dem
1722 2505 2858 2561 kleinsten Theater Berlins relativ das beste Ensemble haben.
500 2503 1362 2603 BERLIN O. 27, ELUMEN-BTRASBE 80-61.
1721 2549 2872 2613 Gertrud Eysoldt und Alexander Ekert stilisierten die Sophie
1722 2591 2873 2644 und den Martin mit eiserner Konsequenz: für mich in be¬
1731 2630 2870 2690 fremdender Weise. Herr Liehr hat für den Bramarbas
499 2594 1182 2720 zeitng: Germania
355 2657 464 2725 32
1712 2677 2871 2741 Kassian nicht das Aeußere; das Spiel hielt sich sonst gut
365 2708 462 2757 8 5
2348 2718 2593 2777 es den
2036 2723 2351 2788 Dann gab
1728 2720 2044 2793 im Rahmen.
2612 2715 2870 2786 berüchtigten
395 2741 462 2780 —
372 2754 473 2800 ≅ 2
496 2710 1053 2833 Adrense: Berlin.
1728 2766 2881 2828 „Grünen Kakadu“, die Kaschemmengeschichte aus
378 2778 466 2822 □
364 2798 475 2842 E #
1723 2800 2876 2879 der französischen Revolutionszeit. Tilla Durieux gab die
376 2830 473 2865 9 5.
361 2852 464 2885 *
1728 2848 2876 2907 Marquise, Herr v. Winterstein den Herzog. Alle ver¬
390 2872 482 2917 5 S
510 2848 718 2931 Datum:
1063 2841 1253 2921 Du. 190
1730 2892 2875 2957 schwanden vor Frau Eysoldt ale Schauspielerin Léocadie,
924 2868 1091 2975 B
373 2926 475 3003 1 5
1721 2922 2869 3007 obwohl sie nur eine Episode ist. Interessant war Herr
383 2987 479 3030 * 5
697 2990 2866 3046 Im „Kleinen Theater“ gab es gestern einen Alexander Moissi als Schauspieler Henri, der uns von der
389 3019 481 3078 9 5
603 3030 2870 3088 Schnitzler=Abend. Schnitzler ist der Urtypus des modernen verkrachten Deutschen Volksbühne her als Franz Moor und
406 3060 489 3109 2
375 3077 482 3137 5 2
595 3070 2870 3147 Einakterfabrikanten. „Gebt Ihr ein Stück, so gibt es nur in Golo in guter Erinnerung war. Er hat ungemein viel
373 3117 479 3169 S 2
599 3107 2864 3179 Stücken.“ Skrupellos in der Wahl seiner Mittel, gepfeffert Temperament, ringt aber noch mit der deutschen Aussprache;
389 3133 449 3187 4
393 3163 483 3218 3 3
1614 3151 2869 3224 aber s offenbar ist er Ausländer. Seine bisherigen Proben lassen in
612 3158 1566 3231 Hach ungarischem Rezept und keineswegs ohne Geist
392 3193 485 3238 ∆ 0
412 3212 474 3259 5 5
617 3220 2845 3287 über die Maßen anrüchig und eindeutig ohne die vollendete ihm einen Kainz oder ger Mitterwurzer erwarten. K-r.
379 3245 455 3292 E
423 3251 498 3306 3
393 3289 505 3345 8 2
394 3329 488 3367 —.—
407 3337 493 3403 72
383 3377 497 3440 15
428 3428 540 3510 5
