3392 4352
1467 255 1971 348 box 34/10
151 271 1318 371 1. Der tapfere Cassian
908 1427 2058 1529 /7“ Von dem Schnitzler=Speisezettel, den das „Kleine
1037 1480 2053 1532 Theater“ gestern Abend seinem Publikum darbieten
1045 1521 2062 1579 wollte, hat die Zensur, wie man weiß, das eine allzu
1051 1560 2063 1627 gewürzte Gericht gestrichen. Das „Haus Delorme“
953 1553 1023 1628 80
1043 1600 2059 1664 wurde anscheinend im Polizeipalast als ein „öffentliches
866 1552 960 1673 0
1045 1640 2061 1704 Haus“ betrachtet, das der Oeffentlichkeit zu ent¬
1041 1692 1261 1757 ziehen sei.
1110 1721 2060 1781 Blieben übrig „Der tapfere Kassian“ der zum
1040 1760 2063 1817 ersten Mal gespielt wurde, und „Der grüne Kakadu“
1044 1809 2063 1862 der im „Deutschen Theater“ des Brahm=Zeitalters
1047 1845 2069 1903 flügge wurde. „Der tapfere Kassian“, auf dem
1048 1892 2057 1946 Theaterzettel als „Puppenspiel“ bezeichnet, erinnert
1051 1929 2058 1986 en die „Marionetten“, die Schnitzler seinerzeit auf
1049 1970 2066 2023 dem Ueberbrettl Wolzogens zappeln kließ. Man sah
1037 2011 2075 2066 damals eine Anzahl typischer Gestalten aus fran¬
1046 2048 2075 2115 zösischen Sittenstücken und anderen „minderwertigen“
1048 2092 2064 2152 Dramen, von Schauspielern und Schauspielerinnen
1042 2131 2071 2187 dargestellt, die wirkliche Drähte an den Händen hatten
1048 2167 2088 2228 und die eckig=grotesken Bewegungen der Marionetten
1046 2216 2079 2280 getreulich nachahmten. Das war in den ersten andert¬
1047 2254 2083 2314 halb Minuten furchtbar komisch; von da ab — zum
1056 2295 2094 2351 Einschlafen. Der Spaß dauerte viel zu lange, umt
1052 2339 2086 2395 kurzweilig zu sein. Außerdem fehlte der kräftige
1051 2361 2097 2438 Humor; es blieb bei einem rein mechanischen Spiel.
1045 2410 2092 2467 Mit dem tapferen Kassian“ führt uns Arthur
1046 2465 2091 2516 Schnitzler wieder ein Kasperle=Theater vor und
1055 2511 2099 2552 weckt damit Erinnerungen an die holde Kinderzeit in
1053 2543 2087 2587 unserer Brust. Aber ach, um wieviel lustiger und er¬
1055 2583 2085 2637 götzlicher war doch das burlesk=täppische Puppen¬
1053 2622 2088 2684 Theater, das man als Bengel draußen in Pankow bei
1053 2670 1647 2735 „Papa Linde“ bewundert hat.
1119 2685 2102 2756 Die Haupt=Hampelmatze der Schniglerschen
1059 2748 2105 2807 Kasperle=Komödie sind ein junger Abenteurer und
1767 2765 2102 2834 Bruder Luder¬
1409 2787 1768 2851 sein Vetter, ein
1050 2798 1396 2848 Spieler Martin,
1421 2809 2098 2888 und Manlheld Kassian und
1060 2836 1415 2893 jahn, Saufaus
1807 2859 2099 2924 empfindsames
1055 2869 1796 2922 Sophie, Martins Geliebte, ein
1557 2908 2090 2964 im Grunde ein kleiner
1062 2911 1516 2972 Bäh=Lämmchen, das
1064 2942 2098 3006 Tenfels=Braten ist. Martin hat die Tölpel des
1060 2980 2104 3047 Städtchens, in welchem er gastierte, genug gerupft
1053 3028 2104 3085 und will nun mit wohlgefülltem Ränzel weiterziehen,
1065 3076 2112 3123 um anderswo das Glück zu versuchen. In seiner
1054 3101 2120 3173 Mansarde weilt die holde Buhle bei ihm und dann geht
1066 3152 2117 3206 das Mädchen von hinnen, um das Abschiedsmahl zu
1058 3203 2115 3245 holen. Inzwischen stürmt der tapfere Kassian herein
1062 3227 2115 3292 und als Sophiechen zurückkehrt, enflammt sie wie ein
1056 3275 2108 3339 Streichhölzchen sofort für den rauhen Kriegers= und
1056 3318 2108 3379 Lügen=Mann aus der Lanzknechtszeit. Martin
1056 3366 2102 3406 verliert bei einem kleinen gemütlichen Jen all
1065 3394 2112 3448 seine Habe an Kassian und will schließlich
1063 3431 2112 3493 sogar das Mädchen aus dem Stätchen als
1072 3475 2104 3527 Einsatz benutzen. Die hüpft aber schon vor dem letzten!
1069 3513 2108 3573 Wurf auf die strammen Schenkel Vetter Kassiaus.
1066 3553 2114 3616 Grausiges Duell zwischen den beiden lieb¬
1473 3600 2037 3651 „Kousin, kannst Du noch?“
1062 3610 1433 3666 werten Vettern
1070 3636 2116 3700 Martin wird tötlich verletzt. In plötzlicher Ver¬
1064 3668 2118 3755 zweiflung springt Sophiechen zum Feuster
1067 3717 2116 3781 hinaus, Kassian ihr nach; und Martin haucht
1073 3769 2116 3829 seine schöne Spieler=Seele aus, nachdem er erst noch
1076 3804 2105 3863 ein kleines Flötensolo von sich gegeben. Alle Personen
1071 3832 2109 3892 dieser Hanswurstiade bewegen sich in Hampelmann¬
1077 3884 2108 3938 Manier, wenn sie auch diesmal keine wirklichen Drähte!
1071 3919 2110 3984 haben. Was wollte Schnitzler mit diesem Spaße erweisen?
1078 3953 2123 4024 Wollte er die Autoren verspotten, in deren Stücken
1084 4008 2112 4069 der schärfere Beobachter die „Menschen“ an den
1078 4047 2109 4102 Drähten zappeln sieht, die ein robuster Puppenspieler
1085 4075 2118 4144 in Bewegung setzt? Soll „der tapfere Kassian“ die
2060 138 2297 198 —
2066 165 3050 245 eine Parodie auf Schnitzlers „Abschiedssouper“
2057 220 2198 280 sein!?)
2093 237 3074 306 Durch den zweiten Teil des Abends wurde der
2041 281 3066 356 Dichter Schnitzler rehabilitiert. „Der grüne
2047 323 3064 387 Kakadu“ ist ein grandioser Einfall, ein glänzender
2035 357 3077 418 Wurf. Dieses in allen Farben grausamer Ironie
2045 392 3078 476 schillernde Spiel, dieses Gleiten zwischen Schein und
2047 445 3074 514 Leben, in das das dumpfe Grollen der nahenden
2968 484 3075 543 vor
2280 484 2969 555 hineintönt. Diese Schwüle
2053 499 2280 557 Revolution
2053 527 3064 592 dem losbrechenden Gewitter; und dann das
2043 550 3078 630 Ineinanderströmen von Komödie und Wirk¬
2901 604 3086 663 Schluß¬
2044 604 2900 664 lichkeit, der mächtige, dramatische
2047 646 3091 716 Orgelton. Bei der gestrigen Darbietung stellte sich!
2053 683 3086 745 noch eine merkwürdige Nebenempfindung ein. Dieser
2045 728 3082 793 Pfeudo=Verbrecherkeller zum „grünen Kakadu“ ist ja
2128 765 3079 825 eine Art von revolutionarem Ueberbrettl oder
2051 808 3084 870 Unterbrettl — oder Kabaret, wenn man will. Sogar:
2049 844 3086 920 der Tanten=Mörder fehlt nicht; allerdings kein Frank
2052 900 2778 975 Wedekindscher, sondern ein wirklicher.
2123 918 3103 988 Die Aufführung hinterließ einen tiefen Eindruck.
2065 979 3091 1040 Am stärksten wirkte auf mich der Heuri Alexander
2061 1013 3099 1081 [Moissis. In der erst glimmenden und glühenden,
2061 1054 3094 1122 dann lodernden Leidenschaftlichkeit dieses Darstellers
2074 1097 3094 1158 lag etwas Unheimlich=Ekstatisches. Der lächelnden,
2060 1143 3090 1190 tändelnden, naiven Verderbtheit der Eysoldtschen
2072 1178 3095 1241 Léocadie gegenüber stand die raffinierte, mondäue
2072 1219 3100 1277 Lüsternheit der Séverine Tilla Durieuxs.
2074 1257 3100 1330 Wie sich diese rassige Künstlerin zum Schluß
2064 1301 3107 1372 mit Raubtier=Blicken über den verröchelnden Herzog
2070 1342 3107 1398 von Cadignan hinabbeugt, das war von gräusiger
2067 1380 3108 1432 Echtheit. Für solche kaltschnäuzigen Lebe=ducs ist
2074 1419 3100 1483 Herr von Winterstein ein vortrefflicher Dar¬
2076 1449 3113 1532 steller. Herr Ekert, der den Rollin gab, scheint
2081 1497 3112 1575 zu glauben, daß ein Dichter im Leben möglichst un¬
2078 1542 3102 1611 natürlich sprechen muß. Von absoluter Wahrheit
2766 1583 3098 1640 Strolch Grain
2609 1593 2742 1640 der
2082 1596 2610 1654 und groteskem Humor
2075 1623 3100 1694 Eugen Burgs. Von beweglicher Lebendig¬
2078 1665 3103 1730 keit der Spelunken=Wirt Richard Leopolds.!
2077 1696 3106 1769 Das Zusammenspiel unter Richard Vallentins
2082 1753 3096 1811 Leitung war ausgezeichnet und erreichte in der
2080 1784 3022 1849 Schluß=Szene seinen überwältigenden Höhepunkt.
2138 1796 3103 1893 Der Vorhang war längst gefallen. Ein großer
2081 1867 3096 1935 Teil des Publikums blieb im Saale und klatschte,
2089 1912 3102 1976 trampelte unermüdlich, bis endlich Schnitzler erschien
2085 1941 3107 2011 und sich verneigte, etwas müde=resigniert, in der
2081 1988 3113 2054 schwarzen Atlas=Würge=Kravatte, jeder Zoll ein Poet,
2089 2030 3101 2096 aber in tadelloser Eleganz. Ich mußte an die köst¬
2083 2063 3105 2139 liche Szene in Murgers „Vie de Bohème“ denken,
2093 2116 3107 2177 wo einer der tollen Gesellen, auf den an einem Neben¬
2088 2154 3111 2228 tisch in schäbiger Kleidung speisenden Colline deutend,
2090 2217 2210 2275 sagt:
2142 2226 3035 2293 „Das scheint ein Schriftsteller zu sein!“
2139 2280 3031 2341 Und ein Kamerad aus der Runde antwortet:
2155 2324 2715 2393 „Du moins il en a l’habit!“
2890 2345 3094 2424 B. J.)
