3296 4320
1454 223 1959 319 box 34/10
103 230 1338 335 11. Der tapfere Gassian
95 419 1023 546 heater, Musik u. Literarisches.
237 513 858 600 Ein Schnitzler=Abend.“
153 576 1031 670 Jetzt jagt in Berlin eine Erstaufführung die
103 636 1035 711 ndere. Jeder Direktor möchte wohl noch gern
110 672 1032 766 pr Weihnachten einen artigen Erfolg in Sicher¬
109 713 1035 797 eit bringen. Otto Brahm hat sich bisher, wenn
100 764 1035 840 kan das Mienenspiel des Kassiers als Barometer
107 805 1047 895 elten lassen will, noch als der glücklichste Wetter¬
101 851 1043 909 pit bewährt. Max Reinhart, der in fieberhaftem
117 896 1035 964 khrgeiz den andern Berliner Bühnenleitern am
110 928 1045 1011 ebsten allen literarischen Wind aus den Segeln
110 975 1041 1051 sehmen möchte, wurde in diesem Jahre durch
109 1010 1057 1084 wei Kalamitäten in seinen Plänen gehemmt:
122 1045 1055 1132 durch die Erkrankung seiner gefeiertesten Schau¬
112 1100 1042 1174 pielerin Frau Agnes Sorma und durch den ge¬
109 1138 1051 1221 ingen Beifall, den das Experiment fand, den
112 1180 1056 1263 sekannten Konzertsänger Dr. Ludwig Wüllner,
104 1226 1053 1309 er in einem vielbewegten Leben schon Dozent
183 1255 1054 1332 Philologie, Kirchenchor=Dirigent, Helden¬
112 1294 194 1344 er
118 1307 1051 1383 farsteller bei den Meiningern, Rezitator, Lieder¬
111 1349 1046 1420 nd Bühnensänger gewesen ist, neuerdings dem
109 1393 1051 1467 Echauspiel zuzuführen. Unmittelbar nach dem
118 1426 1060 1508 Parstellungserfolg, den Ruederers Komödie die
112 1465 1063 1558 Die Morgenröthe“ im Neuen Theater fand, hat
123 1525 1054 1592 s nun Tirektor Reinhart in dem gleichfalls von
121 1554 1059 1632 ihm geleiteten Kleinen Theater mit einem
112 1600 1054 1694 Einakterabend, der nur Schnitzler gewidmet war,
111 1668 302 1730 persucht.
179 1685 1053 1755 Ein Schnitzler=Abend war von vornherein
110 1733 1059 1795 Eliterarischer Beachtung sicher, denn man schätzt
121 1761 1087 1851 sin Berlin den vornehmen Wiener Pocten, wie *
122 1808 1053 1885 nnur irgendwo. Aber diesmal stand kein glücklicher
120 1858 1058 1927 Stern über dem Unternehmen. Einer der drei
126 1894 1066 1971 Einakter, die in Aussicht genommen waren, „Das
112 1943 1075 2015 [Haus Delorme“ wurde von der Zensur ver¬
117 1988 1068 2057 boten. Er hätte mit seinen angeblich sehr dent¬
2339 1992 2902 2070 25. November 1904.
116 2027 1064 2123 lichen Auspielungen auf Vorfälle in der Familie
1442 2023 1700 2097 Seite 3.
122 2116 175 2164 —
2091 2092 2966 2163 Schon um des ironisch=elegischen Ausklangs
131 2110 2012 2205 einer bekannten Wiener Schauspielerin und wegen der Lieblingsfigur Schnitzlers, ein Anatol im
2031 2155 2964 2220 willen, der mit dem tollen Wirbel so bewußt in
1076 2164 2014 2239 Kostüm des 17. Jahrhunderts. Er hat ein Mäd¬
131 2205 1068 2256 der scharf=realistischen Bilder, die er entrollt,
2033 2209 2963 2261 Kontrast gesetzt wird und aber nur beim Lesen
1089 2217 2020 2280 chen, das ihn liebegirrend auschwärmt, er hat
139 2228 1072 2295 offenbar die lebhafteste Erörterung gefunden. Be¬
2024 2232 2964 2304 die beabsichtigte Wirkung erreichen kann, mußte
1079 2258 2021 2322 klingende Dukaten in seinem Geldbeutel, die er
129 2275 1069 2341 kanntlich hat sich eine Stimme erhoben, die das
2026 2274 2966 2340 eine Aufführung auf der Bühne gefährlich er¬
1088 2311 2007 2364 im Würfelspiel durch ein unfehlbar zum Gewinn
133 2324 1068 2391 Polizeiverbot noch als den günstigsten Ausweg
2024 2315 2962 2393 scheinen, besonders, wenn die Darsteller das Ganze
1088 2345 2021 2404 führendes System den Studenten abgenommen
2032 2362 2964 2432 als Puppenspiel auffaßten, wie es hier in einem
137 2357 1073 2427 zur Vermeidung peinlicher Konflikte bezeichnete,
1083 2386 2016 2447 hat, ein Leben voll Glück und voll Erfolg winkt
139 2404 1079 2471 da sich — wie es heißt — die Darsteller selbst
2019 2406 2961 2485 Grade geschehen ist, der dem Einakter am aller¬
1084 2424 2027 2493 ihm, aber ihn treibt es zu der „elendsten, herr¬
139 2444 1074 2515 gegen die Aufführung der Szeuen aufgelehnt
2025 2447 2965 2508 wenigsten frommen konnte. Es war freilich schwer,
1098 2456 2024 2535 lichsten, schönsten“ Tänzerin Lambriani, die heute
140 2492 1071 2555 hätten, in denen sie eine Herabwürdigung ihres
2037 2491 2972 2564 einem größeren Publikum die bizarre Bilderreihe
1083 2496 2035 2592 für einen Groschen zu haben ist und morgen
143 2534 1076 2593 Standes erblickten. Das Gerücht von einer so
2028 2521 2972 2597 nahe zu bringen, aber die gar zu parodistisch¬
1082 2556 2005 2632 zehntausend Goldstücke für einen Kuß auf die
140 2579 1073 2643 sonderbaren Stellungnahme der Schauspieler
2030 2582 2976 2641 dratzieherischen Bewegungen der Schauspieler ha¬
1094 2597 2022 2666 Fingerspitzen fordert. Und um der Launenhaften
140 2617 1078 2686 gegen den Dichter sei nur darum verzeichnet, weil
2035 2611 2972 2682 ben — trotzdem sie augenscheinlich im Einver¬
1084 2642 2022 2703 willen, die er vor Monaten als blöder, schüch¬
2035 2666 2972 2725 ständnis mit dem Dichter erfolgt sind — nur die
136 2657 1074 2732 sich voraussichtlich baran noch mancherlei Aus¬
1089 2679 2027 2757 terner Junge auf der Bühne des Städtchens
138 2703 801 2779 einandersetzungen knüpfen werden.
2105 2706 2982 2776 solchen Fällen immer billigen brastischen
2028 2722 2110 2774 in
1086 2735 2022 2788 auftreten sah, verläßt er die schöne, gute Sophie,
2039 2745 2975 2814 Effekte erzielt, aber dem Stück seinen einzigen
215 2759 1082 2831 Von den beiden einaktigen Stücken, die übrig
1089 2771 2020 2839 die bei seinem Abschied heiße Tränen, weint. Ge¬
2040 2783 2991 2872 Reiz genommen. Ceterum censeo, es hätte nicht
146 2809 1082 2867 blieben, war „Der grüne Kakadu“ in Berlin
1096 2826 2026 2883 rade in der Abschiedsstunde bricht mit allem Un¬
2030 2843 2549 2909 aufgeführt werden sollen.
148 2851 1079 2911 durch eine vorzügliche Aufführung in dem da¬
1088 2847 2030 2919 gestüm sein Vetter „der tapfere Cassian“ in die
2122 2877 2980 2952 Von ganz anderem Schlage ist Schnitzlers
144 2892 1086 2955 mals von Brahm geleiteten Deutschen Theater
1104 2905 2027 2961 Mansardenstube Martins herein. Er kommt aus
2034 2931 2979 2989 lebensvolle, geistsprühende Groteske „Der
142 2936 1082 2999 schon bekannt (auch im Schillertheater war er
1101 2940 2020 3007 so vielen Abenteuern her, daß ein anderer mehr
2038 2966 2982 3037 grüne Kakadu“. Ueber die überaus freund¬
143 2979 1088 3039 schon aufgetaucht) und „der tapfere Cas¬
1105 2984 2024 3046 Mühe hätte, sie zu erfinden, als es ihm gemacht
2049 3022 2983 3077 liche Aufnahme, welche die von früher her be¬
151 3023 1084 3085 sian“ der Dienstag zum allererstenmal auf der
1096 3038 2023 3092 hat, sie zu bestehen.“ Und schnell hat der laute,
2046 3058 2986 3122 kannte Dichtung im Kleinen Theater trotz man¬
147 3063 1087 3121 Bühne erschien, hat nicht Lebenskraft genug, sich
1097 3065 2028 3130 heftig loslegende Kriegsmann die Gunst der
2050 3101 2988 3165 cher Unebenmäßigkeiten der im Großen und Gan¬
151 3103 1093 3179 dort zu behaupten. Es war von vornherein kein
1097 3103 2033 3179 kleinen Sophie erworben. Im Handumdrehen
2043 3138 2994 3209 zen trefflichen Darstellung gefunden hat und über
153 3149 1093 3215 gesegneter Einfall, diese kleine, kühl=ironische
1106 3154 2029 3217 nimmt er seinen Vetter beim Würfeln alle Du¬
2048 3187 2995 3251 den Erfolg des Hrn. Moissi als Heuri, dem
149 3196 1098 3250 Szene, die man beim Lesen gern als anmutigen
1097 3195 2035 3263 katen ab, und als ihn Martin beschimpft, sticht
2051 3226 3003 3299 nur immer noch die fremdartige Aussprache vor¬
147 3250 1089 3290 artistischen Scherz hinnimmt*) auf die heißen
1106 3244 2032 3303 er ihn im Zweikampf nieder. Sophie, die vorher
2053 3273 3000 3357 geworfen wird, wurde bereits telegraphisch be¬
154 3277 1094 3332 Bretter zu zerren. Dazu reichten diesmal schon
1097 3281 2039 3342 bei jedem Windhauch um Martin gezittert hat,
155 3319 1095 3377 die geringen Mittel der Erfindung nicht. Und
2051 3329 2227 3400 richtet.
1108 3319 2038 3390 kümmert sich jetzt gar nicht mehr um den tödlich
157 3370 1092 3419 das Huschende, Schemenhafte, das bei der Lektüre
1103 3372 2050 3427 Getroffenen, sondern fragt nur Cassian, ob ihm
2140 3354 2590 3448 Berlin, 23. November.
152 3403 1090 3462 diesem dramatisierten Spottlied auf das tolle
2649 3389 3004 3486 Dr. J. A. B.
1103 3413 2051 3474 nichts geschehen sei.“ Und als ihr dieser offen
146 3442 1095 3506 Zufallsspiel des Lebens einen gewissen Reiz ver¬
1098 3451 2047 3514 eingesteht, daß auch er zur Lambriani wolle,
156 3481 1091 3544 leiht, wird im Theatersaal — und sei er noch so
1099 3488 2056 3562 stürzt sie sich verzweifelt zum Fenster hinaus.
2222 3480 2994 3560 Neues deutsches Theater. Heute
163 3523 1096 3590 intim — zu einer Unmöglichkeit. Die Burleske
1110 3541 2034 3602 Der Tausendfassa, der ihr nachgesprungen ist,
2057 3536 2994 3603 (Freitag) wird Blech=Batkas „Alpenkönig und
152 3571 1094 3627 spielt nach dem dreißigjährigen Kriege und läßt
1117 3580 2041 3650 fängt sie in der Luft auf und fährt mit ihr und
2055 3588 2995 3645 Menschenfeind“ gegeben, welcher Vorstellung die
155 3613 1093 3681 den alten miles gloriosus wieder einmal in der
1100 3623 2038 3688 mit Martins Dukaten in der von seinem Vetter
2052 3627 2995 3689 Familie Wagner beiwohnen wird. Die General¬
149 3665 1091 3723 Gestalt des prahlerischen „tapferen“ Cassian auf¬
1597 3664 2042 3719 zur schönen Tänzerin
1103 3673 1528 3734 bestellten Postkutsche
2049 3668 3002 3733 probe des „Kobold“ findet Samstag in Kostüm
150 3692 1095 3767 erstehen. Das Dasein ist ein Faschingstanz, der
1102 3702 2044 3768 Eleonora Lambriani. Martin läßt sich sterbend
2048 3712 2995 3770 und Maske bei voller Beleuchtung statt. Auf
154 3744 1091 3802 umso wüster wird, je verträumter wir ihm ge¬
1116 3746 2037 3811 noch die Flöte reichen, bläßt melancholisch auf
2061 3760 2993 3816 vielfache Anfragen wird mitgeteilt, daß ein Ein¬
162 3780 1100 3851 genüberstehen, je mehr wir an seinen Werten,
1111 3786 2048 3855 ihr ein paar Töne und verabschiedet sich dann
2056 3796 3003 3864 laß zu dieser Generalprobe nicht zulässig ist.
155 3829 1100 3888 anstatt sie festzuhalten, herumklügeln. Ein solcher
1119 3831 2038 3908 von dem Leben mit den Worten: „Es ist bitter,
2061 3851 3000 3902 Der Beginn der Vorstellung am Sonntag, den
162 3875 1104 3930 Träumer und Schwerenöter, freilich nicht ganz
1110 3873 2052 3946 allein zu sterben, wenn man eine Viertelstunde
2062 3879 3011 3956 27. d., ist auf 4 Uhr nachmittags angesetzt. In
163 3910 1101 3987 harmloser Natur, ist Martin, eine Neuauflage
1108 3912 2060 3990 vorher geliebt, wohlhabend und der herrlichsten
2125 3939 2986 4021 *) Die Erstaufführung von Fuldas „Maskerade“
1109 3959 2058 4029 Hoffnungen voll war. Wahrlich, es ist ein übler
2063 4007 3000 4059 fiel mit dem Schnitzlerabend zusammen, drum- lassen
1112 4009 2049 4063 Spaß, und ich bin eigenklich gar.nicht gelaunt,
253 4021 1102 4075 *) Sie ist im Feberheft des letzten Jahrgangs der
1123 4045 3002 4111 Flöte zu spielen.“ Er läßt die Flöte fallen und lassen wir einen Bericht über die Aufnahme des Fulda¬
156 4059 1103 4123 von S. Fischer in Berlin herausgegebenen Monats¬
2059 4079 2939 4145 schen Stückes in Berlin aus anderer Feder folgen.
1110 4099 1920 4158 stirht. In der Ferne klingt das Posthorn.
164 4112 902 4167 schrift „Die Neue Rundschau“ erschienen.
2238 4118 2443 4156 R S
2495 4124 2621 4168 Seennne
1143 4138 1197 4176 —
