3392 4352
154 314 1319 392 11. Der tapfere Cassian
836 1687 1513 1770 Kleines Theater. Juni
732 1749 1561 1812 Arthur Schyitzler, dem der gestrige Abend im
636 1801 1559 1854 Kleinen Theater gewidmet war, ist eine den Roman¬
642 1832 1565 1891 tifern verwandte Natur. Wenn — um gleich den
643 1880 1533 1936 größten von ihnen als Veispiel heranzuziehen —
655 1918 1564 1965 einen Heinrich von Kleist wiederholt der Gedanke
659 1944 1568 1997 des Ineinanderrinnens von Traum und Wachen,
649 1981 1576 2038 das Traumwandeln und der Somnambulismus, be¬
651 2019 1570 2079 schäftigt haben, so läßt ihn das Problem der Wirk¬
658 2056 1568 2120 lichkeit und des Scheins, des Spiels und Lebens
660 2101 1576 2150 nicht aus dem Bann. Immer wieder nähert er sich
663 2133 1573 2203 ihm, um ihm mit Künstlerhand neue Gestalt zu
653 2183 871 2235 verleihen.
743 2201 1575 2265 Freilich was ihn so anzieht, ist nichts Ge¬
655 2243 1570 2290 ringeres als das Problem der Kunst. Goethe sagt
663 2283 1575 2342 einmal in der tiefsten Ertlärung, die für den Ur¬
675 2310 1585 2384 sprung der dramatischen Dichtung je gegeben worden
680 2355 1583 2413 ist, daß dieses Leben für unsere Seele viel zu kurz
683 2392 1575 2463 sei, und daß der Dramatiker es deshalb erweitere,
678 2433 1583 2491 indem er seine Existenz über die vieler Menschen
678 2471 1585 2531 aus allen Zeiten ausdehne, mögen sie Könige, Ritter,
669 2508 1590 2563 Damen, Strolche oder Dirnen sein. Daß das
681 2542 1583 2610 gleiche auf den Schauspieler zutrifft, versteht sich
683 2581 1578 2640 ohne weiteres. Also Spiel geben sie statt Leben,
682 2619 1587 2672 Schein für Wirklichkeit. Aber wie weit ist das über¬
679 2652 1598 2708 haupt möglich, müssen nicht in der Wirklichkeit die
687 2693 1596 2750 Wurzeln des Baumes liegen, der seine Blätter im
679 2724 1594 2783 luftigen Spiele wiegt? Freilich, hierdurch gewinnt
689 2769 1592 2836 ja die Kenntnis der Schicksale und der Persönlichkeit
691 2808 1594 2862 eines Dichters soviel Wert für die Erklärung seiner
686 2835 1608 2901 Werke, und umgekehrt gewinnen wir bei ihm, wie
687 2878 1605 2933 bei dem Schauspieler, aus ihrem „Spiel“ Einblick;
696 2914 1607 2979 in ihre menschliche Eigenart. Wer zieht die Grenze,
699 2955 1605 3012 wo die Maske im Kunstwerk durchsichtig wird oder
693 3004 1606 3055 fällt? Ja weiler, ist das Spiel eines Dramatikers
694 3045 1610 3086 oder Schauspielers nicht sein wahres geistiges Leben,
694 3065 1609 3126 während er sonst über sich und die Wirtlichkeit seines
696 3114 1612 3167 Seins wenig zu berichten weiß? Und sagen wir
690 3148 1610 3197 uns alle nicht oft im Spiel und Scherz Wahrheiten,
690 3180 1626 3238 an die wir im Ernst, in der Wirklichkeit kaum zu
693 3227 1010 3290 rühren wagten?
783 3239 1617 3309 Es ist also kein Wunder, daß dies Problem
690 3305 1627 3348 gerade einen Dichter unablässig beschäftigt, und
691 3326 1623 3385 daß er wieder auf die Welt der Kunst, das Schau¬
687 3366 1614 3426 spiel, die Schauspieler oder doch den Kunsigenuß als
699 3397 1624 3460 natürliches Milien verfällt, um seinen Gedanken
698 3462 1626 3494 Ausdruck zu geben. Das trifft auf beide Stücke zu,
693 3476 1627 3544 die wir gestern im Kleinen Theater sahen
700 3518 1634 3579 „den grünen Kakadu und „den
876 3552 1621 3615 ren Kassian, das gilt auch
699 3570 856 3622 tapfe
696 3590 1621 3662 von anderen, wie etwa „der Frau mit dem
868 3626 1625 3680 „Der grüne Kakadu“ ist wohl eins der
702 3640 868 3696 Dolch“.
693 3660 1637 3747 bestgemachten Stücke, die wir haben, vielleicht über¬
1468 306 1983 389 box 34/10
2131 1064 2360 1128 S
1561 1115 2472 1173 haupt das besie in dieser Hinsicht. Wie der Dichter
1576 1156 2481 1222 hier Spiel und Leben verstrict, bis er seinen Per¬
1573 1202 2488 1259 sonen den Boden unter den Füßen wegzieht, und
1573 1231 2487 1294 jeder einmal irrt, indem er Schein für Wirklichkeit
1569 1270 2495 1317 oder Wirklichkeit für Schein nimmt — wie der Schau¬
1572 1306 2486 1363 spieler Heuri aus einem leisen, leisen Argwohn
1574 1342 2490 1403 gegen seine Frau eine Rolle erdichtet, und diese er¬
2108 1382 2483 1436 all das hat Schnitz¬
1569 1386 2104 1445 dichtete Rolle Wirklichkeit ist —
1568 1416 2407 1483 ler mit feinstem Geist meisterhaft durchgeführt.
1656 1451 2490 1509 Die gestrige Neuheit „Der tapfere Kassian“ ist
1565 1493 2489 1543 (.n Puppenspiel. Was uns Schnipler hier geben wollte,
1580 1545 2494 1587 war wohl wieder die Wirklichkeit hinter scheinbarem
1580 1569 2502 1625 Spiel. Er läßt seine Figuren sich wie steife Pup¬
1576 1614 2495 1663 pen bewegen und automatisch reden. Zwei Lieb¬
1583 1644 2493 1705 Faber treten in dem Stück auf, der tapfere Kassian
1579 1675 2495 1737 und der schlichiere Martin, dem seine Sophie von
1585 1708 2494 1778 Kassian abgejagt wird. Schnitzler wollte wohl die
1576 1740 2502 1810 Urtypen der dramatischen Kunst hinstellen. Piötzlich
1579 1790 2492 1845 sollte uns das Schwanken ankommen, als ob sich
1579 1818 2498 1896 hinter diesen drei kindischen Figuren die ganze Welt
1588 1866 2508 1927 unseres Schauspiels, ja unseres Lebens berge, als
1582 1908 2501 1966 ob dies Spiel wirklicher sei, als alle Wirklichkeit.
1589 1940 2508 2009 Ist ihm das gelungen? Meiner Ansicht nach nur rein
1594 1976 2507 2035 verstandesmäßig, das aber besagt in der Kunst
1584 2017 2512 2080 wenig; mein Empfinden ist nicht schwankend ge¬
1597 2066 2517 2111 worden. Ich sah nichts anderes vor mir, als eine
1590 2098 2526 2160 barocke und lustige Parodie des Puppenspiels, einen
1595 2139 1880 2197 Fastnachtsscherz.
1678 2150 2522 2220 Die Darstellung beider Stücke war gestern
1602 2211 2522 2262 meisterhaft. Im „grünen Kakadu“ stand das Zu¬
1602 2230 2518 2299 sammenspiel auf so hoher Stufe, daß es unmög¬
1594 2270 2520 2338 lich ist, einzelne Schauspieler hervorzuheben, ohne
1608 2329 2521 2375 fast den ganzen Theaterzettel abzuschreiben¬
1594 2349 2518 2405 Alexander Moissi spielte zum ersten Male
1613 2388 2518 2449 am Kleinen Theater eine führende Rolle, die frei¬
1609 2423 2523 2500 lich in dieser Umgebung seine Kräfte noch etwas
1797 2461 2522 2521 Im „tapferen Kassian“ brachten
1604 2480 1790 2531 überstieg.
1601 2501 2531 2553 Gertrud Eysold und Alexander Ekert
1610 2532 2519 2604 den Stil des Puppenspiels vortrefflich zum Aus¬
1603 2591 1723 2650 druck.
1702 2586 2529 2669 Während nach der Neuheit der Beifall des
1605 2660 2531 2712 Publikums schwach war, ruhte es nach dem „grünen
1611 2701 2528 2751 Kakadn“ mit seinen stürmischen Beifallskundgeben¬
1616 2724 2535 2791 gen nicht früher, als bis der Dichter endlich nach¬
1611 2761 2529 2836 gab und jetzt noch vor der Rampe erschien. O. A. „
