3392 4320
1879 228 2316 298 —.—
452 287 558 364 h
1444 286 1906 397 box 36/5
105 295 1309 392 1. Panb lets offprints
780 892 2290 949 Dr. Karl Völker, Der Krieg als Erzieher zum deutschen Idealismus. 261
618 1031 2324 1117 physikalisch=chemische Vorgänge zurückzuführen. Alles, was ist, ist demnach
619 1117 2321 1172 durch die gesetzmäßig sich abwickelnde Bewegung des Stoffes bedingt. Diesem
626 1158 2313 1215 wurden auch die organischen Vorgänge, das Leben, der Mensch, die Seele
624 1226 2321 1296 unterworfen. Das Seelenleben wurzelt nicht, wie es der Idealismus haben
623 1278 2310 1352 wollte, in einer höheren geistigen Seinsweise, sondern ist lediglich eine Er¬
617 1337 2309 1401 scheinung, welche der Stoff neben vielen anderen hervorbringt. Die Seelenvor¬
608 1395 2318 1446 gänge sind im Gehirn lokalisiert, jeder äußere Reiz an der bestimmten Stelle
617 1455 2313 1522 des Gehirns löst einen ganz bestimmten seelischen Vorgang aus. In dem von
616 1521 2303 1591 Wilhelm Wundt in Leipzig eingerichteten Institut für Experimentalpsychologie
620 1575 2299 1644 wird die Seele daraufhin untersucht. Die Seelenkunde wird eine Art Natur¬
613 1628 2311 1685 wissenschaft. Das Seelenleben ist nicht der Ausfluß des Geistigen, sondern der
616 1691 2310 1769 Geist das Produkt des Stoffes. Durch volkstümliche Schriften von Büchner,
625 1748 2314 1811 Moleschott, Karl Vogt, die reißenden Absatz fanden, werden diese Gedanken
613 1805 2310 1881 in die breite Masse des Volkes hineingetragen und verdichten sich bei dieser
621 1868 2315 1938 zu einer ausgesprochen materialistischen Weltanschauung. Bei der gebildeten
619 1931 2308 1997 Oberschichte ist der Begriff „materialistische Weltanschauung“ verpönt, aber im
621 1989 2314 2038 Denken und Handeln ist sie von ihr stark beeinflußt. Nüchterne, ruhige Wirk¬
610 2048 2310 2111 lichkeitsmenschen, welche sich durch Stimmungen von dem einmal einge¬
625 2107 2314 2171 schlagenen Ziel nicht abbringen lassen, im Kampf mit Naturgewalten, von
615 2163 2309 2237 denen sie sich abhängig wissen, hart geworden sind in dieser Umwelt empor¬
613 2222 878 2294 gewachsen.
723 2275 2308 2358 Ihren Niederschlag findet diese Stimmung in der Richtung der zeitge¬
621 2336 2306 2406 nössischen Literatur, welche man mit Rücksicht auf ihre Herkunft Naturalismus
614 2400 2320 2457 bezeichnet. Die beliebtesten und gefeiertesten Schriftsteller gehören ihr an: Gerhard
617 2458 2309 2519 Hauptmann, Hermann Sudermann, Karl Schönherr, Max Halbe, Arthur Schnitzler,
607 2519 2309 2590 Otto Ernst, Gustav Frenssen, Hermann Bahr, Rudolf Hans Bartsch, Felix Salten
620 2574 2309 2631 u. a. m. Es sind nicht überragende Helden, Träger weltbewegender Ideen, sondern
616 2631 2308 2683 Wirklichkeitsmenschen aus dem Leben herausgegriffen, welche sie künstlerisch
621 2689 2303 2754 gestalten. Nicht hochfliegende Gedankenzusammenhänge, starke Willensmotive
607 2753 2315 2806 bestimmen deren Tun, sondern vielmehr sind sie in ihren Entschlüssen abhängig
617 2811 2304 2875 von natürlichen Zusammenhängen. Besonders deutlich wird dies an dem
607 2870 2306 2942 neuesten Schauspiel Schönherrs dem „Weibsteufel“: Drei Menschen, Er, Sie und
618 2925 2309 2999 der Andere, die zugrunde gehen, weil die Triebe, die durch ihr Zusammentreffen
607 2982 2311 3044 in ihnen erwachen, stärker sind, als daß sie sie bezwingen könnten. In
615 3046 2297 3103 dem viel bewunderten „Glaube und Heimat“ ist der Glaube nicht als Bekennt¬
618 3106 2299 3178 nistreue gefaßt, sondern als ein Trieb, der stärker ist als der Trieb zur Heimat.
620 3153 2309 3238 Rott gesteht e# seiner Frau unumwunden zu, er wisse eigentlich gar nicht,
615 3222 2306 3285 weshalb er so handle, es treibe ihn eben so. Der naturalistische Determinismus
614 3295 2305 3358 wird an erblich belasteten Gestalten verdeutlicht. In Gerhard Hauptmanns
623 3365 2302 3418 „Vor Sonnenaufgang“ opfert der Doktor Helene, weil er infolge der Trunk¬
620 3402 2300 3475 sucht von deren Vater für seine Nachkommenschaft fürchtet. Mit Heldengestalten,
605 3457 2309 3527 die einen Schiller und Goethe begeistert haben, weiß diese Richtung nicht viel
611 3519 2306 3589 anzufangen. Sein Bismarck=Epos hat Frenssen bald aus dem Buchhandel
610 3593 2301 3653 zurückgezogen und Gerhard Hauptmanns Festspiel anläßlich der Breslauer
618 3642 2313 3725 Ausstellung hat ebenfalls nicht eingeschlagen. Es liegt mir vollständig ferne,
1243 4147 1373 4226 WNN
