3392 4320
1205 287 1298 348 ts
1468 271 1931 372 box 36/5
120 272 1319 387 1. Panphlets offpr in—
711 924 2194 978 Dr. Karl Völker, Der Krieg als Erzieher zum deutschen Idealismus. 257
535 1040 2238 1131 Der Idealismus gehört auf die Linie der Betrachtungsweise, welche das
531 1120 2247 1177 Wesen der Dinge als ein geistiges Sein erfaßt. Man unterscheidet zwei Arten
546 1190 2243 1259 des Idealismus: den metaphysischen oder ontologischen und den erkenntnis¬
534 1235 2217 1293 theoretischen. Der erstere nimmt als Prinzip der Welt etwas Geistiges an —
533 1297 2243 1364 alles, was ist, verdankt seinen Ursprung dem geistigen Urgrund der Dinge,
539 1367 2238 1433 der jenseits alles Geschehens liegt. Durch Platons Ideenlehre hat sich dieser
539 1429 2240 1491 Idealismus in der Geistesgeschichte der Menschheit durchgesetzt. Der erkenntnis¬
532 1478 2247 1548 theoretische Idealismus geht nicht von dem Urgrund aller Dinge aus, sondern
535 1539 2240 1608 stellt zunächst die Frage nach der Art und der Möglichkeit einer wissenschaft¬
532 1592 2244 1653 lichen Erkenntnis. Diese beantwortet er dahin, daß wir die Dinge nur so zu
540 1654 2239 1719 erkennen vermögen, wie sie sich in unserem Bewußtsein spiegeln, d. h. wir
547 1721 2248 1782 gelangen zu einer Erkenntnis der Welt durch die Vermittlung unseres Geistes.
543 1780 2249 1846 Zwischen diesen beiden Arten besteht kein Gegensatz, sie gehen ineinander über,
538 1842 1667 1904 das Geistige ist Erkenntnisgrund und Weltprinzip.
646 1892 2250 1955 Der Idealismus hat seine besondere Ausprägung erhalten im sogenannten
543 1946 2243 2001 deutschen Idealismus. Wir verstehen darunter den Abschnitt in der Kulturgeschichte
540 2007 2241 2056 unseres Volkes, der in der Literatur die Klassik und Romantik umfaßt, in
546 2076 2251 2138 Schiller und Goethe seinen Höhepunkt erreichte und der in der Philosophie
544 2124 2246 2182 im Anschluß an Leibniz mit Kant einsetzte und mit Hegel unterging. Zur
547 2184 2257 2243 Verdeutlichung der besonderen Art dieses Idealismus vergegenwärtigen wir
538 2239 1943 2301 uns kurz die Denkweise der Philosophen dieses Zeitabschnittes.
652 2296 2254 2366 Der moderne deutsche Idealismus wurzelt in Kants Kritizismus. Der
540 2358 2237 2427 Königsberger Denker hat gegenüber dem Wolffschen Dogmatismus, der be¬
551 2414 2251 2487 hauptete, daß der Mensch sich über alles: Gott, Welt, Seele vernünftige
553 2471 2251 2539 Gedanken bilden könne, und dem Skeptizismus Humes, der die Erfahrbarkeit
543 2535 2246 2602 äußerer Dinge in Frage stellte, die Grenze gezogen, inwieweit überhaupt die
550 2610 2243 2665 Erkenntnis möglich sei. Nach Kant sind uns Anschauungsformen, Raum und
532 2647 2250 2738 Zeit a priori gegeben, mit deren Hilfe der Verstand alle Eindrücke von außen
541 2721 2242 2783 ordnet. Die Außenwelt besteht für uns nur so weit, als sie der Verstand in
541 2776 2246 2840 unser Bewußtsein gelangen läßt. Sie entschwindet uns und es steigt uns auf
543 2828 2244 2899 ehrfurchtsvoll gebietend die Größe unseres eigenen Geistes. Unserem Geist
548 2898 2254 2963 wohnt das Streben nach Vollständigkeit inne und so erfaßt die Vernunft ein
546 2953 2251 3014 dreifaches Ziel, die drei „Ideen“ die Zusammenfassung unserer Innenwelt
555 3002 2242 3076 — Seele, die der äußern Welt — Natur und die Zusammenfassung beider
544 3063 2245 3126 — Gott. Die Philosophie Kants ist nicht reiner Idealismus in dem Sinne,
534 3135 2251 3197 daß der Geist alles schafft. Das Ding an sich entzieht sich unserer Erkenntnis,
551 3184 2246 3256 es bleibt also ein bedeutendes Etwas übrig, dessen unser Geist nicht Herr wird.
550 3245 2245 3326 Kants Kritizismus bildet Johann Gottlieb Fichte zum absoluten Idealismus
549 3295 2245 3363 um. Der Menschengeist schafft nach ihm die Gesamtwelt seines Bewußtseins.
551 3370 2242 3423 Es gibt nur das Ich und das Nichtich; aber dieses nur so weit, als es das
544 3414 2239 3482 Ich setzt. Das Ich bewährt sich vor allem im sittlichen Handeln. Fichte hat
542 3472 2250 3555 die Natur bloß als Mittel zur sittlichen Betätigung des Menschen gewürdigt.
549 3548 2238 3601 Diesen Mangel sucht Friedrich Wilhelm Josef Schelling zu beheben, indem
542 3601 2250 3667 er Natur und Geist als die beiden gleichwertigen Offenbarungen des Absoluten
554 3668 2249 3734 erkennt; aber dieser Weltgrund ist geistig und bringt die Natur aus sich heraus.
609 3723 1212 3802 „Österreichische Rundschau“, XLIV., 6.
