3248 4064
223 122 1073 208 10. Leutnant Gustl
435 526 1201 629 Dr. Max Goldschmidkt
499 611 1126 693 „ „ Bureau für
579 676 1063 772 Zeitungsausschnitte
338 758 1294 812 verbunden mit direktem Nachrichtendienst durch
582 807 1049 874 eigene Korrespondenten.
877 854 1231 934 Telephon: III, 3051.
391 861 715 936 Berlin N. 24.
416 922 1286 982 —
608 978 1012 1064 Ausschnitt aus
646 1201 1069 1293 Die Post, Berlin
856 1548 1119 1642 17.12.03
420 1700 580 1782 Aur
803 1702 1191 1795 ##ird der nächste am
280 1737 1181 1804 21. d. Mts. im Rathause 63 Uhr stattfindende
285 1803 1190 1848 Literarische Abend des Vereins zur Förderung der
289 1839 1188 1886 Kunst gewidmet sein. Dr. Ludwig Bauer aus
284 1873 1183 1918 Wien, dem Dichter persönlich befreandet und über
289 1912 1183 1958 sein Schaffen besonders versiert, wird den Vortrag
285 1951 1186 1988 halten, für welchen diesem von dem Autor mehrere
278 1986 1189 2035 bisher nicht in die Oeffentlichkeit gelangte Arbeiten,
283 2023 1191 2068 so z. B. eine Anzahl lyrischer Gedichte, ausschließ¬
290 2063 1189 2100 lich für diesen Abend überlassen wurden. Proben
292 2093 1189 2140 Schnitzlerscher Kunst wird auch der in Berlin nie¬
287 2136 1189 2181 mals öffentlich vorgetragene „Leutnant Gustl“ in
286 2169 1186 2211 einer von dem Autor verkürzten Form geben. Karten
284 2210 1188 2252 für Nichtmitglieder sind in den Buchhandlungen von
292 2249 1180 2294 Späth, vis-à-vis dem Rathause, Lazarus, Friedrich¬
290 2278 1189 2330 straße, Rosenberg, Potsdamerstraße, sowie im Ver¬
285 2319 1189 2386 ein zur Förderung der Kunst, Brüderstr. 1, Verlag
276 2352 589 2424 Mloch zu haben.
562 2389 634 2434 —
460 2391 535 2434 E
715 2615 1117 2696 Ausschnitt aus
535 2801 1287 2921 Deutsche Tageszeitung, Berlin
969 3075 1229 3158 18.12.03
453 3136 1453 3230 Arthur Schnitzler- wird der nächste am 21. Dezem¬
324 3201 1451 3254 bes im Ra stanfindende Literarische Abend (Anfang 8½
352 3248 1448 3299 hr) des Vereins zur Förderung der Kunst,
325 3288 1456 3336 Gewidmet sein. Dr. Ludwig Bauer aus Wien wird
324 3319 1451 3375 den Vortrag halten, für welchen diesem von dem Autor meh¬
332 3358 1383 3417 rere bisher nicht in die Oeffentlichkeit gelangte Arbeiten,
334 3406 1459 3461 z. B. eine Anzahl lyrischer Gedichte, überlassen wurden. Pro¬
331 3433 1452 3486 ben Schnitzler'scher Kunst wird auch der in Berlin niemals
329 3478 1342 3523 öffentlich vorgetragene „Leutnant Gustl“ in einer
333 3507 1459 3562 dem Dichter verkürzten Form, geben. Karten für Nichtmitglie¬
1391 3556 1468 3603 von
328 3543 1368 3598 der zum Preise von 1,50 M. in den Buchhandlungen
329 3598 1456 3643 Spath, gegenüber dem Rathause, Lazarus, Friedrichstr.
1399 3630 1463 3677 des
333 3634 1348 3678 und Rosenberg, Potsdamerstr., sowie im Bureau
335 3661 1457 3721 Vereins zur Förderung der Kunst, Brüderstr. 1, Verlag Bloch,
339 3708 527 3755 „ hohan
1256 116 1663 211 box 1/11
2074 905 2204 962 Aue
2039 1068 2700 1169 Das Kleine Journai, Berlin
2263 1190 2540 1274 22 12.03
2008 1510 2678 1585 Cheater und Kunst.
2068 1577 2607 1663 Arthur Schnitzler=Abend.
1856 1636 2888 1713 In dem gestern durch den „Verein zur Förderung der Kunst“
1766 1690 2909 1753 im Rathaussaale veranstalteten Arthur Schnitzler=Abend trat
1772 1735 2894 1794 Josef Giampietro, das beliebte Mitglied des Kleinen und
1769 1772 2899 1837 Neuen Theaters, Vorleser auf. Der treffliche Künstler brachte
1781 1825 2896 1892 eine längere Studie „Lentnant Gustl“ von Schnitzter
1776 1864 2902 1930 zum Vortrag, in welcher er alle Vorzüge seinee
2280 1907 2898 1963 Charakterisierungs =Kunst; ins
1783 1920 2049 1972 scharfen und
2051 1913 2283 1976 treffenden
1781 1958 2898 2010 hellste Licht zu setzen wußte. Leutnant Gustl muß der Auf¬
1781 1999 2891 2055 führung eines Oratoriums beiwohnen, weil ihm ein Kamerat
1781 2032 2907 2095 ein Billet dazu geschenkt hat. In fein humoristischer Weise
1776 2082 2902 2138 schildert Schnitzler den Gedankengang des Offiziers, der sich im
1785 2127 2890 2177 Geiste mit tausend anderen Sachen befaßt, da er sich in der
1771 2174 2900 2223 Aufführung herzlich langweilt. Wie alle Aufführungen, so nimmt
1783 2223 2899 2270 auch diese ihr Ende, da passiert dem Leutnant das Malheur, in der
1785 2259 2900 2311 Garderobe einen Streit mit einem Zivilisten zu bekommen. Der
1773 2305 2899 2358 Zwischenfall geht allerdings vorüber, ohne daß jemand von dem
1781 2348 2909 2403 Konflikt Notiz genommen hat, der Leuinant ist indessen beschimpft
1778 2391 2893 2443 worden, ohne den Schimpf gleich blutig rächen zu können und
2844 2434 2895 2486 Fer
1783 2440 2794 2490 steht nun vor dem Selbstmord, da er fürchtet,
1772 2477 2894 2534 Zivilist würde über den Vorfall nicht reinen Mund haltitz.
1779 2518 2915 2576 Die Gedanken des Offiziers jagen sich nun sprungweise in tollste#
1777 2564 2901 2616 Folge. Der Ernst der Situation, der ihn zu allen möglichen
1774 2610 2902 2654 letzten Bestimmungen treibt, gleichgiltige und zwecklosef Er¬
1784 2648 2903 2699 örterungen, humoristische Reflexionen, wehmütige Erinnerufg an
1777 2695 2898 2749 seine Angehörigen, all diese Empfindungen kommen in kscharf
1784 2723 2890 2784 beobachteter Form im Monolog des Leutnants zum Ausdruck.
1771 2780 2897 2835 Und diesen tausend wechselnden Empfindungen schmiegtes sich
1780 2822 2903 2871 Giampietro's Vortrag in geradezu vollendeter Weise an. Es
1781 2867 2890 2930 war bedauerlich, daß der längere Zeit in Anspruch nehmen#
1778 2910 2903 2960 Vortrag an den Schluß der Veranstaltung gelegt woxten
1773 2961 2899 3011 war, ein großer Teil der Zuhörer mußte der vorgerückten S##ude
1781 3001 2896 3057 wegen den Saal vor Schluß verlassen. Dr. Ludwig Baer
1784 3038 2887 3101 aus Wien eröffnete den Abend mit einem längeren Vort###
1784 3076 2909 3143 über Schnitzlers dichterischen Werdegang. Dr. Gustav Manz
1780 3131 2902 3183 brachte einige Gedichte Schnitzlers und im Verein mit Friederike
1780 3177 2905 3228 Stritt aus Dresden einige Szenen aus des Dichters, wie
1785 3215 2906 3268 Dr. Bauer ausführte, reifsten Werk „Der Schleier der Bea¬
1780 3261 2581 3332 trice“ in ausgezeichneter Weise zur Vorlesung.
2730 3255 2863 3328 A. M.
