3296 4128
1257 124 1670 220 box 1/10
240 127 1063 204 10. Leutnant Gust!
1109 1239 1480 1301 Telefon 12801.
799 1327 1852 1408 Weigl's Unternehmen für Zeitungs-Ausschni
1651 1404 1794 1476 Ausschnltt
982 1402 1537 1554 „OBSERVER
747 1525 1849 1632 behördl. conc. Burean für Zeitungsberichto y. Personalnach
764 1610 1817 1720 Wien, IX/1. Türkenstrasse 17.
978 1702 1600 1780 Filiale in Budapest: „Figyelz“
584 1760 1799 1834 Vertretungen in Berlin, Chicago, Genf, London, Newyork, Paris, m
586 1880 1062 1976 Ausschnitt aus:
1138 1958 1758 2091 Die Wage, Wien
580 2013 1013 2120 vom 1/7740
1193 2306 1263 2384 240
762 2365 953 2459 B. 2.
752 2438 1195 2545 Tientenant Gulil.
753 2525 1804 2608 Graf Josef Ledochowski, der im vorigen Jahre vom
638 2571 1795 2669 katholisch=conservativen Standpunkte aus gegen den Duellzwang
633 2635 1801 2710 und die damit zusammenhängenden Paragraphe der bestehenden
627 2685 1793 2768 Militärgesetze Stellung nahm, hiedurch die Ehre des Standes,
626 2728 1801 2812 dem er angehörte, verletzte und seine Officiers=Charge verlor,
628 2792 1794 2865 mag sich trösten. Es ist auch einem Manne aus dem fort¬
630 2829 1793 2912 schrittlichen Lager, der einige Monate später auf anderem Wege
626 2889 1790 2953 und mit anderen Waffen gegen die überkommene Sitte des
628 2926 1798 3009 Zweikampfes aufzutreten versuchte, nicht besser ergangen. Denn
620 2978 1792 3058 die Spitze, welche Arthur Schnitzler in seinem „Lientenant
623 3028 1787 3095 Gustl“ gegen die überhandnehmende Duellmanie und die bis¬
623 3078 1792 3146 weilen recht sonderbaren Fälle kehrt, in welchen eine Civilperson
629 3125 1786 3205 die militärische Ehre zu verletzen in die Lage kommt, ist nicht
616 3180 1783 3254 zu verkennen. Für jeden denkenden Leser ist der „Held der
624 3224 1797 3300 Novelle“ lediglich das Aushängeschild, hinter welchem der Autor
624 3272 1785 3353 seinen eigentlichen Angriff gegen die bestehenden Vorschriften
603 3326 1785 3404 über die Wahrung der militärischen Ehre richtet, Paragraphe,
610 3362 1780 3454 die zum Theile noch dem theresianischen Zeitalter entstammen und
612 3410 1776 3503 deren Reform sich die Kriegsverwaltung mit geradezu elassischer
606 3467 1775 3549 Hartnäckigkeit widersetzt. „Lientenant Gustl“ bildet somit ge¬
617 3520 1789 3591 wissermaßen den Vorwand, die verrosteten Militärgesetze aber
608 3563 1775 3640 und die zahlreichen daraus hervorgehenden Pflichtencollisionen
601 3612 1735 3701 das Ziel, welches der Autor allerdings ins Schwarze trifft.
2020 81 3075 196 Es ist nicht bekannt geworden, ob nun der Vorwand.
1903 164 3071 233 also die Zeichnung einer Charakterfigur vom Schlage „Liente¬
1905 220 3077 291 nant Gustls“ oder aber die oben bezeichnete, eigentliche Tendenz
1907 260 3073 341 der Studie, den militärischen Ehrenrath bestimmt hat, Arthur
1903 312 3073 402 Schnitzler der Verletzung der militärischen Standesehre zu be¬
1907 356 3076 443 gichtigen und auf Verlust seiner Charge als Oberarzt der k. k.
1900 407 3074 487 Landwehr zu ertennen. In keinem Falle dünkt uns dieser
1906 449 3070 541 Schuldspruch auch nur im Entferntesten opportun, obwohl
1893 506 3077 578 eines dieser beiden Momente dem ehrenräthlichen Urtheile
1900 557 3071 634 zweifellos zu Grunde liegt. Die Anschauung, als ob Schnitzler
1908 617 3064 690 durch das Ignoriren eines giftigen Angriffes, den ein soge¬
1897 657 3061 732 nanntes Militärblatt gegen ihn richtete, seine Charge verwirkt
1902 704 3065 790 habe, ist von vorneherein ausgeschlossen, denn abgesehen davon,
1897 754 3069 832 daß sein Aufsatz als solcher und nicht die völlig vereinzelte
1895 797 3063 878 Meinung eines bestimmten Blattes für den militärischen Ehren¬
1893 857 3058 936 rath in Frage kommt, hätte sich Schnitzler, gerade was sein
1899 894 3067 986 militärisches Ansehen betrifft, nach der im Officierscorps herr¬
1895 949 3064 1041 schenden Stimmung eher durch den Beifall, als durch das
1886 1002 2779 1072 abträgliche Urtheil jenes Blattes compromittirt.
1999 1052 3057 1130 Was nun die Tendenz des Aufsatzes anbelangt, dessent¬
1883 1079 3052 1179 willen Arthur Schnitzler seiner Officierscharge entkleidet wurde,
1887 1144 3052 1218 so richtet sich dieselbe weder gegen die Armee, noch gegen das
1887 1196 3064 1279 Officierscorps, kennzeichnet vielmehr in überaus drastischer
1879 1239 3063 1328 Weise das Paradoxe und Unhaltbare gewisser mili ärischer
1886 1284 3059 1380 Begriffe und Vorschriften, welche bisweilen dem Officierscorps
1885 1339 3046 1417 selbst gefährlicher werden als alle persönlichen Mängel und
1881 1392 3049 1481 Fehltritte. Oder ist es etwa unzutreffend, daß moralische Delicte
1947 1457 3048 1516 wie sie „Lientenant Gustl“ aufweist — ausschweifender
1882 1474 3039 1571 Lebenswandel, sittliche Verkommenheit, Schulden, Nachlässigkeit
1887 1542 3042 1619 m Dienste u. dgl. nach den herrschenden Ehrbegriffen dem
1885 1580 3041 1675 Officiere weit eher verziehen werden, ihn lange nicht so herab¬
1877 1628 3042 1712 würdigen, als die Unterlassung des Waffengebrauches bei wirk¬
1877 1680 3043 1768 lichen oder vermeintlichen Beleidigungen, wenn diese auch noch
1879 1738 3042 1822 so muthwillig provocirt wurden? Ist es etwa unzutreffend,
1871 1786 3048 1857 daß zahlreiche, sonst tüchtige Officiere ihre Charge verloren und
1872 1841 3040 1913 noch verlieren, weil sie entweder nicht Geistesgegenwart genug
1865 1885 3050 1961 besaßen, den Moment wahrzunehmen, in welchem sie nach dem
1863 1928 3045 2016 Ehreneodex verpflichtet waren, von der zuständigen Waffe
1864 1978 3037 2064 einem Civilisten gegenüber Gebrauch zu machen, oder aber,
1864 2030 3036 2110 weil sie — wie „Lientenant Gustl“ — aus irgend einer Ur¬
1867 2092 3040 2161 sache daran gewaltsam gehindert wurden? Ebenso zahlreich sind
1865 2130 3042 2208 die Fälle, in welchen Officiere in Ueberschätzung der angethanen
1865 2172 3032 2263 persönlichen Beleidigung, also in unrichtiger Interpretation des
1860 2225 3026 2309 Paragraphen über die „Satisfaction an Ort und Stelle“ gerade
1864 2276 3027 2360 durch den unzeitigen und vorschnellen Waffengebrauch ihre
1861 2323 3041 2394 ause Spiel setzen. Es ist doch wahrlich kein Zeichen,
1858 2376 3019 2438 gesetzlich und gesellschaftlich gesunder Zustände, wenn in einem
1862 2419 3023 2500 Rechtsstaate und im Zeitalter der allgemeinen Wehrpflicht
1856 2467 3009 2548 immer wieder Fälle eintreten, wo ein Officier, der einen wesr¬
1849 2509 3016 2598 losen Civilisten auf der Straße niedersäbelt, das eine Mal frei
1848 2554 3007 2649 ausgeht, das andere Mal schmählich cassiert wird und der gesetz¬
1851 2610 3007 2697 lichen Strafe verfällt, wo dagegen ein Officier, der auf diese
1860 2666 3009 2740 nittelalterliche ultime ratio des Faustrechtes verzichtet, einnal be¬
1857 2712 3009 2784 lobt, das andere Mal mit Verlust seiner Charge und seines Ranges
1848 2760 3009 2840 bestraft wird. Die subtilen Unterschiede, welche der militärische
1845 2808 3010 2890 Ehrbegriff in den vorbezeichneten Fällen herausfindet, die dann über
1857 2858 3013 2932 Sein oder Nichtsein der berreffenden Officiere entscheiden, sind für
1848 2907 3019 2987 den nichtmilitärischen, simplen Juristen zu spitz und auch für den
1846 2965 3010 3037 erfahrensten Officier selten so augenscheinlich, als daß er sich im
1845 2997 3010 3089 Momente, da er vom Leder zieht, unter allen Umständen über die
1844 3053 3000 3133 möglichen Consequenzen seiner Handlungsweise beruhigen könnte.
1849 3102 3008 3192 Deshalb liegt es nur im wohlverstandenen Interesse des
1847 3150 2999 3223 Officierscorps, wenn einmal das Einseitige, Verkehrte, Will¬
1846 3203 2999 3271 kürliche dieser Auslegungen von bernfener Seite ad absurdum
1844 3255 2898 3325 geführt wird, wie es in Schnitzler's „Lientenant Gustl“
2934 3278 2998 3336 ge¬
1848 3302 3009 3379 chieht. Gewisse Philosophien dieses traurigen Helden können
1841 3349 3010 3429 ohne Weiteres auch jedem gebildeten, charaktervollen Menschen
1835 3391 3002 3483 in den Mund gelegt werden und auch der tadelloseste, pflicht¬
1840 3443 2986 3528 eifrigste Officier kann am Ende in Conflicte und Zwangs
1835 3492 2992 3581 lagen und — bei den herrschenden Anschanungen und Vor¬
1839 3541 2992 3632 schriften — auch zu so paradoxen Betrachtungen und verzweifelten
1833 3596 3003 3679 Entschlüssen gelangen, wie „Lieutenant Gustl“ nach einem Aben¬
1838 3657 2892 3702 teuer mit dem ehrsamen Bäckermeister Aden DM
1840 3691 3038 3758 besonders schwachen, moralisch haltlosen, leichtfertigen Charakter¬
1844 3750 3008 3805 zum Träger seiner Novelle wählt, trifft er den Nagel vollends
1844 3794 3017 3841 auf den Kopf, weil gerade solche Naturen — wie die Er¬
1845 3836 3019 3909 fahrung lehrt — am häufigsten an das Standesprivilegium
1844 3894 3014 3958 appelliren, blind im Sinne anerzogener, widerspruchsvoller, da¬
1850 3945 3019 3994 zu geistig nicht verarbeiteter Ehrbegriffe handeln, sich in der
1839 3983 3007 4048 Folge das moralische und materielle Verderben, dem Stande
2842 4033 2969 4072 hopolte
