3204 4096
1258 177 1670 286 box 1/10
244 178 1081 275 10. Leutnant Gustl
720 197 1097 305 a#   1
399 231 691 305 un den e dere uen
1604 744 1789 828 — 510 —
837 824 2550 957 Szene kann doch nicht unbemerkt bleiben! Auf dieser Unwahrscheinlichkeit beruht
834 907 1921 980 aber die ganze Handlung, sie steht und fällt mit ihr.
948 961 2546 1044 Es fragt sich nun: was ist es, das diese Erzählung in den Augen des
837 1001 2550 1095 militärischen Ehrenrats zu einem so schweren Vergehen gegen die Offiziresehre macht,
827 1054 2373 1144 daß er sich veranlaßt fühlte, ihren Autor der Offizierscharge zu entkleiden?
946 1102 2546 1193 Wie es scheint, ist es die Handlungsweise des Lieutenants Gustel; wenigstens
841 1141 2541 1240 schreibt die „Reichswehr“ darüber: „Wo lebt denn ein so jämmerliches, churakter¬
2475 1226 2536 1263 57
835 1199 2518 1292 loses Subjekt, ein so widerlicher Ignorant und Zyniker wie dieser Lieutenant Gustl:
826 1241 2541 1335 Nun, ich denke, die Antwort auf diese Frage ist sehr einfach: überall lebt er, wo es
828 1294 2532 1384 Offiziere gibt! Das soll durchaus nicht etwa eine Herabsetzung des Offiziersstandes
829 1343 2543 1440 sein, das ist nur die Wahrheit und keineswegs eine Schande für diesen, denn dieser
820 1401 2533 1484 Lieutenant Gustl ist weit davon entfernt, ein „jämmerliches Subjekt“ zu sein, sondern
828 1441 2539 1526 ist nicht mehr und nicht weniger als ein Durchschnittstypus, ein Mensch wie er im
832 1491 2531 1585 Zivil und Militär in ungezäylten Exemplaren zu treffen ist; ja er ist sogar ein
833 1540 2536 1633 symnathischer, zum mindesten nicht antipathischer Mensch; freilich ist er ein leicht¬
820 1592 2525 1679 sinniger Patron, der ziemlich gedankenlos in den Tag hineinlebt, keine Bedenken
825 1641 2535 1721 trägt, arge Schulden zu machen, und dessen Horizont nicht viel über den Dienst und
827 1684 2538 1764 die Weiber hinausreicht; aber ich denke, ebendasselbe läßt sich mit vollster Sicherheit
822 1741 2539 1828 und Berechtigung von hunderten von jungen Männern im Allgemeinen und von
813 1787 2530 1879 jungen Offizieren im Besonderen behaupten. Es wir aber niemand einfallen über
815 1826 2530 1912 diese unfertigen, unausgereiften Menschen, aus denen noch tüchtige Männer werden
806 1872 2530 1974 können, wenn sie die Zeit und das Leben einmal in ihre harte Schule genommen
817 1926 2527 2019 hat, den Stab zu brechen und sie als eine Schande ihres Standes in Acht und
818 1981 2525 2069 Bann zu thun. Es ist also auch nicht der geringste Grund dafür da, diesen Lientenant
820 2028 2519 2122 Gustl deshalb ein „jämmerliches Subjekt“ zu nennen. Es ist um so weniger
821 2077 2522 2171 Grund, als dieser junge, leichtsinnige Durchschnittsmensch von dem Moment an, da
808 2116 2517 2216 ihn das Unglück ereilt, bei aller Banalität zu einer gewissen tragischen Größe heran¬
812 2175 2520 2256 wächst, die nicht nur unser Mitleid, sondern unsere vollste Hochschätzung erweckt. Man
813 2216 2513 2310 denke nur: ein junger, lebenslustiger Mensch sieht sich urplötzlich mitten in seinem
810 2265 2512 2362 Jugendglück vor die Alternative gestellt, entweder mit einem Mackel auf seiner Ehre
811 2320 2511 2414 weiter zu leben oder sich zu töten, und ohne sich lange zu besinnen, entschließt er
808 2361 2514 2460 sich, seinem Leben ein Ende zu machen. Darin liegt doch ein gewisser Heroismus,
806 2412 2519 2511 denn man muß sich dabei vor Augen halten, daß der Selbstmord in diesem Falle
797 2469 2514 2550 nicht den einzigen Notausgang bedeutet, der den Verbrecher oder Spieler vor Schande
806 2512 2509 2607 und Elend bewahrt, sondern nur ein freiwilliges Opfer auf dem Altar eines über¬
802 2558 2504 2658 spannten, ungerechten Ehrbegriffes. Lientenant Gustl hat nicht wie der Defraudant
808 2620 2507 2707 oder Spieler eine Schuld zu fühnen, denn er hat nichts verbrochen; es war nichts
797 2663 2504 2754 anderes als ein unglücklicher Zufall, der auf seine Standesehre einen Mackel ge¬
792 2705 2503 2796 worfen hat; seine allgemein menschliche Ehre bleibt unberührt; auch wenn er
796 2750 2507 2859 des Kaisers Rock ausziehen müßte, würde niemand, auch kein Offizier, Bedenken
797 2807 2508 2898 tragen können, ihm die Hand zu reichen.:) Dennoch zieht er den Tod vor. Man
806 2852 2509 2948 sollte nun meinen, ein solcher Mann sei kein „jämmerliches Subjekt“ wie die „Reichs¬
785 2908 2501 2989 wehr“ schreibt, sondern eher ein Held. Warum also der Schimpf? Offenbar nur
796 2949 2493 3046 darum, weil der Lieutenant seinen Entschluß nicht ausgeführt, weil er sich nicht ge¬
786 2991 2500 3089 tötet hat. Nun, ich denke, an seiner Stelle hätte unter tausenden von Offizieren kaum
793 3049 2507 3142 Einer anders gehandelt. Warum auch? der Einzige, der von dem Mackel auf seiner
793 3101 2500 3197 Standesehre gewußt hat, ist tot, und damit ist für ihn jeder hinreichende Grund
785 3142 2501 3231 entfallen, sich das Leben zu nehmen. Ich höre entrüstet einwenden, für den Ehren¬
781 3195 2496 3290 mann müsse es gleichgiltig sein, ob die Verletzung seiner Ehre der Welt bekannt sei oder
778 3245 2497 3336 nicht; es genüge, daß er sich vor sich selber schämen müsse, um daraus die letzten
780 3298 2500 3396 Konsequenzen zu ziehen. Wer dies nicht thut, sei eben ein Feigling. Ganz schön,
899 3374 1360 3479 *) 2 ! (Die Schriftleitung.)
