3204 4096
1257 191 1636 285 box 1/10
850 197 1048 268 Gust
220 190 799 280 10. Leutnant
901 257 1069 290 ———
422 261 776 308 —
1695 693 2322 809 us der Reichshauptstadt.
1595 785 2443 873 ∆ Wenn ich aus meiner Sommerfrische nach
1541 841 2433 917 Berlin komme, wird mir nicht gerade wohler.
1540 886 2438 959 Berlin ist in dieser Jahreszeit niemals ein Vora¬
1540 941 2444 1013 dies; aber so arg wie heue habe ich es sellen ge¬
1553 974 2432 1059 funden. Das liegt nicht an der Temperakur und
1555 1013 2445 1090 an den Himmelhohen Häufern und am Berliner
1564 1062 2439 1135 selbst: das liegt am „Budbeln“. „Budbeln“ ist ein
1564 1111 2436 1176 Berliner Ausdruck, und ich glaube, er ist besonbers
1560 1150 2449 1220 für die pflasteraufreißende Thätigkeit des löblichen
733 1140 1527 1274 vere e h hehtinich Menie Are 1
1566 1192 2451 1272 Magistrats zwischen Frühliug und Herbst erfunden
1173 1195 1526 1269 R AGe Argr
1568 1233 2449 1309 worden. Mau wählt mit Vorliebe diese Zeit, weil
615 1245 1514 1341 soich# gute Sitte wie einen Schlagbauts
1568 1278 2450 1354 de die oberes Hunderttausend auf Reisen zu sein
636 1293 1519 1367 vor jeder natürlichen Regung hier zu Lande auf¬
1561 1324 2452 1399 pflegen, und diese „oberen“ trifft der Fluch der
625 1334 1519 1413 gerichtet hatte. — Wie herzhaft faßte diese das
1575 1366 2456 1435 Straßenausbesserungen am härtesten, weil sie lieber
633 1383 1518 1450 Leben anl Freimüthig, tapfer, sieghaft! Und da¬
1574 1409 2456 1485 fahren als zu Fuße gehen. Im Westen der
639 1423 1521 1509 hinter — man fühlte es doch durch! — schimmerte
1575 1455 2457 1533 Stadt kommt man überhaupt nicht mehr
640 1474 1335 1548 ein warmfühlendes Empfinden handurch.
1573 1505 2456 1568 vorwärts. Da, wo die elektrische Untergrund¬
688 1510 1558 1591 „Seutimental ist die nicht, wie unsere Thüringer,
1568 1544 2456 1624 bahn in Arbeit ist, hat das Terrain einen
645 1551 1533 1636 flüsterte der Provisor vor sich hin, „aber's Herz
1573 1583 2464 1673 genissen alpinen Charakter angenommen; es
645 1608 1529 1680 hat sie doch auf dem rechten Fleck. Offenen Mund,
1570 1643 2458 1705 wichselt angenehm zwischen Höhen und Tiefen,
639 1652 1424 1724 aber auch ’neroffene Hand! Echt berlinisch!“
1581 1671 2464 1742 Sandbergen und schwebenden Brücken, schmalen
688 1683 1539 1766 Seine Gebanken schwirrten wie Zugvögel ein und
1580 1724 2454 1788 Pfaden und gefährlich engen Possagen. Wenn man
652 1730 1528 1812 eus. Von einer Wanderung mit seinem Thef
1580 1760 2467 1836 sich einen Rucksack über die Schultern hängt, einen
638 1777 1533 1850 hotte sie erzählt. Das war jedenfalls das In¬
1584 1807 2467 1883 Eispickel in die Hand nimmt, die Augen zumacht
641 1823 1534 1896 teressanteste gewesen, das er gehört hatte. Denn
1578 1847 2461 1936 nab so, vorwärts tappend, zu jodeln beginnt, kaun
653 1866 1535 1936 nun war ihm eine gewisse Erkenntniß aufgegangen
1583 1892 2474 1969 man sich ohne Kosten in die Alpenwelt versetzt
644 1911 1539 1984 für das merkwürdige Wesen Amberg's seitdem.
1582 1932 2462 2017 fühlen. In der Gegend der Kaiser=Withelm¬
653 1959 1537 2022 Etwas wie eine Wandlung war über den gekommen.
1592 1980 2458 2059 Gedächtnißkirche war es bis vor Kurzem geradetz
652 2010 1542 2077 Vorläufig nur erkennbar in Kleinigkeiten, aber
1585 2027 2473 2095 beängstigend. Da thürmten sich die Berge hoch
654 2040 1545 2120 doch erkennbar für einen, der nun fünfzehn Jahre
1598 2065 2470 2140 auf und zwischen ihnen gähnten tiefe Schluchten,
652 2104 1250 2160 mit ihm täglich im Verkehr stend.
1597 2112 2478 2186 in denen das Grundwasser gurgelte. Jetzt beginnt
696 2129 1548 2205 Zuerst hatte er ihm, dem Provisor, einen Vortrag
1586 2154 2475 2231 sich das Khaos ganz allmählich zu lichten. Es war
656 2176 1542 2250 über Einsiedlerthum gehalten und daß dabei der
1601 2202 2478 2280 bekanntlich ein Wunsch des Kaisers, die elektrische
659 2222 1544 2290 Mensch in seinen Empfindungen unweigerlich ver¬
1596 2246 2475 2316 Bahn hier nicht in den Lüften, sondern unterirdisch
660 2267 1551 2337 knöchern müsse. Die Theorie durch die Praxis zu
1605 2290 2479 2365 zu führen. Die Hochbahn würde dem eleganten
652 2320 1552 2403 erhäuten, war er Abends nach n=un Uhr zu Bier
1601 2328 2485 2406 Stadtviertel viel von seiner Vornehmheft genommen
668 2359 1549 2426 gegangen. Das erste Mal, seitdem Herr Schröder
1601 2372 2481 2451 haben. Zu den zahfreichen stattlichen neuen
664 2402 1549 2459 die Ehre hatte, als Provisor der Apotheke vor¬
2015 2409 2488 2485 um das genannte
1601 2436 2015 2500 Gebäuhen, die sich
671 2438 1552 2519 zustehen. Kaum, daß die Huusthür sich hinter ihm
1602 2463 2481 2533 Gotteshaus gruppirt haben, zählt nun auch das
665 2482 1554 2564 geschlossen hatte, war die alte Ursel durch ein
1602 2500 2491 2582 Liebermanusche Haus, der zweite romanische
672 2525 1553 2593 Seitenthürchen in die Apotheke hineingewankt und
1612 2560 2489 2628 Palazzo des Platzes. Er ist bereits in allen Etagen
676 2571 1566 2647 dann auf einen Stuhl niedergefallen. Mit matter
1608 2592 2493 2665 vermiethet und bewohnt; die Miethslustigen haben
681 2611 1563 2685 Stimme hatte sie hier um etwas Baldrian auf
1612 2636 2490 2716 sich hier rascher gefunden als in dem großen Haus
679 2666 1465 2740 Zucker gebeten zur Beruhigung für das Herz.
1609 2674 2496 2758 jenseits der Kirche. Auch das Prachtcafé der
711 2698 1561 2773 „Jemersch, jemersch, Herr Schröder! Ich bin nicht
1618 2733 2491 2810 Kaiserhof-Gesellschaft im Parterregeschoß soll morgen
686 2747 1564 2821 neugierig und will nichts wissen: aber richtig is
1617 2767 2493 2846 eröffnet werden: riesige Räume mit hoher Wölbung,
1515 2794 1565 2849 ich
679 2795 1507 2867 hier ’was nicht. Ins Wirthhaus! So jange
1618 2812 2504 2889 von gewaltigen Strebepfeilern getragen, und mit
1515 2842 1569 2887 ge
692 2849 1497 2907 ihn kenne, ist das nicht passirt. Ich hab's ihm
1620 2850 2505 2941 gediegener Kostbarkeit ausgestattet. Das Ganze ist
700 2880 1565 2947 ag angesehen hat er mich! Ich dacht wärklich,
1617 2894 2506 2976 ein köstliches Banwerk: wahrhaft monumental in
701 2923 1573 2997 nein Läbenslicht geht aus. „Ich bin Herr im
1619 2946 2502 3023 allen Theilen und von grandioser Gesammtwirkung.
693 2971 1572 3042 hause!“ hat er gesagt, „und kann thun und lassen,
1625 2985 2512 3060 Am Nollendorsplatz beginnt die Hochbahn. In
709 3018 1568 3084 das ich will!“ Und die Augen dabei! Die Augen
1626 3032 2509 3110 mächtiger Höhe über dem Platze, ein Wierwarr
707 3058 1569 3134 is läuft nicht gut ab, Hear Schröder! Denken
1626 3081 2511 3161 von Eiseulinien, Bogen und Brücken und Treppen,
712 3118 946 3182 die an mich!“
1635 3112 2511 3193 erhebt sich der Luftbahnhof. Jules Vernesche
735 3150 1427 3229 Es war denn auch nicht gut abgelaufen.
1627 3157 2514 3234 Phantasie ist hier in die Wirklichseit übertragen
1208 3192 1553 3263 (Fortsetzung folgt.)
1634 3199 2515 3281 worden. Ungeheure Hebewerbe fühnen die Wagen
1616 3257 2519 3335 der Tiefbahn mit spielender Leichtigkeit auf den
