3344 4096
846 182 1067 259 Gust
242 188 797 264 10. Leutnant
1258 184 1658 280 box 1/12
410 247 1080 305 .
1203 363 1645 468 #
895 424 1299 527 Telephön 12801.
515 530 1691 604 Alex. Weigl’s Unternehmen für Zeitungs-Ausschnitte
1447 595 1626 673 Ausschnitt
756 604 1441 734 „OBSERYER“
1604 642 1745 735 76
1521 653 1616 754 Nr.
393 710 1805 795 I. österr. behördl. oono. Buread für Zeitungsberichte u. Personalnachrichten
659 787 1549 883 Wien, I., Concöndiaplatz 4.
423 846 1800 923 ertretungen in Berlin, Budapest, Chicago, Genf, London, Newyork, Parin, Rom,
751 909 1445 980 Stockholm, Kristianis, St. Petersburg.
1164 1018 1510 1106 EIT, WIE
392 1031 867 1118 Ausschnitt aus:
1191 1085 1482 1165 duhe Aezudenl.
470 1169 511 1246 □
616 1213 893 1317 IK·40
486 1410 747 1503 in Dilemma.
658 1445 1410 1529 n heikles Thema, vor dessen Erörte¬
596 1508 1397 1576 ibrigens ein warnendes Exempel gestellt
658 1554 1401 1622 me Arthur Schnizler mußte von der
716 1592 1401 1662 Ruhmes als „Regimentsarzt in der
769 1645 1399 1704 kragensternelose Nacht eines ganz
893 1686 1410 1752 steigen, weil er in seinem
916 1724 1402 1785 traurige Simation eines
844 1762 1412 1826 ern versuchte, der sich gern
797 1818 1424 1872 es aber nicht kann und sich hann
949 1857 1416 1913 mit Selbstmordgedanken
739 1860 916 1931 nders alt
1004 1897 1414 1964 sich ein deutscher
1042 1939 1418 2002 aus dem Reiche be¬
1444 1979 1508 2038 15.
1048 1987 1420 2047 ähnlichen Dilemma
1584 1985 1756 2056 inclusive
1452 2028 1513 2070 28.—
1097 2027 1417 2092 Officier, der vor
1601 2046 1718 2096 Porto.
1451 2064 1524 2111 50.—
1103 2068 1418 2131 mar im Elsaß
1585 2082 1734 2127 Zahlbar
1440 2104 1513 2157 110.—
1116 2111 1411 2172 eine Frau ver¬
1585 2114 1793 2188 im Veraus.
1439 2091 1590 2202 90.—
1149 2157 1413 2217 et er mit der
1435 2164 1785 2242 ussebnitte ist das
1183 2201 1424 2261 el Da rief
1447 2223 1789 2295 auch steht es den
1282 2243 1420 2309 um
1456 2269 1666 2336 zu ändern.
1329 2334 1419 2389 hun,
1434 2327 1789 2407 zug enthalt die
1361 2377 1780 2444 neroner Morgen¬
1452 2430 1779 2483 Wiener Zeitung")
1450 2455 1789 2522 d wirthschaftliche
1470 2505 1791 2573 wird. Diese Mit¬
520 2845 899 2912 gung stand, eitte
484 2895 1422 2959 zu grlangen. Wie immer trotzte mir meine Frau
474 2933 950 2988 unid nahm nichts zurück.
988 2942 1411 3001 Da ich aber Anspruch
486 2966 996 3034 auf standesgemäße
1014 2980 1404 3042 Satisfaction
475 3008 1417 3075 habe und solche nehmen muß, ergriff ich einen
480 3055 1403 3118 Stock und versetzte meiner Frau einige
476 3095 718 3158 Schläge.“
777 3112 1404 3173 Ein ganz falsches Raisonnement!
478 3137 1408 3215 Es ist gar nicht einzusehen, warum sich der
470 3181 1413 3252 Officier nicht selbst hätte fordern können. Das
469 3232 1404 3300 wäré sogar ungeheuer bequem gewesen. Durch
479 3272 1401 3346 eine Ehrenerklärung, die er sich dann selbst, der
471 3314 1403 3387 Geforderte dem Forderer, gegeben hätte, wäre
479 3356 1404 3427 die ganze Geschichte ritterlich aus der Welt ge¬
480 3398 1404 3473 schafft worden. Der Beleidigte hätte damit die
472 3447 1404 3507 unter allen Umständen graße Feigheit vermieden,
480 3488 1404 3549 eine Frau zu schlagen, und sich auf leichte Art aus
471 3527 1398 3602 dem unsinnigsten Dilemm# befreit. Oder wenn
478 3571 1400 3637 schon durchaus geschlagen werden muß, hätte er
481 3615 1401 3689 sich doch selbst geprügelt! Es gehört gewiß mehr
474 3661 1396 3723 Mut dazu, einen königlich preußischen Officier
475 3709 1389 3773 als eine wehrlose Frau zu schlagen. Oder ist
472 3745 1401 3816 die eigene Frau nicht wehrlos? Sei dem wie
471 3788 1391 3856 immer, der Fall ist sehr lehrreich und verdiente
462 3835 1402 3911 eine principielle Entscheidung durch einen ganz
467 3879 1360 3953 geheimen Reservaterlaß eines Kriegsministers.
2077 1806 2120 1870 a
2082 3268 2119 3314 n
2084 2024 2122 2072 1,
2087 2229 2126 2281 O
2075 2268 2124 2332 11
2661 635 3102 738 Cislo 280., strana 3.
2106 643 2354 759 T 7
2239 731 2364 810 70
2104 770 3146 853 -Idem, filosofickon hloubkou. Pokud lätka pri¬
2158 854 3149 916 pousti, podävà auktor vytêzky vedecky pres¬
2156 909 3133 966 né, pokud na zäkladé sich podnikà uvahy obec¬
2152 946 3148 1020 nejsi, vynncuje svym näzorüm nepodminèny
2158 1008 3144 1076 respekt i u tono, kdo z jinych premis vychä¬
2158 1053 3145 1111 zeje, véc hy chapati naklonen byl jinak. Hlu¬
2158 1107 3141 1184 bokym doimem püsobi zaver, jehoz presvéd¬
2157 1160 3141 1218 Civosti #myslenkovem okruhu knihr##nedze
2158 1212 3144 1273 odolati, Ze samovrazda je Ein nemravny. And,
2151 1263 3144 1317 ne mravny; je Ein, ktery by se nemél délat;
2158 1310 3151 1382 na mravni vysi stojici Clovêk neni ho schopen
2151 1364 3144 1437 a spolécnost, v niz sebevrazdivost huji, je otfe¬
2147 1417 3134 1486 sena v mravnich svych zakladech. To nezna¬
2150 1465 3146 1538 menà, ze nad kazdym samovrahem mäme prä¬
2150 1516 3148 1580 vo pohrdlivé pokréiti ramenv na znameni od¬
2150 1567 3138 1647 souzeni: to znamenä, ze se mäme zamysliti
2153 1627 3134 1697 a zkoumati, Cim a jak se spoleënost, a s ni my
2155 1672 3136 1733 sami, odchylila od pravého smèrn a spoluza¬
2150 1727 3138 1792 vinila, ze je nékomu milejsi smrt nez Zivot
2161 1772 3140 1838 Vni. Statisticko-induktivni methodou hleda
2159 1824 3140 1894 priciny samovrazdivosti a to hledäni méni se
2160 1880 3144 1957 s ethicke vyse, s které pohlizi na Zivot sou¬
2156 1930 3139 2000 Casny, v britkon kritiku dnesnich spoleden¬
2151 1978 3135 2031 skych pomérü. Konstatuje, ze samovrahü pfi¬
2155 2032 3145 2096 byvä se vzrüstem podminek, z nichz pochodi
2150 2081 3129 2153 polovzdéläni a ireligiosiaa a tim jsou däny
2145 2140 3145 2198 prostredky k näpravé. Sdürazüuje-li auktor
2149 2185 3129 2255 moment nabozensky, jest t0 zcela oprävnény
2150 2234 3143 2301 düsledek jeho ethického stanoviska, kterym se
2158 2282 3125 2347 neprejudikuje o pomèrn näbozenstvi a mrav¬
2147 2342 3129 2405 nosti. Neni pochyby: budou-li lidé nabozni,
2158 2395 3134 2460 budou mravni a nebudou se vrazditi. Otäzka,
2151 2442 3140 2513 mohou-li a budou-li moci byti näboznymi, zü¬
2145 2488 2481 2568 stävà otevfena.
2238 2547 3130 2621 Masarykovz knihu doporoudeti netfeba.
2139 2599 3135 2669 Jest näs mnoho, kteri jsme zvykli od ného se
2148 2659 3127 2706 uciti. Pouéeni, pobidky k premysleni, ke kon¬
2143 2705 3131 2777 troloväni vlastnich näzorü najde v knize
2151 2751 2311 2812 kazdy.“
3085 2760 3158 2846 1#
2344 2863 2936 2931 Svétová knihovna Ottova.
2217 2911 3144 3014 Svétovà knihovna ma jiz pres Ctyri sta
2134 2968 3159 3055 Gvazkü, vétsinou samé cenné véci. Védecke.
2149 3082 3143 3149 vzhiedu, a misty se väm zdá, ze krädfte architekto¬
2145 3135 3151 3195 nickon vystavon. Tollk kräsy a tiché veleby tkvf
2145 3180 3128 3242 v tech ulicsch. Na hlavnich tffdäch, kde jezdf „tram¬
2149 3213 3142 3279 bahn“ (Zädng Bavorák nefekne tramway!), opije
2144 3262 3136 3334 väs trochu hluku, ale ten prazsky hluk z Ferdi¬
2149 3304 3132 3375 nandky nebo z Müstku to neuf anl z daleka. Lidé
2142 3353 3136 3428 pospichajf, ale nehemzf se. Rfdié tramwaye mä ve¬
2139 3401 3138 3457 lice snadnou präci. Zde nenf horeéného chvatu, zde
2142 3448 3144 3497 kazdg ide rozväzné za svim eilem. Stalo se mi, ze
2144 3489 3132 3565 ##n nat desetkrät potkal isem iednahn öinväba A
