<?xml version="1.0" encoding="UTF-8" standalone="yes"?>
<PcGts xmlns="http://schema.primaresearch.org/PAGE/gts/pagecontent/2013-07-15" xmlns:xsi="http://www.w3.org/2001/XMLSchema-instance" xsi:schemaLocation="http://schema.primaresearch.org/PAGE/gts/pagecontent/2013-07-15 http://schema.primaresearch.org/PAGE/gts/pagecontent/2013-07-15/pagecontent.xsd">
    <Metadata>
        <Creator>prov=University of Rostock/Institute of Mathematics/CITlab/Gundram Leifert/gundram.leifert@uni-rostock.de:name=ONB_Newseye_GT_M1+(htr_id=10810)::::v=2.4.2
prov=University of Rostock/Institute of Mathematics/CITlab/Tobias Gruening/tobias.gruening@uni-rostock.de:name=de.uros.citlab.module.baseline2polygon.B2PSeamMultiOriented:v=2.4.2
prov=University of Rostock/Institute of Mathematics/CITlab/Tobias Gruening/tobias.gruening@uni-rostock.de:name=/net_tf/LA73_249_0mod360.pb:de.uros.citlab.segmentation.CITlab_LA_ML:v=2.4.2
Transkribus</Creator>
        <Created>2019-10-07T10:27:47.759+02:00</Created>
        <LastChange>2019-10-07T16:09:55.917+02:00</LastChange>
        <TranskribusMetadata docId="223911" pageId="9492765" pageNr="205" tsid="16389706" status="IN_PROGRESS" userId="40391" imgUrl="https://files.transkribus.eu/Get?id=EWKAAYODJTPEBTXZWTWJVKCO&amp;fileType=view" xmlUrl="https://files.transkribus.eu/Get?id=XHLYZGBONQXBIYNOLZERIGUE" imageId="6183053"/>
    </Metadata>
    <Page imageFilename="223911_0205.jpeg" imageWidth="3276" imageHeight="4037">
        <ReadingOrder>
            <OrderedGroup id="ro_1711444722132" caption="Regions reading order">
                <RegionRefIndexed index="0" regionRef="r1"/>
                <RegionRefIndexed index="1" regionRef="r2"/>
            </OrderedGroup>
        </ReadingOrder>
        <TextRegion orientation="0.0" id="r1" custom="readingOrder {index:0;}">
            <Coords points="312,240 312,3172 1802,3172 1802,240"/>
            <TextLine id="r1l1" custom="readingOrder {index:0;}">
                <Coords points="888,269 1041,274 1055,261 1067,272 1132,274 1132,210 1071,209 994,228 982,216 961,223 939,203 888,223"/>
                <Baseline points="894,261 919,263 945,264 971,264 996,263 1022,262 1048,261 1073,262 1099,263 1125,266"/>
                <TextEquiv>
                    <Unicode>Gustl</Unicode>
                </TextEquiv>
            </TextLine>
            <TextLine id="r1l2" custom="readingOrder {index:1;}">
                <Coords points="1318,273 1341,278 1371,264 1399,278 1493,274 1535,288 1604,270 1662,288 1663,217 1596,205 1564,221 1531,204 1511,218 1451,204 1410,227 1360,206 1318,206"/>
                <Baseline points="1325,260 1350,262 1375,263 1401,264 1426,265 1452,266 1477,267 1503,267 1528,267 1554,267 1579,267 1605,266 1630,265 1656,264"/>
                <TextEquiv>
                    <Unicode>box 1/9</Unicode>
                </TextEquiv>
            </TextLine>
            <TextLine id="r1l3" custom="readingOrder {index:2;}">
                <Coords points="305,279 854,274 854,205 770,233 677,230 654,209 623,227 509,212 457,242 382,206 353,224 305,212"/>
                <Baseline points="312,266 338,266 365,266 392,266 419,267 445,267 472,267 499,267 526,267 552,267 579,267 606,267 633,267 659,266 686,266 713,266 740,265 766,264 793,263 820,262 847,261"/>
                <TextEquiv>
                    <Unicode>10. Leutnant</Unicode>
                </TextEquiv>
            </TextLine>
            <TextLine id="r1l4" custom="readingOrder {index:3;}">
                <Coords points="489,292 1149,307 1149,272 1057,264 489,270"/>
                <Baseline points="496,290 528,289 560,289 593,288 625,288 657,288 690,287 722,287 754,287 787,287 819,287 851,287 884,287 916,287 948,287 981,287 1013,287 1045,287 1078,287 1110,287 1143,287"/>
                <TextEquiv>
                    <Unicode>„</Unicode>
                </TextEquiv>
            </TextLine>
            <TextLine id="r1l5" custom="readingOrder {index:4;}">
                <Coords points="711,703 1741,695 1764,632 710,646"/>
                <Baseline points="718,695 770,695 822,695 874,694 926,694 978,693 1030,693 1082,692 1134,691 1186,690 1238,690 1290,689 1342,688 1394,687 1446,687 1498,686 1550,686 1602,686 1654,685 1706,686 1758,686"/>
                <TextEquiv>
                    <Unicode>Der Begriff der Standesehre wird verschiedenartig aufgetam.</Unicode>
                </TextEquiv>
            </TextLine>
            <TextLine id="r1l6" custom="readingOrder {index:5;}">
                <Coords points="661,738 1647,734 1764,728 1764,691 661,699"/>
                <Baseline points="668,735 722,735 776,734 831,733 885,733 940,732 994,732 1049,731 1103,730 1158,729 1212,729 1266,728 1321,727 1375,726 1430,725 1484,725 1539,723 1593,723 1648,722 1702,721 1757,719"/>
                <TextEquiv>
                    <Unicode>Vollkommen frei denkende Menschen kennen nur eine äußere Ehre</Unicode>
                </TextEquiv>
            </TextLine>
            <TextLine id="r1l7" custom="readingOrder {index:6;}">
                <Coords points="667,788 1743,772 1768,725 666,741"/>
                <Baseline points="674,774 728,773 782,772 837,771 891,771 945,770 1000,770 1054,769 1108,769 1163,768 1217,768 1271,767 1326,766 1380,765 1434,765 1489,764 1543,763 1597,762 1652,760 1706,759 1761,758"/>
                <TextEquiv>
                    <Unicode>den redlich erworbenen Ruf der von der ganzen sittlichen Welt</Unicode>
                </TextEquiv>
            </TextLine>
            <TextLine id="r1l8" custom="readingOrder {index:7;}">
                <Coords points="675,824 1778,808 1778,767 675,780"/>
                <Baseline points="682,812 736,811 790,811 845,810 899,809 954,809 1008,808 1063,807 1117,807 1172,806 1226,806 1280,805 1335,804 1389,804 1444,803 1498,802 1553,801 1607,800 1662,799 1716,798 1771,797"/>
                <TextEquiv>
                    <Unicode>anerkannten Rechtschaffenheit; aber auch sie geben ohne weiteres</Unicode>
                </TextEquiv>
            </TextLine>
            <TextLine id="r1l9" custom="readingOrder {index:8;}">
                <Coords points="670,861 1767,847 1767,807 669,822"/>
                <Baseline points="676,852 730,851 784,850 838,849 892,848 947,847 1001,846 1055,846 1109,845 1163,844 1218,844 1272,843 1326,842 1380,841 1434,841 1489,840 1543,839 1597,838 1651,838 1705,837 1760,836"/>
                <TextEquiv>
                    <Unicode>zu, daß sich bei der Besonderheit der Fälle und Beziehungen in</Unicode>
                </TextEquiv>
            </TextLine>
            <TextLine id="r1l10" custom="readingOrder {index:9;}">
                <Coords points="675,892 1769,882 1727,840 675,862"/>
                <Baseline points="682,888 736,887 790,886 844,886 898,885 952,884 1006,884 1060,883 1114,882 1168,882 1222,881 1276,881 1330,880 1384,880 1438,879 1492,878 1546,877 1600,877 1654,876 1708,875 1762,874"/>
                <TextEquiv>
                    <Unicode>den verschiedenen Berufen besondere Gesetze des ehrenvollen</Unicode>
                </TextEquiv>
            </TextLine>
            <TextLine id="r1l11" custom="readingOrder {index:10;}">
                <Coords points="672,930 1599,932 1772,923 1772,882 672,893"/>
                <Baseline points="679,925 733,925 787,925 841,924 896,924 950,923 1004,923 1059,922 1113,922 1167,921 1222,920 1276,919 1330,919 1384,918 1439,917 1493,917 1547,916 1602,916 1656,915 1710,915 1765,914"/>
                <TextEquiv>
                    <Unicode>Verhaltens aus der allgemeinen Norm ergeben können. Ihering</Unicode>
                </TextEquiv>
            </TextLine>
            <TextLine id="r1l12" custom="readingOrder {index:11;}">
                <Coords points="675,969 1607,975 1768,958 1768,922 675,930"/>
                <Baseline points="682,964 738,962 795,962 852,961 909,960 965,960 1022,959 1079,958 1136,958 1193,958 1249,957 1306,957 1363,957 1420,956 1477,956 1533,955 1590,954 1647,954 1704,953 1761,951"/>
                <TextEquiv>
                    <Unicode>nannte einmal de Wachsthum gesetzlicher Vorschriften, das sich</Unicode>
                </TextEquiv>
            </TextLine>
            <TextLine id="r1l13" custom="readingOrder {index:12;}">
                <Coords points="674,1006 1773,997 1772,960 1708,950 674,968"/>
                <Baseline points="680,993 734,993 788,993 842,993 897,993 951,993 1005,993 1059,993 1114,993 1168,993 1222,993 1276,993 1331,993 1385,993 1439,993 1493,992 1548,992 1602,992 1656,991 1710,990 1765,989"/>
                <TextEquiv>
                    <Unicode>an tümer ien aufrauchende Bedürfnisse der Gesellschaft anschließt,</Unicode>
                </TextEquiv>
            </TextLine>
            <TextLine id="r1l14" custom="readingOrder {index:13;}">
                <Coords points="958,1036 1245,1028 1280,1051 1551,1018 1771,1038 1759,994 958,996"/>
                <Baseline points="964,1027 1004,1028 1044,1029 1084,1030 1124,1030 1164,1030 1204,1030 1244,1030 1284,1030 1324,1030 1364,1029 1404,1029 1444,1029 1484,1028 1524,1028 1564,1027 1604,1027 1644,1026 1684,1026 1724,1026 1764,1025"/>
                <TextEquiv>
                    <Unicode>des Nechts.“ Daß es auch eine solche</Unicode>
                </TextEquiv>
            </TextLine>
            <TextLine id="r1l15" custom="readingOrder {index:14;}">
                <Coords points="691,1033 725,1043 757,1019 827,1046 851,1033 885,1049 914,1023 955,1020 955,1002 906,1006 872,996 850,1007 839,997 805,995 790,1009 758,1009 726,987 714,999 690,999"/>
                <Baseline points="697,1029 722,1029 747,1030 772,1030 797,1030 823,1030 848,1030 873,1029 898,1028 923,1028 949,1026"/>
                <TextEquiv>
                    <Unicode>die Pocsie</Unicode>
                </TextEquiv>
            </TextLine>
            <TextLine id="r1l16" custom="readingOrder {index:15;}">
                <Coords points="675,1078 1761,1079 1772,1039 674,1020"/>
                <Baseline points="681,1069 735,1069 789,1069 843,1069 897,1069 952,1069 1006,1069 1060,1069 1114,1068 1168,1068 1223,1068 1277,1068 1331,1067 1385,1067 1439,1067 1494,1066 1548,1066 1602,1066 1656,1066 1710,1065 1765,1065"/>
                <TextEquiv>
                    <Unicode>Poesie des Gewohnheitsrechtes in jedem Stande geben kann,</Unicode>
                </TextEquiv>
            </TextLine>
            <TextLine id="r1l17" custom="readingOrder {index:16;}">
                <Coords points="674,1118 1780,1113 1780,1076 1681,1063 674,1076"/>
                <Baseline points="681,1107 735,1107 790,1108 844,1108 899,1108 954,1108 1008,1108 1063,1108 1117,1107 1172,1107 1227,1107 1281,1107 1336,1106 1390,1106 1445,1105 1500,1105 1554,1105 1609,1104 1663,1103 1718,1103 1773,1102"/>
                <TextEquiv>
                    <Unicode>wird von keiner Seite in Abrede gestellt. Nicht nur Priester</Unicode>
                </TextEquiv>
            </TextLine>
            <TextLine id="r1l18" custom="readingOrder {index:17;}">
                <Coords points="675,1152 1780,1151 1767,1107 1639,1101 675,1119"/>
                <Baseline points="682,1146 736,1146 791,1146 845,1146 900,1147 954,1146 1009,1146 1063,1146 1118,1146 1172,1146 1227,1145 1282,1145 1336,1145 1391,1144 1445,1144 1500,1143 1554,1142 1609,1142 1663,1141 1718,1141 1773,1140"/>
                <TextEquiv>
                    <Unicode>und Soldaten, auch Kauf= und Gewerbsleute, auch Jnristen und</Unicode>
                </TextEquiv>
            </TextLine>
            <TextLine id="r1l19" custom="readingOrder {index:18;}">
                <Coords points="668,1195 1726,1191 1773,1186 1773,1152 667,1155"/>
                <Baseline points="675,1184 729,1185 784,1186 838,1186 893,1186 948,1186 1002,1186 1057,1185 1111,1185 1166,1185 1221,1184 1275,1184 1330,1183 1384,1182 1439,1182 1494,1181 1548,1180 1603,1180 1657,1180 1712,1179 1767,1179"/>
                <TextEquiv>
                    <Unicode>Aerzte, auch Künstler und Schriftsteller haben ihre besonderen</Unicode>
                </TextEquiv>
            </TextLine>
            <TextLine id="r1l20" custom="readingOrder {index:19;}">
                <Coords points="678,1228 1784,1230 1758,1181 678,1189"/>
                <Baseline points="685,1223 739,1223 794,1224 848,1224 903,1224 958,1224 1012,1223 1067,1223 1121,1223 1176,1222 1231,1222 1285,1221 1340,1221 1394,1220 1449,1219 1504,1219 1558,1219 1613,1218 1667,1218 1722,1218 1777,1218"/>
                <TextEquiv>
                    <Unicode>Normen des Verhaltens herausgebildet. an deren Einhaltung die</Unicode>
                </TextEquiv>
            </TextLine>
            <TextLine id="r1l21" custom="readingOrder {index:20;}">
                <Coords points="677,1266 1758,1269 1771,1224 676,1228"/>
                <Baseline points="683,1261 737,1262 791,1262 845,1262 899,1263 953,1262 1007,1262 1061,1262 1115,1262 1169,1261 1224,1261 1278,1260 1332,1260 1386,1259 1440,1258 1494,1258 1548,1258 1602,1257 1656,1257 1710,1257 1765,1256"/>
                <TextEquiv>
                    <Unicode>Achtung des ganzen Standes geknüpft ist. Und ob man nun dies</Unicode>
                </TextEquiv>
            </TextLine>
            <TextLine id="r1l22" custom="readingOrder {index:21;}">
                <Coords points="678,1304 1778,1305 1778,1265 1691,1255 678,1266"/>
                <Baseline points="685,1300 739,1300 793,1300 847,1300 902,1300 956,1300 1010,1300 1065,1299 1119,1299 1173,1299 1228,1299 1282,1299 1336,1298 1390,1298 1445,1298 1499,1298 1553,1297 1608,1297 1662,1296 1716,1296 1771,1296"/>
                <TextEquiv>
                    <Unicode>Vorschriften auf ein einheitliches sittliches Prinzip zurückführt,</Unicode>
                </TextEquiv>
            </TextLine>
            <TextLine id="r1l23" custom="readingOrder {index:22;}">
                <Coords points="679,1351 1782,1347 1758,1298 679,1304"/>
                <Baseline points="686,1339 740,1339 794,1339 849,1339 903,1339 958,1339 1012,1338 1067,1338 1121,1338 1176,1338 1230,1337 1284,1337 1339,1336 1393,1336 1448,1336 1502,1335 1557,1335 1611,1334 1666,1333 1720,1333 1775,1332"/>
                <TextEquiv>
                    <Unicode>oder wie es die Mehrheit einzelner Stände thut, als eine mit</Unicode>
                </TextEquiv>
            </TextLine>
            <TextLine id="r1l24" custom="readingOrder {index:23;}">
                <Coords points="681,1383 1676,1387 1781,1379 1781,1346 680,1352"/>
                <Baseline points="687,1377 741,1377 795,1378 850,1378 904,1378 958,1378 1013,1378 1067,1378 1121,1377 1176,1377 1230,1377 1284,1376 1339,1376 1393,1375 1447,1375 1502,1374 1556,1373 1610,1373 1665,1372 1719,1371 1774,1371"/>
                <TextEquiv>
                    <Unicode>vermeintlichen Vorrechten zusammenhängende Verpflichtung auf¬</Unicode>
                </TextEquiv>
            </TextLine>
            <TextLine id="r1l25" custom="readingOrder {index:24;}">
                <Coords points="676,1426 1772,1416 1757,1378 676,1383"/>
                <Baseline points="683,1414 737,1415 791,1416 845,1416 899,1416 953,1416 1007,1416 1061,1416 1115,1416 1169,1415 1224,1415 1278,1414 1332,1414 1386,1413 1440,1413 1494,1412 1548,1411 1602,1411 1656,1410 1710,1410 1765,1410"/>
                <TextEquiv>
                    <Unicode>faßt, so wird man das Wesentliche dieser Entwickelung, die</Unicode>
                </TextEquiv>
            </TextLine>
            <TextLine id="r1l26" custom="readingOrder {index:25;}">
                <Coords points="679,1460 1579,1470 1779,1459 1779,1420 679,1426"/>
                <Baseline points="686,1453 740,1454 794,1454 849,1455 903,1455 957,1455 1012,1455 1066,1455 1120,1455 1175,1454 1229,1454 1283,1453 1338,1452 1392,1452 1446,1451 1501,1451 1555,1450 1609,1450 1664,1449 1718,1449 1773,1449"/>
                <TextEquiv>
                    <Unicode>Entstehung von Standesanschanungen und Standesurtheilen</Unicode>
                </TextEquiv>
            </TextLine>
            <TextLine id="r1l27" custom="readingOrder {index:26;}">
                <Coords points="670,1503 1777,1498 1734,1454 669,1463"/>
                <Baseline points="676,1493 730,1493 785,1494 840,1494 894,1494 949,1494 1004,1494 1058,1493 1113,1493 1168,1493 1223,1492 1277,1492 1332,1491 1387,1491 1441,1490 1496,1490 1551,1489 1605,1489 1660,1489 1715,1488 1770,1488"/>
                <TextEquiv>
                    <Unicode>doch niemals aus der Welt schaffen können. Alles aber</Unicode>
                </TextEquiv>
            </TextLine>
            <TextLine id="r1l28" custom="readingOrder {index:27;}">
                <Coords points="675,1541 1697,1545 1783,1527 1783,1494 675,1498"/>
                <Baseline points="681,1531 735,1532 790,1532 845,1532 900,1532 954,1532 1009,1532 1064,1532 1119,1532 1173,1531 1228,1531 1283,1530 1338,1530 1392,1529 1447,1529 1502,1528 1557,1527 1611,1527 1666,1526 1721,1526 1776,1525"/>
                <TextEquiv>
                    <Unicode>kommt auf die Grenzen an, in denen irgend eine Berufs¬</Unicode>
                </TextEquiv>
            </TextLine>
            <TextLine id="r1l29" custom="readingOrder {index:28;}">
                <Coords points="677,1584 1766,1578 1779,1534 676,1538"/>
                <Baseline points="683,1570 737,1570 792,1571 846,1571 901,1571 955,1571 1010,1571 1064,1571 1119,1571 1173,1570 1228,1570 1282,1569 1337,1569 1391,1568 1446,1568 1500,1567 1555,1566 1609,1566 1664,1565 1718,1564 1773,1564"/>
                <TextEquiv>
                    <Unicode>gemeinschaft den Einzelnen, der ihr angehört, bestimmt und</Unicode>
                </TextEquiv>
            </TextLine>
            <TextLine id="r1l30" custom="readingOrder {index:29;}">
                <Coords points="678,1616 1772,1616 1771,1576 1706,1567 678,1585"/>
                <Baseline points="685,1608 739,1609 793,1609 847,1609 901,1609 955,1609 1009,1609 1063,1609 1117,1609 1171,1608 1225,1608 1279,1607 1333,1607 1387,1606 1441,1606 1495,1605 1549,1604 1603,1604 1657,1603 1711,1603 1765,1602"/>
                <TextEquiv>
                    <Unicode>überwacht. Sorgt sie dafür, daß kein anrüchiges Element in</Unicode>
                </TextEquiv>
            </TextLine>
            <TextLine id="r1l31" custom="readingOrder {index:30;}">
                <Coords points="678,1656 1777,1653 1776,1612 1729,1605 677,1616"/>
                <Baseline points="684,1649 738,1649 792,1649 846,1649 901,1649 955,1649 1009,1648 1064,1648 1118,1648 1172,1647 1227,1647 1281,1646 1335,1646 1389,1645 1444,1644 1498,1644 1552,1643 1607,1643 1661,1642 1715,1642 1770,1642"/>
                <TextEquiv>
                    <Unicode>ihrem Kreise geduldet wird, daß jede Bethätigung einer niederen</Unicode>
                </TextEquiv>
            </TextLine>
            <TextLine id="r1l32" custom="readingOrder {index:31;}">
                <Coords points="683,1692 1784,1690 1783,1649 1713,1642 683,1654"/>
                <Baseline points="690,1686 744,1686 798,1686 853,1687 907,1687 961,1687 1016,1686 1070,1686 1124,1686 1179,1686 1233,1685 1287,1685 1342,1685 1396,1684 1450,1684 1505,1683 1559,1683 1613,1682 1668,1682 1722,1681 1777,1681"/>
                <TextEquiv>
                    <Unicode>Gesinnung in ihrem Bereiche zur Ausschließung führt, so verfolgt</Unicode>
                </TextEquiv>
            </TextLine>
            <TextLine id="r1l33" custom="readingOrder {index:32;}">
                <Coords points="680,1735 1751,1732 1788,1690 679,1689"/>
                <Baseline points="687,1725 741,1725 796,1725 851,1725 905,1725 960,1725 1015,1725 1069,1724 1124,1724 1179,1724 1234,1723 1288,1723 1343,1723 1398,1722 1452,1722 1507,1721 1562,1721 1616,1721 1671,1720 1726,1720 1781,1720"/>
                <TextEquiv>
                    <Unicode>sie ein vorbildlich ideales Ziel für die Allgemeinheit. Ordnet sie</Unicode>
                </TextEquiv>
            </TextLine>
            <TextLine id="r1l34" custom="readingOrder {index:33;}">
                <Coords points="682,1770 1779,1763 1778,1725 1736,1722 682,1734"/>
                <Baseline points="689,1763 743,1764 797,1764 851,1764 905,1764 959,1764 1013,1764 1067,1764 1121,1764 1175,1763 1230,1763 1284,1763 1338,1762 1392,1762 1446,1761 1500,1760 1554,1759 1608,1759 1662,1758 1716,1757 1771,1756"/>
                <TextEquiv>
                    <Unicode>in ihren Berufsangelegenheiten die Beziehungen des Verkehrs</Unicode>
                </TextEquiv>
            </TextLine>
            <TextLine id="r1l35" custom="readingOrder {index:34;}">
                <Coords points="669,1808 1753,1810 1783,1767 669,1775"/>
                <Baseline points="676,1804 731,1804 786,1804 841,1803 896,1803 951,1803 1006,1803 1061,1802 1116,1802 1171,1801 1226,1801 1281,1801 1336,1800 1391,1800 1446,1799 1501,1798 1556,1798 1611,1797 1666,1797 1721,1796 1777,1795"/>
                <TextEquiv>
                    <Unicode>mit unerbittlicher Strenge, so übt sie ihr Recht aus, wenn sie</Unicode>
                </TextEquiv>
            </TextLine>
            <TextLine id="r1l36" custom="readingOrder {index:35;}">
                <Coords points="679,1849 1781,1843 1780,1802 1671,1799 679,1813"/>
                <Baseline points="686,1842 740,1842 794,1842 849,1842 903,1842 958,1842 1012,1842 1066,1841 1121,1841 1175,1840 1230,1840 1284,1839 1338,1839 1393,1838 1447,1837 1502,1837 1556,1836 1610,1835 1665,1835 1719,1834 1774,1834"/>
                <TextEquiv>
                    <Unicode>auch so wenig wie irgend ein wesentliches Element des Staates</Unicode>
                </TextEquiv>
            </TextLine>
            <TextLine id="r1l37" custom="readingOrder {index:36;}">
                <Coords points="673,1885 1787,1878 1771,1840 1651,1836 673,1848"/>
                <Baseline points="680,1882 735,1882 790,1881 845,1881 900,1880 955,1879 1010,1879 1065,1879 1120,1878 1175,1878 1230,1877 1285,1877 1340,1877 1395,1876 1450,1876 1505,1876 1560,1875 1615,1875 1670,1874 1725,1874 1780,1874"/>
                <TextEquiv>
                    <Unicode>der Kritik entrückt ist. Versucht aber die Berufsgesetzgebung und</Unicode>
                </TextEquiv>
            </TextLine>
            <TextLine id="r1l38" custom="readingOrder {index:37;}">
                <Coords points="680,1922 1403,1938 1781,1916 1781,1880 679,1890"/>
                <Baseline points="686,1919 740,1918 794,1918 849,1918 903,1918 958,1918 1012,1918 1066,1917 1121,1917 1175,1917 1230,1916 1284,1916 1338,1915 1393,1915 1447,1915 1502,1914 1556,1914 1610,1913 1665,1913 1719,1912 1774,1912"/>
                <TextEquiv>
                    <Unicode>=Justiz über die beiden gekennzeichneten Fälle hinauszugehen und</Unicode>
                </TextEquiv>
            </TextLine>
            <TextLine id="r1l39" custom="readingOrder {index:38;}">
                <Coords points="670,1972 1784,1963 1783,1917 1703,1912 669,1931"/>
                <Baseline points="677,1960 734,1959 792,1958 850,1957 908,1956 966,1956 1024,1955 1081,1955 1139,1955 1197,1955 1255,1954 1313,1954 1371,1954 1428,1953 1486,1953 1544,1953 1602,1952 1660,1951 1718,1951 1776,1949"/>
                <TextEquiv>
                    <Unicode>sich der Meuschen in ihren freien geistigem Verhältniß</Unicode>
                </TextEquiv>
            </TextLine>
            <TextLine id="r1l40" custom="readingOrder {index:39;}">
                <Coords points="687,2014 1765,2002 1791,1959 687,1970"/>
                <Baseline points="694,1996 748,1996 803,1996 857,1996 912,1996 966,1995 1021,1995 1075,1995 1130,1994 1184,1994 1239,1993 1293,1993 1348,1992 1402,1992 1457,1991 1511,1991 1566,1991 1620,1990 1675,1990 1729,1990 1784,1990"/>
                <TextEquiv>
                    <Unicode>zur Allgemeinheit zu bemächtigen, dann wird sie zu einer</Unicode>
                </TextEquiv>
            </TextLine>
            <TextLine id="r1l41" custom="readingOrder {index:40;}">
                <Coords points="677,2049 885,2021 1750,2040 1783,2000 677,2009"/>
                <Baseline points="684,2035 738,2035 793,2035 847,2034 902,2034 957,2034 1011,2033 1066,2033 1120,2032 1175,2032 1230,2031 1284,2031 1339,2030 1393,2030 1448,2029 1503,2029 1557,2028 1612,2028 1666,2028 1721,2027 1776,2027"/>
                <TextEquiv>
                    <Unicode>öffentlichen Gefahr, zu einem Hemmniß der menschlichen</Unicode>
                </TextEquiv>
            </TextLine>
            <TextLine id="r1l42" custom="readingOrder {index:41;}">
                <Coords points="682,2084 1783,2076 1783,2035 681,2041"/>
                <Baseline points="688,2075 742,2074 796,2074 851,2074 905,2073 960,2073 1014,2072 1068,2071 1123,2071 1177,2070 1232,2070 1286,2069 1340,2069 1395,2068 1449,2068 1504,2067 1558,2067 1612,2066 1667,2066 1721,2065 1776,2065"/>
                <TextEquiv>
                    <Unicode>und volksthümlichen Soldarität und der nationalen Ent¬</Unicode>
                </TextEquiv>
            </TextLine>
            <TextLine id="r1l43" custom="readingOrder {index:42;}">
                <Coords points="1712,2103 1720,2103 1737,2114 1742,2114 1754,2107 1758,2112 1764,2108 1772,2110 1774,2071 1763,2072 1759,2076 1752,2071 1745,2072 1740,2069 1734,2075 1732,2073 1727,2076 1723,2073 1713,2074"/>
                <Baseline points="1719,2102 1765,2104"/>
                <TextEquiv>
                    <Unicode>un</Unicode>
                </TextEquiv>
            </TextLine>
            <TextLine id="r1l44" custom="readingOrder {index:43;}">
                <Coords points="684,2117 1573,2119 1665,2113 1665,2071 683,2084"/>
                <Baseline points="691,2113 739,2113 787,2112 836,2112 884,2111 932,2111 981,2110 1029,2110 1077,2110 1126,2109 1174,2109 1222,2108 1271,2108 1319,2107 1367,2107 1416,2106 1464,2106 1512,2105 1561,2105 1609,2104 1658,2104"/>
                <TextEquiv>
                    <Unicode>wicklung. In seinem herrlichen Gespräche „Ernst</Unicode>
                </TextEquiv>
            </TextLine>
            <TextLine id="r1l45" custom="readingOrder {index:44;}">
                <Coords points="679,2171 1778,2150 1777,2112 1718,2103 678,2116"/>
                <Baseline points="686,2150 740,2151 794,2151 848,2151 903,2151 957,2150 1011,2150 1065,2149 1120,2149 1174,2148 1228,2148 1282,2147 1337,2146 1391,2146 1445,2145 1499,2144 1554,2143 1608,2143 1662,2142 1716,2141 1771,2141"/>
                <TextEquiv>
                    <Unicode>Falk“ hat Lessing jenen Zug in der gesellschaftlichen Entwicklung</Unicode>
                </TextEquiv>
            </TextLine>
            <TextLine id="r1l46" custom="readingOrder {index:45;}">
                <Coords points="689,2194 1739,2193 1792,2156 689,2163"/>
                <Baseline points="696,2190 750,2190 804,2189 859,2189 913,2189 968,2188 1022,2188 1077,2187 1131,2187 1186,2187 1240,2186 1294,2186 1349,2185 1403,2184 1458,2184 1512,2183 1567,2182 1621,2181 1676,2181 1730,2180 1785,2178"/>
                <TextEquiv>
                    <Unicode>aufgewiesen, der nothwendigerweife dazu führt, daß die Ent¬</Unicode>
                </TextEquiv>
            </TextLine>
            <TextLine id="r1l47" custom="readingOrder {index:46;}">
                <Coords points="689,2242 1643,2243 1786,2227 1786,2188 688,2194"/>
                <Baseline points="695,2229 749,2228 803,2228 857,2228 911,2227 966,2227 1020,2226 1074,2226 1128,2225 1182,2225 1237,2224 1291,2224 1345,2223 1399,2222 1453,2222 1508,2221 1562,2220 1616,2220 1670,2219 1724,2219 1779,2218"/>
                <TextEquiv>
                    <Unicode>siehung von Sondergemeinschaften und das Wiedererwachen der</Unicode>
                </TextEquiv>
            </TextLine>
            <TextLine id="r1l48" custom="readingOrder {index:47;}">
                <Coords points="684,2281 1794,2264 1730,2215 1440,2251 1384,2221 683,2244"/>
                <Baseline points="691,2267 745,2267 800,2267 855,2266 910,2266 965,2266 1019,2265 1074,2265 1129,2264 1184,2263 1239,2263 1293,2262 1348,2261 1403,2261 1458,2260 1513,2260 1567,2260 1622,2259 1677,2259 1732,2259 1787,2259"/>
                <TextEquiv>
                    <Unicode>allgemeinen Zusammengehörigkeit einander regelmäßig ablösen,</Unicode>
                </TextEquiv>
            </TextLine>
            <TextLine id="r1l49" custom="readingOrder {index:48;}">
                <Coords points="689,2311 1792,2308 1759,2261 688,2279"/>
                <Baseline points="696,2306 750,2306 804,2306 859,2306 913,2305 968,2305 1022,2304 1077,2303 1131,2303 1186,2302 1240,2301 1294,2301 1349,2300 1403,2299 1458,2299 1512,2298 1567,2298 1621,2297 1676,2297 1730,2297 1785,2297"/>
                <TextEquiv>
                    <Unicode>und so zu einer Gliederung führen, die das Ganze nicht zertheilt,</Unicode>
                </TextEquiv>
            </TextLine>
            <TextLine id="r1l50" custom="readingOrder {index:49;}">
                <Coords points="687,2354 1786,2339 1769,2299 686,2311"/>
                <Baseline points="694,2344 748,2344 802,2343 856,2343 910,2343 965,2342 1019,2342 1073,2341 1127,2341 1181,2340 1236,2340 1290,2339 1344,2338 1398,2338 1452,2337 1507,2337 1561,2336 1615,2335 1669,2335 1723,2334 1778,2334"/>
                <TextEquiv>
                    <Unicode>sondern in sich befestigt. In dieser Entwicklung können böse</Unicode>
                </TextEquiv>
            </TextLine>
            <TextLine id="r1l51" custom="readingOrder {index:50;}">
                <Coords points="694,2389 1793,2380 1792,2344 1741,2339 693,2353"/>
                <Baseline points="700,2382 754,2382 808,2381 862,2381 917,2380 971,2380 1025,2379 1079,2379 1134,2379 1188,2378 1242,2378 1296,2377 1351,2377 1405,2376 1459,2376 1513,2375 1568,2375 1622,2374 1676,2373 1730,2372 1785,2371"/>
                <TextEquiv>
                    <Unicode>Störungen eintreten, und wir fürchten sehr, daß wir von einer</Unicode>
                </TextEquiv>
            </TextLine>
            <TextLine id="r1l52" custom="readingOrder {index:51;}">
                <Coords points="698,2432 1800,2423 1800,2373 698,2388"/>
                <Baseline points="705,2423 759,2422 813,2421 868,2420 922,2419 977,2418 1031,2418 1085,2417 1140,2417 1194,2416 1249,2415 1303,2415 1357,2415 1412,2414 1466,2414 1521,2413 1575,2413 1629,2413 1684,2412 1738,2412 1793,2411"/>
                <TextEquiv>
                    <Unicode>solchen stark bedroht sind. In den beiden Fällen, von denen wir</Unicode>
                </TextEquiv>
            </TextLine>
            <TextLine id="r1l53" custom="readingOrder {index:52;}">
                <Coords points="684,2467 1744,2464 1797,2422 683,2426"/>
                <Baseline points="691,2461 748,2460 806,2459 864,2459 922,2458 980,2457 1038,2457 1095,2456 1153,2455 1211,2455 1269,2454 1327,2453 1385,2453 1442,2452 1500,2452 1558,2451 1616,2450 1674,2450 1732,2449 1790,2449"/>
                <TextEquiv>
                    <Unicode>heute sprechen, liegt die Bethätigung einer reaktionären Standes¬</Unicode>
                </TextEquiv>
            </TextLine>
            <TextLine id="r1l54" custom="readingOrder {index:53;}">
                <Coords points="691,2508 1722,2505 1788,2463 690,2466"/>
                <Baseline points="697,2501 751,2500 805,2499 859,2498 913,2497 968,2496 1022,2495 1076,2495 1130,2494 1184,2493 1239,2492 1293,2492 1347,2491 1401,2491 1455,2490 1510,2490 1564,2489 1618,2489 1672,2489 1726,2489 1781,2489"/>
                <TextEquiv>
                    <Unicode>justiz, die nicht mehr das Ganze im Einzelnen durchbildet, sondern</Unicode>
                </TextEquiv>
            </TextLine>
            <TextLine id="r1l55" custom="readingOrder {index:54;}">
                <Coords points="781,2536 1802,2541 1802,2489 780,2501"/>
                <Baseline points="788,2538 838,2536 888,2535 939,2534 989,2533 1040,2532 1090,2531 1140,2531 1191,2531 1241,2530 1292,2530 1342,2530 1392,2530 1443,2530 1493,2530 1544,2530 1594,2529 1644,2529 1695,2528 1745,2528 1796,2527"/>
                <TextEquiv>
                    <Unicode>ihren Sonderwillen die Gesammtheit zerschneidet und den</Unicode>
                </TextEquiv>
            </TextLine>
            <TextLine id="r1l56" custom="readingOrder {index:55;}">
                <Coords points="687,2587 1483,2579 1483,2550 1434,2535 687,2543"/>
                <Baseline points="694,2576 733,2575 772,2575 811,2574 850,2574 889,2573 928,2573 967,2572 1006,2572 1045,2571 1085,2571 1124,2571 1163,2570 1202,2570 1241,2570 1280,2569 1319,2569 1358,2569 1397,2569 1436,2568 1476,2568"/>
                <TextEquiv>
                    <Unicode>freien Blutlauf des nationalen Lehens hemmt.</Unicode>
                </TextEquiv>
            </TextLine>
            <TextLine id="r1l57" custom="readingOrder {index:56;}">
                <Coords points="722,2630 1784,2620 1783,2578 1734,2562 722,2590"/>
                <Baseline points="729,2621 781,2620 833,2620 886,2620 938,2620 991,2620 1043,2619 1095,2619 1148,2619 1200,2618 1253,2618 1305,2618 1357,2617 1410,2617 1462,2616 1515,2616 1567,2616 1619,2615 1672,2615 1724,2615 1777,2615"/>
                <TextEquiv>
                    <Unicode>In dem Falle Arthur Schnitzler tritt der innere Widerspruck</Unicode>
                </TextEquiv>
            </TextLine>
            <TextLine id="r1l58" custom="readingOrder {index:57;}">
                <Coords points="685,2662 1801,2663 1792,2619 685,2620"/>
                <Baseline points="692,2663 747,2661 802,2661 857,2660 912,2659 967,2659 1022,2658 1077,2658 1132,2657 1187,2657 1243,2657 1298,2656 1353,2656 1408,2656 1463,2655 1518,2655 1573,2654 1628,2654 1683,2653 1738,2653 1794,2652"/>
                <TextEquiv>
                    <Unicode>derartiger Maßregelungen besonders kraß zu tage. Das Heer ist</Unicode>
                </TextEquiv>
            </TextLine>
            <TextLine id="r1l59" custom="readingOrder {index:58;}">
                <Coords points="686,2710 1739,2706 1800,2703 1800,2663 685,2667"/>
                <Baseline points="693,2703 748,2702 803,2701 858,2700 913,2699 968,2698 1023,2697 1078,2697 1133,2696 1188,2695 1243,2695 1298,2694 1353,2694 1408,2693 1463,2693 1518,2692 1573,2692 1628,2691 1683,2691 1738,2690 1793,2690"/>
                <TextEquiv>
                    <Unicode>seit der Einführung der allgemeinen Wehrpflicht in Deutschland</Unicode>
                </TextEquiv>
            </TextLine>
            <TextLine id="r1l60" custom="readingOrder {index:59;}">
                <Coords points="685,2760 1781,2742 1797,2699 684,2711"/>
                <Baseline points="691,2741 748,2740 806,2739 864,2738 922,2737 980,2736 1038,2736 1095,2735 1153,2735 1211,2734 1269,2734 1327,2734 1385,2733 1442,2733 1500,2732 1558,2732 1616,2731 1674,2731 1732,2730 1790,2729"/>
                <TextEquiv>
                    <Unicode>und in Oesterreich das Volk in Waffen; es schließt prinzipiell die</Unicode>
                </TextEquiv>
            </TextLine>
            <TextLine id="r1l61" custom="readingOrder {index:60;}">
                <Coords points="696,2788 1741,2781 1801,2778 1801,2741 695,2755"/>
                <Baseline points="703,2779 757,2778 812,2777 866,2776 921,2775 976,2775 1030,2774 1085,2774 1139,2773 1194,2773 1249,2772 1303,2772 1358,2771 1412,2771 1467,2770 1522,2770 1576,2769 1631,2769 1685,2768 1740,2767 1795,2767"/>
                <TextEquiv>
                    <Unicode>ganze wehrfähige Bevölkerung in sich und das tritt ja auch in</Unicode>
                </TextEquiv>
            </TextLine>
            <TextLine id="r1l62" custom="readingOrder {index:61;}">
                <Coords points="702,2822 1657,2825 1803,2813 1803,2780 701,2790"/>
                <Baseline points="708,2818 762,2817 816,2815 871,2815 925,2814 980,2813 1034,2812 1089,2812 1143,2811 1198,2811 1252,2810 1306,2810 1361,2810 1415,2809 1470,2809 1524,2808 1579,2808 1633,2807 1688,2806 1742,2805 1797,2804"/>
                <TextEquiv>
                    <Unicode>dem Falle, um den es sich handelt, deutlich geung zu tage; denn</Unicode>
                </TextEquiv>
            </TextLine>
            <TextLine id="r1l63" custom="readingOrder {index:62;}">
                <Coords points="702,2861 1766,2856 1796,2812 701,2822"/>
                <Baseline points="709,2855 763,2854 817,2854 871,2853 925,2852 979,2852 1033,2851 1087,2851 1141,2850 1195,2850 1249,2849 1303,2849 1357,2848 1411,2848 1465,2847 1519,2847 1573,2846 1627,2845 1681,2844 1735,2844 1789,2842"/>
                <TextEquiv>
                    <Unicode>Arthur Schnitzler ist, wie männiglich bekannt, seinem wesentlichen</Unicode>
                </TextEquiv>
            </TextLine>
            <TextLine id="r1l64" custom="readingOrder {index:63;}">
                <Coords points="693,2899 1789,2893 1808,2847 693,2861"/>
                <Baseline points="700,2893 755,2893 810,2892 865,2892 920,2891 975,2890 1030,2890 1085,2889 1140,2888 1195,2888 1251,2887 1306,2886 1361,2885 1416,2885 1471,2884 1526,2884 1581,2883 1636,2883 1691,2883 1746,2883 1802,2883"/>
                <TextEquiv>
                    <Unicode>Berufe nach Schriftsteller und leistet nur, — da er Doktor der</Unicode>
                </TextEquiv>
            </TextLine>
            <TextLine id="r1l65" custom="readingOrder {index:64;}">
                <Coords points="699,2940 1702,2934 1805,2927 1805,2894 699,2898"/>
                <Baseline points="706,2932 760,2930 815,2930 869,2929 924,2928 979,2928 1033,2927 1088,2927 1142,2926 1197,2926 1252,2925 1306,2925 1361,2924 1415,2924 1470,2923 1525,2923 1579,2922 1634,2921 1688,2920 1743,2919 1798,2918"/>
                <TextEquiv>
                    <Unicode>Medizin ist —, als Regimentsarzt in der Reserve seiner Militär¬</Unicode>
                </TextEquiv>
            </TextLine>
            <TextLine id="r1l66" custom="readingOrder {index:65;}">
                <Coords points="692,2980 1801,2968 1785,2924 692,2939"/>
                <Baseline points="699,2971 753,2970 808,2969 863,2968 917,2967 972,2967 1027,2966 1081,2965 1136,2965 1191,2964 1246,2964 1300,2964 1355,2963 1410,2963 1464,2962 1519,2962 1574,2962 1628,2961 1683,2961 1738,2960 1793,2960"/>
                <TextEquiv>
                    <Unicode>pflicht Genüge. Wenn nun thatsächlich Volk und Heer identisch</Unicode>
                </TextEquiv>
            </TextLine>
            <TextLine id="r1l67" custom="readingOrder {index:66;}">
                <Coords points="695,3017 1802,3002 1801,2968 1656,2960 694,2979"/>
                <Baseline points="702,3011 756,3010 811,3008 865,3007 920,3006 975,3005 1029,3005 1084,3004 1139,3003 1193,3003 1248,3002 1303,3002 1357,3001 1412,3001 1467,3000 1521,3000 1576,2999 1631,2999 1685,2998 1740,2998 1795,2997"/>
                <TextEquiv>
                    <Unicode>sind, und andererseits jedes Ehrengericht eines Regiments über die</Unicode>
                </TextEquiv>
            </TextLine>
            <TextLine id="r1l68" custom="readingOrder {index:67;}">
                <Coords points="699,3060 1700,3056 1796,3049 1796,3004 698,3017"/>
                <Baseline points="705,3051 759,3049 813,3048 867,3046 921,3045 976,3044 1030,3043 1084,3043 1138,3042 1192,3042 1247,3041 1301,3041 1355,3041 1409,3040 1463,3040 1518,3039 1572,3039 1626,3038 1680,3038 1734,3037 1789,3036"/>
                <TextEquiv>
                    <Unicode>Zulässigkeit einer literarischen Produktion einen scharfen, praktisch</Unicode>
                </TextEquiv>
            </TextLine>
            <TextLine id="r1l69" custom="readingOrder {index:68;}">
                <Coords points="698,3092 1754,3089 1799,3048 697,3058"/>
                <Baseline points="704,3087 758,3086 812,3085 867,3084 921,3084 976,3083 1030,3082 1084,3081 1139,3080 1193,3080 1248,3078 1302,3078 1356,3077 1411,3076 1465,3076 1520,3076 1574,3075 1628,3075 1683,3075 1737,3076 1792,3076"/>
                <TextEquiv>
                    <Unicode>wirksamen Urtheilsspruch fällen kann — ist da nicht mit einem</Unicode>
                </TextEquiv>
            </TextLine>
            <TextLine id="r1l70" custom="readingOrder {index:69;}">
                <Coords points="695,3140 1348,3110 1808,3137 1807,3086 1768,3080 694,3090"/>
                <Baseline points="702,3125 759,3124 817,3124 875,3123 933,3123 991,3122 1049,3121 1106,3120 1164,3119 1222,3119 1280,3118 1338,3117 1396,3116 1453,3116 1511,3116 1569,3115 1627,3115 1685,3116 1743,3116 1801,3117"/>
                <TextEquiv>
                    <Unicode>Male die ganze von Männern der besten Jahre ausgehende</Unicode>
                </TextEquiv>
            </TextLine>
            <TextLine id="r1l71" custom="readingOrder {index:70;}">
                <Coords points="748,3169 866,3189 925,3161 1589,3162 1589,3120 748,3130"/>
                <Baseline points="755,3153 796,3157 837,3159 879,3160 920,3162 962,3162 1003,3162 1044,3162 1086,3162 1127,3161 1169,3160 1210,3160 1251,3159 1293,3158 1334,3157 1376,3157 1417,3156 1458,3156 1500,3156 1541,3156 1583,3157"/>
                <TextEquiv>
                    <Unicode>atur der Anschanung der Regimenter unterstellt?</Unicode>
                </TextEquiv>
            </TextLine>
            <TextEquiv>
                <Unicode>Gustl
box 1/9
10. Leutnant
„
Der Begriff der Standesehre wird verschiedenartig aufgetam.
Vollkommen frei denkende Menschen kennen nur eine äußere Ehre
den redlich erworbenen Ruf der von der ganzen sittlichen Welt
anerkannten Rechtschaffenheit; aber auch sie geben ohne weiteres
zu, daß sich bei der Besonderheit der Fälle und Beziehungen in
den verschiedenen Berufen besondere Gesetze des ehrenvollen
Verhaltens aus der allgemeinen Norm ergeben können. Ihering
nannte einmal de Wachsthum gesetzlicher Vorschriften, das sich
an tümer ien aufrauchende Bedürfnisse der Gesellschaft anschließt,
des Nechts.“ Daß es auch eine solche
die Pocsie
Poesie des Gewohnheitsrechtes in jedem Stande geben kann,
wird von keiner Seite in Abrede gestellt. Nicht nur Priester
und Soldaten, auch Kauf= und Gewerbsleute, auch Jnristen und
Aerzte, auch Künstler und Schriftsteller haben ihre besonderen
Normen des Verhaltens herausgebildet. an deren Einhaltung die
Achtung des ganzen Standes geknüpft ist. Und ob man nun dies
Vorschriften auf ein einheitliches sittliches Prinzip zurückführt,
oder wie es die Mehrheit einzelner Stände thut, als eine mit
vermeintlichen Vorrechten zusammenhängende Verpflichtung auf¬
faßt, so wird man das Wesentliche dieser Entwickelung, die
Entstehung von Standesanschanungen und Standesurtheilen
doch niemals aus der Welt schaffen können. Alles aber
kommt auf die Grenzen an, in denen irgend eine Berufs¬
gemeinschaft den Einzelnen, der ihr angehört, bestimmt und
überwacht. Sorgt sie dafür, daß kein anrüchiges Element in
ihrem Kreise geduldet wird, daß jede Bethätigung einer niederen
Gesinnung in ihrem Bereiche zur Ausschließung führt, so verfolgt
sie ein vorbildlich ideales Ziel für die Allgemeinheit. Ordnet sie
in ihren Berufsangelegenheiten die Beziehungen des Verkehrs
mit unerbittlicher Strenge, so übt sie ihr Recht aus, wenn sie
auch so wenig wie irgend ein wesentliches Element des Staates
der Kritik entrückt ist. Versucht aber die Berufsgesetzgebung und
=Justiz über die beiden gekennzeichneten Fälle hinauszugehen und
sich der Meuschen in ihren freien geistigem Verhältniß
zur Allgemeinheit zu bemächtigen, dann wird sie zu einer
öffentlichen Gefahr, zu einem Hemmniß der menschlichen
und volksthümlichen Soldarität und der nationalen Ent¬
un
wicklung. In seinem herrlichen Gespräche „Ernst
Falk“ hat Lessing jenen Zug in der gesellschaftlichen Entwicklung
aufgewiesen, der nothwendigerweife dazu führt, daß die Ent¬
siehung von Sondergemeinschaften und das Wiedererwachen der
allgemeinen Zusammengehörigkeit einander regelmäßig ablösen,
und so zu einer Gliederung führen, die das Ganze nicht zertheilt,
sondern in sich befestigt. In dieser Entwicklung können böse
Störungen eintreten, und wir fürchten sehr, daß wir von einer
solchen stark bedroht sind. In den beiden Fällen, von denen wir
heute sprechen, liegt die Bethätigung einer reaktionären Standes¬
justiz, die nicht mehr das Ganze im Einzelnen durchbildet, sondern
ihren Sonderwillen die Gesammtheit zerschneidet und den
freien Blutlauf des nationalen Lehens hemmt.
In dem Falle Arthur Schnitzler tritt der innere Widerspruck
derartiger Maßregelungen besonders kraß zu tage. Das Heer ist
seit der Einführung der allgemeinen Wehrpflicht in Deutschland
und in Oesterreich das Volk in Waffen; es schließt prinzipiell die
ganze wehrfähige Bevölkerung in sich und das tritt ja auch in
dem Falle, um den es sich handelt, deutlich geung zu tage; denn
Arthur Schnitzler ist, wie männiglich bekannt, seinem wesentlichen
Berufe nach Schriftsteller und leistet nur, — da er Doktor der
Medizin ist —, als Regimentsarzt in der Reserve seiner Militär¬
pflicht Genüge. Wenn nun thatsächlich Volk und Heer identisch
sind, und andererseits jedes Ehrengericht eines Regiments über die
Zulässigkeit einer literarischen Produktion einen scharfen, praktisch
wirksamen Urtheilsspruch fällen kann — ist da nicht mit einem
Male die ganze von Männern der besten Jahre ausgehende
atur der Anschanung der Regimenter unterstellt?</Unicode>
            </TextEquiv>
        </TextRegion>
        <TextRegion orientation="0.0" id="r2" custom="readingOrder {index:1;}">
            <Coords points="1812,642 1812,2645 2927,2645 2927,642"/>
            <TextLine id="r2l1" custom="readingOrder {index:0;}">
                <Coords points="1805,682 2894,674 2912,632 1805,635"/>
                <Baseline points="1812,675 1866,673 1921,672 1975,671 2030,670 2085,670 2139,669 2194,669 2249,669 2303,668 2358,668 2413,668 2467,668 2522,667 2577,667 2631,666 2686,666 2741,665 2795,664 2850,663 2905,662"/>
                <TextEquiv>
                    <Unicode>als ein Mustermeusch, er ist sinnlich, oberflächlich, genußsüchtig</Unicode>
                </TextEquiv>
            </TextLine>
            <TextLine id="r2l2" custom="readingOrder {index:1;}">
                <Coords points="2290,696 2420,721 2504,694 2613,719 2663,695 2721,718 2787,693 2839,715 2911,702 2911,671 2290,680"/>
                <Baseline points="2297,698 2327,701 2357,702 2388,704 2418,705 2448,705 2479,706 2509,706 2539,705 2570,705 2600,704 2630,704 2661,703 2691,702 2721,701 2752,700 2782,700 2812,699 2843,699 2873,699 2904,699"/>
                <TextEquiv>
                    <Unicode>— aber er hat auch bessere</Unicode>
                </TextEquiv>
            </TextLine>
            <TextLine id="r2l3" custom="readingOrder {index:2;}">
                <Coords points="1805,716 1875,723 1912,709 1990,737 2021,714 2089,721 2108,708 2154,724 2199,708 2250,721 2279,710 2279,670 2243,681 2197,668 2126,692 2092,673 2013,687 1986,673 1973,685 1804,681"/>
                <Baseline points="1812,712 1837,712 1863,712 1888,711 1914,711 1939,711 1965,711 1990,710 2016,710 2042,709 2067,709 2093,708 2118,708 2144,707 2169,706 2195,706 2220,706 2246,705 2272,705"/>
                <TextEquiv>
                    <Unicode>und mangelhaft gebildet</Unicode>
                </TextEquiv>
            </TextLine>
            <TextLine id="r2l4" custom="readingOrder {index:3;}">
                <Coords points="1815,756 2857,752 2912,737 2912,701 1814,717"/>
                <Baseline points="1822,752 1876,751 1930,750 1984,749 2038,748 2092,748 2146,747 2201,746 2255,745 2309,745 2363,744 2417,744 2471,743 2525,742 2580,742 2634,741 2688,740 2742,739 2796,739 2850,738 2905,737"/>
                <TextEquiv>
                    <Unicode>Regungen, die sich im Hinblick auf den nahen Tod ver¬</Unicode>
                </TextEquiv>
            </TextLine>
            <TextLine id="r2l5" custom="readingOrder {index:4;}">
                <Coords points="1818,796 2852,795 2915,781 2915,743 1817,754"/>
                <Baseline points="1825,788 1879,788 1933,788 1987,787 2041,787 2095,786 2149,785 2204,785 2258,784 2312,783 2366,782 2420,782 2474,781 2528,780 2583,779 2637,779 2691,778 2745,777 2799,776 2853,776 2908,776"/>
                <TextEquiv>
                    <Unicode>tärken und der kategorische Imperativ der Pflicht, wie er</Unicode>
                </TextEquiv>
            </TextLine>
            <TextLine id="r2l6" custom="readingOrder {index:5;}">
                <Coords points="1813,833 2908,822 2907,788 2757,776 1812,794"/>
                <Baseline points="1820,827 1874,827 1928,826 1982,826 2036,825 2090,825 2144,824 2198,824 2252,823 2306,823 2360,822 2414,821 2468,820 2522,819 2576,818 2630,817 2684,816 2738,815 2792,814 2846,812 2901,811"/>
                <TextEquiv>
                    <Unicode>diese eben zu fassen vermag, ist nicht ohne Kraft in ihm — er</Unicode>
                </TextEquiv>
            </TextLine>
            <TextLine id="r2l7" custom="readingOrder {index:6;}">
                <Coords points="1816,879 2868,865 2909,821 1815,832"/>
                <Baseline points="1823,867 1879,865 1936,864 1993,863 2050,862 2106,861 2163,861 2220,860 2277,860 2334,859 2390,859 2447,858 2504,858 2561,857 2618,857 2674,856 2731,855 2788,853 2845,851 2902,850"/>
                <TextEquiv>
                    <Unicode>ist eben eine Individualität, ein Mensch im Lentnantsrock. Zu¬</Unicode>
                </TextEquiv>
            </TextLine>
            <TextLine id="r2l8" custom="readingOrder {index:7;}">
                <Coords points="1814,909 2875,908 2915,854 1813,876"/>
                <Baseline points="1821,905 1875,904 1929,902 1984,901 2038,900 2092,900 2147,899 2201,899 2255,898 2310,898 2364,898 2418,898 2473,898 2527,897 2581,897 2636,896 2690,895 2744,894 2799,892 2853,890 2908,888"/>
                <TextEquiv>
                    <Unicode>gegeben: die Schattenseiten sind überwiegend, wie es das künst¬</Unicode>
                </TextEquiv>
            </TextLine>
            <TextLine id="r2l9" custom="readingOrder {index:8;}">
                <Coords points="1809,947 2911,935 2910,895 2854,893 1809,914"/>
                <Baseline points="1816,943 1870,942 1924,941 1979,940 2033,940 2088,939 2142,938 2196,937 2251,937 2305,936 2360,935 2414,934 2468,934 2523,933 2577,932 2632,932 2686,931 2740,930 2795,930 2849,929 2904,929"/>
                <TextEquiv>
                    <Unicode>lerische Motiv hier nun einmal gefordert hat — so handelt es</Unicode>
                </TextEquiv>
            </TextLine>
            <TextLine id="r2l10" custom="readingOrder {index:9;}">
                <Coords points="1816,990 2910,971 2909,936 2815,931 1816,946"/>
                <Baseline points="1823,981 1877,980 1931,979 1985,978 2039,977 2093,977 2147,976 2201,976 2255,975 2309,974 2363,974 2417,973 2471,973 2525,972 2579,971 2633,970 2687,970 2741,969 2795,968 2849,966 2903,965"/>
                <TextEquiv>
                    <Unicode>sich dabei doch nur um eine scharf umschriebene Persönlichkeit und</Unicode>
                </TextEquiv>
            </TextLine>
            <TextLine id="r2l11" custom="readingOrder {index:10;}">
                <Coords points="1813,1023 2894,1016 2904,971 1812,992"/>
                <Baseline points="1820,1019 1873,1018 1927,1017 1981,1016 2035,1016 2089,1015 2143,1014 2196,1014 2250,1013 2304,1013 2358,1012 2412,1011 2466,1011 2520,1010 2573,1010 2627,1009 2681,1009 2735,1008 2789,1007 2843,1006 2897,1005"/>
                <TextEquiv>
                    <Unicode>nicht um den Stand, der lediglich die Voraussetzungen des Kon¬</Unicode>
                </TextEquiv>
            </TextLine>
            <TextLine id="r2l12" custom="readingOrder {index:11;}">
                <Coords points="1823,1067 2897,1057 2912,1018 1823,1023"/>
                <Baseline points="1830,1058 1883,1056 1937,1055 1991,1054 2045,1053 2098,1053 2152,1052 2206,1052 2260,1051 2313,1051 2367,1051 2421,1050 2475,1050 2528,1050 2582,1049 2636,1049 2690,1047 2743,1047 2797,1046 2851,1044 2905,1042"/>
                <TextEquiv>
                    <Unicode>liktes giebt. Das Büchlein ist weder zur Ehre, noch zur Unehre</Unicode>
                </TextEquiv>
            </TextLine>
            <TextLine id="r2l13" custom="readingOrder {index:12;}">
                <Coords points="1813,1103 2916,1094 2895,1055 2813,1048 1812,1064"/>
                <Baseline points="1819,1095 1873,1094 1928,1093 1982,1092 2037,1091 2091,1091 2146,1090 2200,1089 2255,1089 2309,1089 2364,1088 2418,1088 2473,1087 2527,1087 2582,1087 2636,1086 2691,1086 2745,1086 2800,1086 2854,1085 2909,1085"/>
                <TextEquiv>
                    <Unicode>des Militärstandes geschrieben — es ist, wie jede ernste Dichtung,</Unicode>
                </TextEquiv>
            </TextLine>
            <TextLine id="r2l14" custom="readingOrder {index:13;}">
                <Coords points="1815,1139 2914,1132 2873,1088 1815,1103"/>
                <Baseline points="1822,1134 1876,1133 1930,1131 1984,1131 2039,1129 2093,1129 2147,1128 2201,1128 2256,1127 2310,1127 2364,1126 2418,1126 2473,1125 2527,1125 2581,1124 2635,1124 2690,1124 2744,1123 2798,1123 2852,1122 2907,1122"/>
                <TextEquiv>
                    <Unicode>ein konzentrirtes Stück Leben, in dem eine Natur und eine</Unicode>
                </TextEquiv>
            </TextLine>
            <TextLine id="r2l15" custom="readingOrder {index:14;}">
                <Coords points="1809,1173 2916,1164 2915,1127 2750,1121 1808,1138"/>
                <Baseline points="1816,1172 1870,1171 1925,1170 1979,1170 2034,1169 2089,1169 2143,1168 2198,1167 2253,1167 2307,1166 2362,1166 2417,1165 2471,1164 2526,1164 2581,1163 2635,1163 2690,1162 2745,1162 2799,1162 2854,1161 2909,1161"/>
                <TextEquiv>
                    <Unicode>Lebensfrage hart aneinander gerathen. Diejenigen, die Buch und</Unicode>
                </TextEquiv>
            </TextLine>
            <TextLine id="r2l16" custom="readingOrder {index:15;}">
                <Coords points="1811,1221 2915,1211 2914,1164 1810,1176"/>
                <Baseline points="1818,1211 1872,1210 1927,1209 1981,1208 2036,1208 2090,1207 2145,1206 2199,1206 2254,1205 2308,1205 2363,1204 2417,1204 2472,1203 2526,1203 2581,1203 2635,1202 2690,1202 2744,1201 2799,1201 2853,1201 2908,1200"/>
                <TextEquiv>
                    <Unicode>Antor zu verurtheilen und zu strafen versuchten, finden es</Unicode>
                </TextEquiv>
            </TextLine>
            <TextLine id="r2l17" custom="readingOrder {index:16;}">
                <Coords points="1819,1252 2845,1254 2912,1249 2912,1210 1819,1222"/>
                <Baseline points="1826,1251 1882,1249 1939,1248 1996,1246 2053,1245 2109,1244 2166,1243 2223,1243 2280,1242 2337,1242 2393,1242 2450,1241 2507,1241 2564,1241 2621,1241 2677,1240 2734,1240 2791,1240 2848,1239 2905,1239"/>
                <TextEquiv>
                    <Unicode>anstößig, daß ein militärisches Individuum in seiner</Unicode>
                </TextEquiv>
            </TextLine>
            <TextLine id="r2l18" custom="readingOrder {index:17;}">
                <Coords points="1813,1290 2882,1298 2910,1249 1813,1256"/>
                <Baseline points="1820,1286 1874,1286 1928,1285 1982,1285 2036,1285 2090,1284 2144,1284 2199,1283 2253,1283 2307,1282 2361,1282 2415,1281 2469,1280 2523,1280 2578,1279 2632,1279 2686,1278 2740,1278 2794,1277 2848,1277 2903,1277"/>
                <TextEquiv>
                    <Unicode>Schwäche von einem Manne, der dem Armeeverbande ange¬</Unicode>
                </TextEquiv>
            </TextLine>
            <TextLine id="r2l19" custom="readingOrder {index:18;}">
                <Coords points="1814,1336 2839,1327 2815,1274 1814,1290"/>
                <Baseline points="1821,1326 1871,1325 1922,1324 1972,1324 2023,1323 2073,1322 2124,1322 2174,1321 2225,1321 2275,1321 2326,1320 2376,1320 2427,1319 2477,1319 2528,1319 2578,1318 2629,1317 2679,1317 2730,1316 2780,1315 2831,1314"/>
                <TextEquiv>
                    <Unicode>hört, dargestellt wird. Aber welcher Stand der Welt</Unicode>
                </TextEquiv>
            </TextLine>
            <TextLine id="r2l20" custom="readingOrder {index:19;}">
                <Coords points="1809,1369 2870,1369 2901,1313 1808,1334"/>
                <Baseline points="1815,1365 1869,1364 1923,1363 1977,1362 2031,1361 2085,1361 2139,1360 2193,1359 2247,1359 2301,1358 2355,1357 2409,1357 2463,1357 2517,1356 2571,1356 2625,1355 2679,1355 2733,1355 2787,1355 2841,1354 2895,1354"/>
                <TextEquiv>
                    <Unicode>vom Fürsten bis zum Lastträger — kann sich denn der Erkenntui</Unicode>
                </TextEquiv>
            </TextLine>
            <TextLine id="r2l21" custom="readingOrder {index:20;}">
                <Coords points="2689,1407 2734,1400 2750,1410 2768,1393 2784,1408 2813,1397 2828,1402 2838,1392 2850,1404 2865,1399 2874,1407 2911,1399 2911,1369 2892,1360 2870,1369 2859,1363 2820,1368 2809,1360 2801,1367 2779,1360 2758,1368 2730,1354 2714,1367 2689,1364"/>
                <Baseline points="2696,1393 2722,1393 2748,1394 2774,1394 2800,1394 2826,1394 2852,1394 2878,1394 2904,1393"/>
                <TextEquiv>
                    <Unicode>geist sei, voll¬</Unicode>
                </TextEquiv>
            </TextLine>
            <TextLine id="r2l22" custom="readingOrder {index:21;}">
                <Coords points="1812,1410 2425,1410 2451,1402 2451,1367 1811,1372"/>
                <Baseline points="1818,1402 1849,1402 1880,1402 1911,1401 1943,1401 1974,1401 2005,1401 2037,1400 2068,1400 2099,1400 2131,1399 2162,1399 2193,1399 2224,1398 2256,1398 2287,1398 2318,1398 2350,1398 2381,1398 2412,1398 2444,1398"/>
                <TextEquiv>
                    <Unicode>verschließen, daß er, so trefflich aus</Unicode>
                </TextEquiv>
            </TextLine>
            <TextLine id="r2l23" custom="readingOrder {index:22;}">
                <Coords points="2683,1435 2717,1445 2764,1438 2781,1444 2796,1436 2816,1446 2833,1436 2844,1444 2885,1437 2901,1446 2900,1404 2866,1400 2838,1411 2815,1398 2779,1404 2768,1393 2754,1407 2734,1399 2683,1406"/>
                <Baseline points="2689,1434 2714,1433 2740,1433 2765,1432 2791,1432 2816,1432 2842,1432 2867,1433 2893,1434"/>
                <TextEquiv>
                    <Unicode>und daß auc</Unicode>
                </TextEquiv>
            </TextLine>
            <TextLine id="r2l24" custom="readingOrder {index:23;}">
                <Coords points="1819,1445 2535,1434 2534,1410 2482,1398 1819,1415"/>
                <Baseline points="1826,1442 1861,1442 1896,1441 1931,1440 1966,1440 2001,1439 2036,1438 2071,1438 2106,1437 2141,1437 2177,1437 2212,1436 2247,1436 2282,1436 2317,1436 2352,1436 2387,1436 2422,1436 2457,1436 2492,1436 2528,1436"/>
                <TextEquiv>
                    <Unicode>werthige und minderwerthige Elemente in</Unicode>
                </TextEquiv>
            </TextLine>
            <TextLine id="r2l25" custom="readingOrder {index:24;}">
                <Coords points="2715,1482 2745,1484 2771,1471 2781,1477 2825,1476 2833,1483 2843,1476 2855,1482 2886,1477 2894,1486 2906,1480 2906,1439 2869,1437 2844,1445 2833,1436 2819,1443 2792,1437 2781,1444 2764,1437 2750,1444 2715,1443"/>
                <Baseline points="2722,1471 2747,1471 2772,1471 2798,1471 2823,1470 2849,1470 2874,1470 2900,1470"/>
                <TextEquiv>
                    <Unicode>es thunlic</Unicode>
                </TextEquiv>
            </TextLine>
            <TextLine id="r2l26" custom="readingOrder {index:25;}">
                <Coords points="1820,1492 1903,1479 2067,1494 2176,1475 2274,1501 2273,1444 2259,1442 1906,1444 1894,1457 1820,1446"/>
                <Baseline points="1827,1480 1852,1480 1878,1480 1904,1480 1930,1479 1956,1479 1982,1478 2008,1478 2034,1477 2059,1477 2085,1476 2111,1476 2137,1475 2163,1475 2189,1475 2215,1475 2241,1475 2267,1475"/>
                <TextEquiv>
                    <Unicode>seine Angehörigen der Schul</Unicode>
                </TextEquiv>
            </TextLine>
            <TextLine id="r2l27" custom="readingOrder {index:26;}">
                <Coords points="1818,1531 2884,1523 2907,1478 1818,1491"/>
                <Baseline points="1825,1518 1878,1518 1932,1518 1986,1517 2040,1516 2094,1516 2147,1515 2201,1515 2255,1514 2309,1513 2363,1513 2416,1512 2470,1512 2524,1511 2578,1511 2632,1510 2685,1510 2739,1510 2793,1509 2847,1509 2901,1509"/>
                <TextEquiv>
                    <Unicode>oder auch nur zweckmäßig, dieses offene Geheimniß verhüllen zu</Unicode>
                </TextEquiv>
            </TextLine>
            <TextLine id="r2l28" custom="readingOrder {index:27;}">
                <Coords points="2651,1557 2686,1562 2694,1553 2726,1553 2740,1564 2762,1554 2825,1552 2837,1560 2852,1549 2913,1555 2913,1521 2881,1522 2866,1512 2815,1522 2785,1515 2736,1521 2705,1509 2684,1524 2651,1518"/>
                <Baseline points="2658,1550 2685,1549 2713,1549 2740,1548 2768,1548 2795,1548 2823,1547 2850,1547 2878,1547 2906,1548"/>
                <TextEquiv>
                    <Unicode>s Ideal an den</Unicode>
                </TextEquiv>
            </TextLine>
            <TextLine id="r2l29" custom="readingOrder {index:28;}">
                <Coords points="1817,1561 2298,1548 2377,1570 2498,1562 2498,1517 1817,1530"/>
                <Baseline points="1824,1557 1857,1556 1890,1555 1924,1555 1957,1554 1990,1554 2024,1554 2057,1553 2090,1553 2124,1553 2157,1553 2190,1553 2224,1553 2257,1553 2290,1553 2324,1553 2357,1553 2390,1553 2424,1553 2457,1552 2491,1551"/>
                <TextEquiv>
                    <Unicode>wollen? Wir erkennen ja in jedem B</Unicode>
                </TextEquiv>
            </TextLine>
            <TextLine id="r2l30" custom="readingOrder {index:29;}">
                <Coords points="2749,1599 2761,1602 2770,1593 2783,1595 2798,1587 2824,1602 2836,1591 2918,1593 2917,1563 2908,1564 2899,1556 2873,1559 2855,1548 2839,1560 2826,1553 2749,1558"/>
                <Baseline points="2756,1588 2781,1586 2807,1586 2833,1586 2859,1586 2885,1586 2911,1585"/>
                <TextEquiv>
                    <Unicode>jen haben.</Unicode>
                </TextEquiv>
            </TextLine>
            <TextLine id="r2l31" custom="readingOrder {index:30;}">
                <Coords points="2325,1603 2333,1603 2337,1599 2344,1603 2352,1598 2356,1599 2362,1594 2369,1595 2378,1591 2382,1595 2389,1595 2389,1564 2382,1564 2374,1569 2370,1565 2367,1568 2348,1555 2336,1558 2325,1555"/>
                <Baseline points="2332,1589 2357,1591 2382,1589"/>
                <TextEquiv>
                    <Unicode>ch</Unicode>
                </TextEquiv>
            </TextLine>
            <TextLine id="r2l32" custom="readingOrder {index:31;}">
                <Coords points="1817,1600 2050,1609 2072,1592 2116,1603 2150,1588 2166,1603 2206,1602 2263,1596 2263,1562 1816,1562"/>
                <Baseline points="1823,1593 1848,1593 1873,1594 1899,1594 1924,1594 1950,1594 1975,1594 2001,1593 2026,1593 2052,1593 2077,1592 2103,1592 2128,1591 2154,1591 2179,1590 2205,1590 2230,1590 2256,1590"/>
                <TextEquiv>
                    <Unicode>Abweichungen, die wir 1</Unicode>
                </TextEquiv>
            </TextLine>
            <TextLine id="r2l33" custom="readingOrder {index:32;}">
                <Coords points="2683,1633 2696,1626 2727,1639 2736,1629 2757,1634 2780,1628 2799,1636 2831,1621 2849,1633 2856,1627 2865,1633 2898,1629 2897,1592 2853,1590 2827,1600 2798,1587 2747,1600 2737,1592 2703,1597 2682,1587"/>
                <Baseline points="2689,1625 2714,1626 2739,1626 2764,1625 2790,1625 2815,1624 2840,1624 2865,1623 2891,1623"/>
                <TextEquiv>
                    <Unicode>endienste Auk</Unicode>
                </TextEquiv>
            </TextLine>
            <TextLine id="r2l34" custom="readingOrder {index:33;}">
                <Coords points="1813,1647 2257,1626 2320,1651 2532,1634 2532,1601 1812,1598"/>
                <Baseline points="1820,1635 1855,1635 1890,1634 1925,1633 1961,1633 1996,1632 2031,1631 2067,1630 2102,1630 2137,1629 2173,1628 2208,1628 2243,1627 2278,1626 2314,1626 2349,1626 2384,1626 2420,1626 2455,1626 2490,1627 2526,1628"/>
                <TextEquiv>
                    <Unicode>Oder soll nur die kleine Minderheit der v</Unicode>
                </TextEquiv>
            </TextLine>
            <TextLine id="r2l35" custom="readingOrder {index:34;}">
                <Coords points="2643,1686 2694,1671 2724,1680 2747,1665 2790,1681 2811,1670 2838,1679 2854,1666 2866,1676 2916,1672 2916,1629 2852,1640 2823,1625 2799,1636 2772,1629 2728,1638 2697,1626 2643,1638"/>
                <Baseline points="2649,1666 2675,1665 2701,1664 2727,1663 2753,1663 2779,1663 2805,1664 2831,1664 2857,1665 2883,1665 2909,1666"/>
                <TextEquiv>
                    <Unicode>risches Bild aus</Unicode>
                </TextEquiv>
            </TextLine>
            <TextLine id="r2l36" custom="readingOrder {index:35;}">
                <Coords points="1819,1682 1889,1692 1962,1673 2151,1670 2295,1686 2294,1640 2255,1626 2229,1641 2142,1642 2120,1626 2098,1641 2054,1627 2028,1645 1819,1646"/>
                <Baseline points="1826,1672 1851,1672 1877,1671 1903,1671 1928,1671 1954,1670 1980,1670 2005,1669 2031,1669 2057,1668 2082,1668 2108,1668 2134,1667 2159,1667 2185,1667 2211,1667 2236,1667 2262,1668 2288,1668"/>
                <TextEquiv>
                    <Unicode>geschlossenen ein Recht haber</Unicode>
                </TextEquiv>
            </TextLine>
            <TextLine id="r2l37" custom="readingOrder {index:36;}">
                <Coords points="1819,1720 2203,1719 2223,1704 2304,1721 2405,1711 2404,1671 1818,1683"/>
                <Baseline points="1826,1710 1854,1709 1883,1709 1911,1709 1940,1709 1969,1708 1997,1708 2026,1708 2054,1707 2083,1707 2112,1707 2140,1706 2169,1706 2197,1706 2226,1706 2255,1705 2283,1705 2312,1705 2340,1706 2369,1706 2398,1706"/>
                <TextEquiv>
                    <Unicode>dem militärischen Leben zu bieten?</Unicode>
                </TextEquiv>
            </TextLine>
            <TextLine id="r2l38" custom="readingOrder {index:37;}">
                <Coords points="2690,1748 2748,1755 2756,1746 2789,1744 2807,1752 2848,1746 2865,1757 2879,1745 2902,1753 2902,1686 2880,1687 2865,1701 2824,1687 2802,1709 2764,1695 2755,1704 2730,1693 2690,1693"/>
                <Baseline points="2697,1742 2725,1741 2753,1742 2782,1742 2810,1742 2839,1742 2867,1742 2896,1741"/>
                <TextEquiv>
                    <Unicode>rischer Körper</Unicode>
                </TextEquiv>
            </TextLine>
            <TextLine id="r2l39" custom="readingOrder {index:38;}">
                <Coords points="2484,1754 2506,1746 2530,1755 2546,1755 2560,1748 2566,1752 2571,1748 2592,1750 2591,1702 2577,1703 2570,1699 2560,1709 2545,1700 2541,1703 2537,1700 2531,1706 2520,1705 2505,1693 2497,1701 2483,1700"/>
                <Baseline points="2491,1745 2522,1745 2553,1744 2585,1743"/>
                <TextEquiv>
                    <Unicode>ungen</Unicode>
                </TextEquiv>
            </TextLine>
            <TextLine id="r2l40" custom="readingOrder {index:39;}">
                <Coords points="1859,1764 1937,1747 2010,1761 2039,1747 2110,1759 2256,1753 2255,1720 2221,1712 2048,1712 2028,1724 1858,1714"/>
                <Baseline points="1866,1750 1891,1748 1916,1748 1942,1747 1967,1746 1993,1746 2018,1746 2044,1746 2069,1746 2095,1746 2120,1745 2146,1745 2171,1745 2197,1745 2222,1745 2248,1744"/>
                <TextEquiv>
                    <Unicode>Und wenn solche literar</Unicode>
                </TextEquiv>
            </TextLine>
            <TextLine id="r2l41" custom="readingOrder {index:40;}">
                <Coords points="2634,1788 2724,1796 2740,1785 2791,1793 2866,1781 2885,1794 2921,1785 2921,1747 2896,1754 2878,1744 2863,1758 2848,1746 2634,1752"/>
                <Baseline points="2641,1781 2668,1781 2695,1781 2722,1781 2750,1781 2777,1780 2804,1780 2832,1780 2859,1780 2886,1780 2914,1781"/>
                <TextEquiv>
                    <Unicode>eit ihr Siegel der</Unicode>
                </TextEquiv>
            </TextLine>
            <TextLine id="r2l42" custom="readingOrder {index:41;}">
                <Coords points="2410,1794 2453,1792 2457,1787 2467,1793 2483,1784 2508,1799 2518,1793 2523,1796 2534,1786 2550,1789 2549,1753 2530,1756 2506,1747 2492,1755 2454,1746 2432,1757 2419,1751 2410,1754"/>
                <Baseline points="2417,1783 2442,1782 2467,1782 2492,1781 2517,1781 2543,1781"/>
                <TextEquiv>
                    <Unicode>e Oeffen</Unicode>
                </TextEquiv>
            </TextLine>
            <TextLine id="r2l43" custom="readingOrder {index:42;}">
                <Coords points="1827,1795 2287,1791 2287,1755 1826,1751"/>
                <Baseline points="1834,1788 1860,1787 1886,1787 1912,1786 1938,1786 1965,1785 1991,1785 2017,1785 2043,1784 2070,1784 2096,1784 2122,1784 2148,1784 2175,1783 2201,1784 2227,1784 2253,1784 2280,1784"/>
                <TextEquiv>
                    <Unicode>schaften in Schwung kämen</Unicode>
                </TextEquiv>
            </TextLine>
            <TextLine id="r2l44" custom="readingOrder {index:43;}">
                <Coords points="2295,1833 2918,1831 2918,1785 2727,1802 2295,1792"/>
                <Baseline points="2302,1817 2332,1818 2363,1819 2393,1819 2424,1820 2454,1820 2485,1820 2515,1820 2546,1820 2576,1820 2607,1820 2637,1820 2668,1819 2698,1819 2729,1818 2759,1818 2790,1818 2820,1818 2851,1818 2881,1818 2912,1819"/>
                <TextEquiv>
                    <Unicode>e— wo wäre die Grenze zu finden?</Unicode>
                </TextEquiv>
            </TextLine>
            <TextLine id="r2l45" custom="readingOrder {index:44;}">
                <Coords points="1819,1831 1992,1826 2024,1838 2057,1822 2180,1837 2223,1827 2222,1795 2203,1788 2083,1799 2062,1789 2040,1805 1991,1791 1818,1794"/>
                <Baseline points="1826,1826 1852,1825 1878,1825 1904,1825 1930,1825 1956,1824 1982,1824 2008,1824 2034,1824 2060,1823 2086,1823 2112,1823 2138,1823 2164,1823 2190,1823 2216,1823"/>
                <TextEquiv>
                    <Unicode>Auerkennung darauf d</Unicode>
                </TextEquiv>
            </TextLine>
            <TextLine id="r2l46" custom="readingOrder {index:45;}">
                <Coords points="2495,1867 2650,1860 2697,1872 2715,1855 2916,1872 2916,1829 2494,1826"/>
                <Baseline points="2502,1857 2527,1858 2553,1858 2578,1858 2604,1858 2629,1858 2655,1858 2680,1857 2706,1857 2731,1857 2757,1856 2782,1856 2808,1856 2833,1856 2859,1856 2884,1857 2910,1857"/>
                <TextEquiv>
                    <Unicode>skodex für die Behandlung</Unicode>
                </TextEquiv>
            </TextLine>
            <TextLine id="r2l47" custom="readingOrder {index:46;}">
                <Coords points="2324,1862 2339,1865 2348,1874 2357,1866 2362,1868 2365,1865 2370,1869 2377,1863 2383,1868 2394,1864 2402,1865 2403,1829 2377,1825 2370,1831 2365,1825 2356,1829 2354,1826 2341,1827 2339,1824 2325,1828"/>
                <Baseline points="2331,1858 2363,1860 2395,1860"/>
                <TextEquiv>
                    <Unicode>Ehre</Unicode>
                </TextEquiv>
            </TextLine>
            <TextLine id="r2l48" custom="readingOrder {index:47;}">
                <Coords points="1815,1870 2247,1866 2246,1828 2219,1825 2179,1837 2053,1822 2026,1837 1815,1831"/>
                <Baseline points="1822,1865 1848,1864 1874,1864 1900,1863 1926,1863 1952,1863 1978,1862 2004,1862 2031,1861 2057,1861 2083,1861 2109,1861 2135,1861 2161,1861 2187,1861 2213,1861 2240,1861"/>
                <TextEquiv>
                    <Unicode>Müßte sich nicht bald auch</Unicode>
                </TextEquiv>
            </TextLine>
            <TextLine id="r2l49" custom="readingOrder {index:48;}">
                <Coords points="1816,1909 2823,1910 2920,1903 2920,1871 1815,1871"/>
                <Baseline points="1823,1903 1877,1902 1932,1901 1986,1901 2041,1900 2095,1900 2150,1899 2204,1899 2259,1898 2313,1898 2368,1898 2422,1897 2477,1897 2531,1897 2586,1896 2640,1896 2695,1896 2749,1895 2804,1895 2858,1895 2913,1895"/>
                <TextEquiv>
                    <Unicode>anderer Stände, wie sie dem jeweiligen militärischen Standpunkte</Unicode>
                </TextEquiv>
            </TextLine>
            <TextLine id="r2l50" custom="readingOrder {index:49;}">
                <Coords points="1822,1947 2928,1945 2904,1900 2707,1893 1822,1913"/>
                <Baseline points="1828,1943 1882,1942 1937,1940 1991,1939 2046,1939 2101,1938 2155,1937 2210,1937 2265,1936 2319,1936 2374,1936 2429,1935 2483,1935 2538,1935 2593,1934 2647,1934 2702,1934 2757,1934 2811,1933 2866,1933 2921,1933"/>
                <TextEquiv>
                    <Unicode>entspricht, herausbilden? Und diese anderen Stände, die ja — jeder</Unicode>
                </TextEquiv>
            </TextLine>
            <TextLine id="r2l51" custom="readingOrder {index:50;}">
                <Coords points="1817,1982 2920,1980 2920,1948 2821,1932 1817,1946"/>
                <Baseline points="1824,1978 1878,1978 1932,1977 1987,1977 2041,1976 2096,1976 2150,1975 2205,1975 2259,1975 2314,1974 2368,1974 2422,1974 2477,1974 2531,1973 2586,1973 2640,1973 2695,1972 2749,1972 2804,1972 2858,1971 2913,1971"/>
                <TextEquiv>
                    <Unicode>in seiner Art — gleichfalls orgayisirt sind, würden sie es auf die</Unicode>
                </TextEquiv>
            </TextLine>
            <TextLine id="r2l52" custom="readingOrder {index:51;}">
                <Coords points="1819,2024 2890,2024 2926,1981 1819,1984"/>
                <Baseline points="1826,2019 1880,2018 1935,2017 1989,2016 2044,2015 2099,2015 2153,2014 2208,2014 2263,2013 2317,2013 2372,2012 2427,2012 2481,2012 2536,2011 2591,2011 2645,2011 2700,2010 2755,2010 2809,2010 2864,2009 2919,2009"/>
                <TextEquiv>
                    <Unicode>Dauer gleichgiltig ansehen, daß nur die Menschen eines Berufs</Unicode>
                </TextEquiv>
            </TextLine>
            <TextLine id="r2l53" custom="readingOrder {index:52;}">
                <Coords points="2312,2061 2584,2059 2631,2079 2671,2059 2922,2059 2912,2016 2701,2011 2632,2033 2611,2017 2312,2018"/>
                <Baseline points="2319,2051 2348,2051 2378,2052 2408,2052 2438,2052 2467,2052 2497,2052 2527,2052 2557,2052 2586,2051 2616,2050 2646,2050 2676,2050 2705,2050 2735,2050 2765,2049 2795,2049 2824,2049 2854,2049 2884,2049 2914,2050"/>
                <TextEquiv>
                    <Unicode>en? Man sieht, es giebt keinen Halt</Unicode>
                </TextEquiv>
            </TextLine>
            <TextLine id="r2l54" custom="readingOrder {index:53;}">
                <Coords points="1813,2057 1847,2068 2075,2058 2118,2070 2146,2055 2204,2059 2203,2021 2148,2013 2122,2027 2052,2021 1991,2036 1944,2014 1917,2030 1813,2023"/>
                <Baseline points="1821,2055 1846,2055 1871,2056 1896,2056 1921,2056 1946,2056 1971,2056 1996,2056 2021,2055 2046,2055 2071,2055 2096,2054 2121,2053 2146,2052 2171,2052 2197,2051"/>
                <TextEquiv>
                    <Unicode>literarisch „geschützt" se</Unicode>
                </TextEquiv>
            </TextLine>
            <TextLine id="r2l55" custom="readingOrder {index:54;}">
                <Coords points="1820,2112 1887,2094 1942,2107 1966,2094 2008,2106 2054,2096 2080,2108 2228,2096 2227,2063 2202,2058 1858,2060 1819,2072"/>
                <Baseline points="1827,2095 1853,2095 1879,2094 1905,2094 1931,2094 1958,2093 1984,2093 2010,2092 2036,2092 2062,2091 2089,2091 2115,2091 2141,2090 2167,2090 2193,2090 2220,2090"/>
                <TextEquiv>
                    <Unicode>auf dieser schiefen Eben</Unicode>
                </TextEquiv>
            </TextLine>
            <TextLine id="r2l56" custom="readingOrder {index:55;}">
                <Coords points="1855,2150 2922,2143 2922,2094 1855,2101"/>
                <Baseline points="1862,2132 1914,2131 1967,2131 2019,2130 2072,2130 2125,2130 2177,2130 2230,2129 2283,2129 2335,2129 2388,2129 2441,2129 2493,2128 2546,2128 2599,2128 2651,2128 2704,2127 2757,2127 2809,2126 2862,2125 2915,2125"/>
                <TextEquiv>
                    <Unicode>Dem Stande, was dem Stande gebührt! Er sei puristisch</Unicode>
                </TextEquiv>
            </TextLine>
            <TextLine id="r2l57" custom="readingOrder {index:56;}">
                <Coords points="2501,2169 2933,2178 2933,2151 2874,2133 2762,2128 2689,2146 2606,2122 2559,2142 2501,2135"/>
                <Baseline points="2508,2167 2534,2166 2560,2166 2586,2166 2612,2166 2638,2165 2664,2165 2690,2165 2717,2165 2743,2165 2769,2165 2795,2165 2821,2165 2847,2165 2873,2166 2899,2166 2926,2166"/>
                <TextEquiv>
                    <Unicode>soweit er es sein kann,</Unicode>
                </TextEquiv>
            </TextLine>
            <TextLine id="r2l58" custom="readingOrder {index:57;}">
                <Coords points="1826,2179 2049,2170 2078,2185 2133,2163 2170,2182 2425,2176 2425,2140 2398,2132 2052,2150 1826,2137"/>
                <Baseline points="1832,2169 1861,2170 1890,2170 1920,2170 1949,2169 1978,2169 2008,2169 2037,2169 2066,2168 2096,2168 2125,2168 2154,2167 2184,2167 2213,2167 2242,2167 2272,2167 2301,2167 2330,2168 2360,2169 2389,2169 2419,2170"/>
                <TextEquiv>
                    <Unicode>in rechtlicher und sittlicher Beziehr</Unicode>
                </TextEquiv>
            </TextLine>
            <TextLine id="r2l59" custom="readingOrder {index:58;}">
                <Coords points="1820,2213 2919,2209 2905,2169 1819,2178"/>
                <Baseline points="1827,2209 1881,2209 1935,2208 1989,2208 2043,2208 2098,2207 2152,2207 2206,2206 2260,2206 2314,2206 2369,2205 2423,2205 2477,2205 2531,2205 2585,2204 2640,2204 2694,2204 2748,2203 2802,2203 2856,2203 2911,2202"/>
                <TextEquiv>
                    <Unicode>wenn fehlbare Menschen ihm angehören sollen. Er schaffe</Unicode>
                </TextEquiv>
            </TextLine>
            <TextLine id="r2l60" custom="readingOrder {index:59;}">
                <Coords points="1828,2260 2922,2257 2922,2209 1827,2215"/>
                <Baseline points="1834,2248 1888,2247 1942,2247 1996,2246 2050,2246 2104,2245 2158,2245 2212,2245 2266,2244 2320,2244 2374,2244 2428,2244 2482,2244 2536,2244 2590,2243 2644,2243 2698,2243 2752,2243 2806,2243 2860,2242 2915,2242"/>
                <TextEquiv>
                    <Unicode>Normen für die Ordnung seiner inneren Angelegenheiten, so ernst</Unicode>
                </TextEquiv>
            </TextLine>
            <TextLine id="r2l61" custom="readingOrder {index:60;}">
                <Coords points="1821,2297 2921,2292 2920,2255 2845,2245 1820,2258"/>
                <Baseline points="1828,2288 1882,2287 1936,2286 1990,2285 2045,2285 2099,2285 2153,2284 2208,2284 2262,2284 2316,2283 2371,2283 2425,2283 2479,2283 2533,2282 2588,2282 2642,2282 2696,2281 2751,2281 2805,2280 2859,2279 2914,2279"/>
                <TextEquiv>
                    <Unicode>und streng, als es im Rahmen der allgemein giltige Staats¬</Unicode>
                </TextEquiv>
            </TextLine>
            <TextLine id="r2l62" custom="readingOrder {index:61;}">
                <Coords points="1831,2339 2895,2331 2917,2292 1831,2297"/>
                <Baseline points="1838,2326 1891,2325 1945,2324 1998,2324 2052,2323 2106,2323 2159,2322 2213,2322 2267,2322 2320,2321 2374,2321 2428,2321 2481,2321 2535,2320 2589,2320 2642,2320 2696,2320 2750,2320 2803,2319 2857,2319 2911,2318"/>
                <TextEquiv>
                    <Unicode>gesetze möglich ist! Aber auch dem Volke, was dem Volke ge¬</Unicode>
                </TextEquiv>
            </TextLine>
            <TextLine id="r2l63" custom="readingOrder {index:62;}">
                <Coords points="1824,2372 2860,2372 2920,2366 2920,2328 1823,2335"/>
                <Baseline points="1831,2362 1885,2362 1939,2362 1993,2362 2047,2362 2101,2362 2155,2362 2209,2361 2263,2361 2317,2361 2372,2360 2426,2360 2480,2360 2534,2359 2588,2359 2642,2358 2696,2358 2750,2358 2804,2357 2858,2357 2913,2357"/>
                <TextEquiv>
                    <Unicode>bührt! Der Dichter, der Künstler, der ein Werk darbietet, gehört,</Unicode>
                </TextEquiv>
            </TextLine>
            <TextLine id="r2l64" custom="readingOrder {index:63;}">
                <Coords points="1834,2407 2847,2411 2920,2404 2920,2366 1834,2373"/>
                <Baseline points="1841,2401 1894,2401 1948,2401 2001,2401 2055,2401 2109,2401 2162,2400 2216,2400 2269,2400 2323,2399 2377,2399 2430,2398 2484,2398 2537,2397 2591,2397 2645,2396 2698,2396 2752,2396 2805,2395 2859,2395 2913,2395"/>
                <TextEquiv>
                    <Unicode>welchen Beruf er sonst ausüben mag, mit seiner Schöpfung der</Unicode>
                </TextEquiv>
            </TextLine>
            <TextLine id="r2l65" custom="readingOrder {index:64;}">
                <Coords points="1838,2446 2921,2447 2921,2403 1837,2408"/>
                <Baseline points="1844,2441 1897,2441 1951,2440 2004,2439 2058,2439 2111,2439 2165,2438 2218,2438 2272,2437 2325,2437 2379,2437 2433,2436 2486,2436 2540,2436 2593,2435 2647,2435 2700,2435 2754,2434 2807,2434 2861,2433 2915,2433"/>
                <TextEquiv>
                    <Unicode>Gesammtheit, der Nation. Ihren Gesetzen allein sind Antor und</Unicode>
                </TextEquiv>
            </TextLine>
            <TextLine id="r2l66" custom="readingOrder {index:65;}">
                <Coords points="1826,2486 2920,2479 2920,2446 2852,2437 1826,2444"/>
                <Baseline points="1834,2480 1890,2479 1947,2478 2004,2477 2061,2477 2117,2476 2174,2476 2231,2476 2288,2475 2345,2475 2401,2475 2458,2475 2515,2474 2572,2474 2629,2474 2685,2473 2742,2473 2799,2472 2856,2471 2913,2470"/>
                <TextEquiv>
                    <Unicode>Werk unterworfen — sie und nur sie ist auf diesem Felde</Unicode>
                </TextEquiv>
            </TextLine>
            <TextLine id="r2l67" custom="readingOrder {index:66;}">
                <Coords points="1837,2522 2831,2525 2934,2516 2934,2484 1836,2487"/>
                <Baseline points="1843,2517 1897,2517 1951,2517 2005,2517 2059,2516 2114,2516 2168,2515 2222,2515 2276,2514 2330,2514 2385,2513 2439,2513 2493,2512 2547,2512 2601,2511 2656,2511 2710,2511 2764,2511 2818,2511 2872,2511 2927,2511"/>
                <TextEquiv>
                    <Unicode>sein Areopag, sein berufenes Ehrengericht. Nur durch ihre</Unicode>
                </TextEquiv>
            </TextLine>
            <TextLine id="r2l68" custom="readingOrder {index:67;}">
                <Coords points="1826,2561 2918,2560 2933,2517 1826,2523"/>
                <Baseline points="1833,2555 1887,2556 1942,2556 1997,2556 2051,2556 2106,2555 2161,2555 2215,2555 2270,2554 2325,2554 2380,2553 2434,2552 2489,2552 2544,2551 2598,2551 2653,2550 2708,2550 2762,2550 2817,2549 2872,2549 2927,2549"/>
                <TextEquiv>
                    <Unicode>Uktheile gelangen wir zu einer großen Nationalliteratur. Der</Unicode>
                </TextEquiv>
            </TextLine>
            <TextLine id="r2l69" custom="readingOrder {index:68;}">
                <Coords points="1821,2609 2924,2611 2923,2560 2850,2551 1820,2562"/>
                <Baseline points="1827,2595 1881,2595 1935,2595 1990,2595 2044,2595 2099,2595 2153,2594 2208,2594 2262,2593 2317,2593 2371,2592 2425,2592 2480,2591 2534,2591 2589,2590 2643,2589 2698,2589 2752,2588 2807,2588 2861,2587 2916,2586"/>
                <TextEquiv>
                    <Unicode>traurigste und kleinlichste Gegensatz einer Nationalliteratur aber</Unicode>
                </TextEquiv>
            </TextLine>
            <TextLine id="r2l70" custom="readingOrder {index:69;}">
                <Coords points="1825,2639 2872,2643 2902,2596 1825,2606"/>
                <Baseline points="1832,2634 1885,2634 1938,2635 1991,2635 2044,2634 2097,2634 2150,2634 2204,2633 2257,2633 2310,2633 2363,2632 2416,2631 2469,2631 2522,2630 2576,2630 2629,2630 2682,2629 2735,2629 2788,2629 2841,2629 2895,2629"/>
                <TextEquiv>
                    <Unicode>wäre eine Reihe von konzessionirten Standesliteraturen. A. K.</Unicode>
                </TextEquiv>
            </TextLine>
            <TextEquiv>
                <Unicode>als ein Mustermeusch, er ist sinnlich, oberflächlich, genußsüchtig
— aber er hat auch bessere
und mangelhaft gebildet
Regungen, die sich im Hinblick auf den nahen Tod ver¬
tärken und der kategorische Imperativ der Pflicht, wie er
diese eben zu fassen vermag, ist nicht ohne Kraft in ihm — er
ist eben eine Individualität, ein Mensch im Lentnantsrock. Zu¬
gegeben: die Schattenseiten sind überwiegend, wie es das künst¬
lerische Motiv hier nun einmal gefordert hat — so handelt es
sich dabei doch nur um eine scharf umschriebene Persönlichkeit und
nicht um den Stand, der lediglich die Voraussetzungen des Kon¬
liktes giebt. Das Büchlein ist weder zur Ehre, noch zur Unehre
des Militärstandes geschrieben — es ist, wie jede ernste Dichtung,
ein konzentrirtes Stück Leben, in dem eine Natur und eine
Lebensfrage hart aneinander gerathen. Diejenigen, die Buch und
Antor zu verurtheilen und zu strafen versuchten, finden es
anstößig, daß ein militärisches Individuum in seiner
Schwäche von einem Manne, der dem Armeeverbande ange¬
hört, dargestellt wird. Aber welcher Stand der Welt
vom Fürsten bis zum Lastträger — kann sich denn der Erkenntui
geist sei, voll¬
verschließen, daß er, so trefflich aus
und daß auc
werthige und minderwerthige Elemente in
es thunlic
seine Angehörigen der Schul
oder auch nur zweckmäßig, dieses offene Geheimniß verhüllen zu
s Ideal an den
wollen? Wir erkennen ja in jedem B
jen haben.
ch
Abweichungen, die wir 1
endienste Auk
Oder soll nur die kleine Minderheit der v
risches Bild aus
geschlossenen ein Recht haber
dem militärischen Leben zu bieten?
rischer Körper
ungen
Und wenn solche literar
eit ihr Siegel der
e Oeffen
schaften in Schwung kämen
e— wo wäre die Grenze zu finden?
Auerkennung darauf d
skodex für die Behandlung
Ehre
Müßte sich nicht bald auch
anderer Stände, wie sie dem jeweiligen militärischen Standpunkte
entspricht, herausbilden? Und diese anderen Stände, die ja — jeder
in seiner Art — gleichfalls orgayisirt sind, würden sie es auf die
Dauer gleichgiltig ansehen, daß nur die Menschen eines Berufs
en? Man sieht, es giebt keinen Halt
literarisch „geschützt" se
auf dieser schiefen Eben
Dem Stande, was dem Stande gebührt! Er sei puristisch
soweit er es sein kann,
in rechtlicher und sittlicher Beziehr
wenn fehlbare Menschen ihm angehören sollen. Er schaffe
Normen für die Ordnung seiner inneren Angelegenheiten, so ernst
und streng, als es im Rahmen der allgemein giltige Staats¬
gesetze möglich ist! Aber auch dem Volke, was dem Volke ge¬
bührt! Der Dichter, der Künstler, der ein Werk darbietet, gehört,
welchen Beruf er sonst ausüben mag, mit seiner Schöpfung der
Gesammtheit, der Nation. Ihren Gesetzen allein sind Antor und
Werk unterworfen — sie und nur sie ist auf diesem Felde
sein Areopag, sein berufenes Ehrengericht. Nur durch ihre
Uktheile gelangen wir zu einer großen Nationalliteratur. Der
traurigste und kleinlichste Gegensatz einer Nationalliteratur aber
wäre eine Reihe von konzessionirten Standesliteraturen. A. K.</Unicode>
            </TextEquiv>
        </TextRegion>
    </Page>
</PcGts>
