3276 4037
205 120 1020 203 10. Leutnant Gust
1211 131 1558 223 box 1/9
730 190 1047 248 „„IIWIIIITT
204 340 1134 422 deln! Oder, wenn Du ihn schon behandelst, muß
1142 364 1187 421 er
1213 337 2198 423 Gustl erzählt sich während des Konzerts eine Menge
214 400 1173 454 als ein Ausbund von Tugend und Weisheit hin
1220 407 2195 460 aus seinem kleinen Leben, auch daß er sich am
217 445 1173 511 gestellt werden! Der Dichter nimmt die Menschen
1213 452 2194 503 nächsten Tage mit einem Juristen um eines nichti¬
208 492 1185 542 wie sie sind, wie sie sich ihm darstellen, wie er sie
1212 498 2196 554 gen Anlasses willen schlagen wird. Beim Ausgang
216 528 1188 591 braucht. Dem militärischen Ehrengericht gefällt der
1211 536 2195 588 aus dem Konzert kommt es im Gedränge zwischen
218 566 987 625 Lieutenant Gustl nicht. Das begreift sich
1219 580 2200 638 Gustl und einem dicken Bäckermeister zu einem Ren¬
214 614 998 667 kommt da die Standesehre in Frage, und
1212 627 2198 692 contre. Man wird grob. Gustl will seine Offiziers¬
212 660 1134 727 Konsequenzen müßte der Standpunkt des Ehren##.
1215 670 2193 725 pflicht erfüllen und den Säbel ziehen. Der Bäcker¬
220 699 1110 755 führen?! Dann kann ja auch das Gremium
1130 696 1177 759 des
1213 712 2194 766 meister ist aber lesig stagh; mit eisernem Griff um¬
212 746 1185 799 Kaufleute zu Gericht sitzen, weil ein betrügerischer
1212 754 2194 812 klammert er die Hand, vir den Säbelknauf hält,
221 788 1189 842 aufmann geschildert worden ist, und der Verein der
1214 797 2196 858 flüstert dem Lieutenant „Dummer Bub!“ ins Ohr
216 831 1188 892 Handelsangestellten wird ein Vehmgericht etabliren,
1215 842 2193 894 und schiebt ihn bei Seite. Die Geschichte hat weiter
213 881 1141 934 weil in einem Roman ein Buchhalter mit der K
1155 885 1188 933 sse
1226 884 2202 946 ein Aufsehen gemacht, aber Gustl hält sich doch für
215 917 1115 972 durchbrennt. Und die Advokaten, die Aerzte,
1145 931 1178 977 9
1226 928 2196 989 erloren. Der Bäckermeister ist ihm entschwunden,
214 962 1105 1014 Universitätsprofessoren, die Künstler — sind nock
1225 969 2198 1038 ohne daß er ihn für die Insulte niederschlagen
210 1008 1179 1066 schuftige Exemplare aus ihren Berufen literarisch be¬
1220 1015 2188 1077 konnte. Er ist beschimpft, entehrt und nach seinen
204 1052 1180 1116 handelt worden?! Und wenn Lieutenant Gustl ein
1226 1062 2199 1122 nilitärischen Ehrbegriff bleibt ih. nun nichts Anderes
204 1097 1182 1158 Ausbund von Schlechtigkeit wäre, dürfte man kurzer
1219 1103 2198 1166 übrig, als sich zu erschießen. Nun wird die letzte
209 1134 1183 1188 Hand für seine Thaten und Meinungen den Autor
1224 1143 2197 1200 Nacht eines zum Tode Verurtheilten geschildert. Gustl
205 1180 644 1247 perantwortlich machen?
1212 1189 2200 1249 läuft im Prater herum, und was ihm dabei durch
315 1213 1186 1278 Ah, die Sache steht für den literarisch an¬
1225 1235 2193 1289 den Kopf geht, erzählt er. Er muß sich erschießen, es
211 1273 1183 1330 gehauchten Ehrenrath so schlimm, daß sie gar nicht
1213 1282 2196 1335 gibt keinen anderen Ausweg. Wie es Tag wird,
212 1316 1180 1367 schlimmer stehen könnte. Lieutenant Gustl ist nämlich
1214 1325 2192 1384 begibt er sich in ein Kaffeehaus. Er will erst
203 1357 1187 1414 gar kein Ausbund von Schlechtigkeit, und der Autor
1228 1364 2190 1421 rühstücken, bevor er sich erschießt. Dort erzählt ihm
211 1405 1190 1462 tritt auch in keiner einzigen Zeile hervor, um eine
1225 1413 2189 1461 der Marqueur, daß den gewissen Bäckermeister in
208 1450 1187 1504 eigene Meinung auszusprechen. Letzteres erhellt schon
1228 1451 2193 1502 er Nacht der Schlag getroffen habe. Gustl jubelt.
197 1494 1193 1551 aus der Art, wie die novellistische Studie komponirt
1220 1495 2187 1560 Niemand hat von seiner Schmach erfahren — er dar
200 1530 1180 1595 ist. Sie besteht nämlich von dem ersten bis zun
1214 1534 2190 1599 weiterleben. Er freut sich nun riefig auf sein Duell
203 1572 1191 1629 letzten Worte aus einem Monolog, den Lieutenant
1227 1584 2190 1654 nit dem Juristen und schwört, daß er ihn zu Krenn¬
198 1621 1181 1668 Guste hält. Diese Kunstform verräth ein gewisset
1225 1624 1843 1684 leisch zerhacken werde. — Schluß.
198 1656 1190 1722 Raffinement, und sie hat neben ihrem Vorzug des
1327 1664 2194 1729 Das ist das Gerippe der Handlung. Man sieht
198 1709 1188 1759 einheitlichen Tones doch auch ihre bedenklichen und
1221 1709 2186 1770 daraus, daß Gustl — was ja dem militärischen
205 1749 1183 1800 ermüdenden Schwächen. Die Geschichte beginnt da¬
1218 1755 2197 1807 Areopag als das Schrecklichste hätte erscheinen müssen
199 1790 1189 1845 mit, daß Lieutenant Gustl sich selber vorerzählt:
1276 1801 2190 1862 wenigstens nicht feig ist. Denn er freut sich auf
196 1840 1188 1900 Jetzt sitze ich im Konzert und langweile mich. Und
1221 1842 2187 1895 sein Duell. Was ihn drückte, war nur die vermeint¬
199 1878 1180 1928 Alles, was noch folgt, was er noch erlebt, erzähl
1220 1891 2188 1951 liche Schmach, die er nicht fühnen konnte. In der
211 1919 1186 1979 er sich selber. Es ist, als hätte der Dichter die
1224 1928 2196 1996 Handlung ist also nichts, was eine Kassirung cum
199 1960 1192 2034 Gedankenarbeit eines nicht sonderlich bedeutenden
1213 1973 2183 2031 infamia gerechtfertigt erscheinen lassen könnte. Blieber
195 2004 1185 2087 Gebirns während einiger Stunden photographirt.
1223 2022 2203 2086 also nur noch die Gedanken zu inkriminiren, die dem
1042 2218 2032 2277 lassen, daß er auf seine Wehrfähigkeit bedacht sei.
1041 2256 2039 2321 Er soll nicht auch noch eingreifen wollen in die
1045 2296 2023 2368 Gedankenwelt der Dichter und Denker. Eine mili¬
1032 2339 2036 2406 tärische Jury soll nicht darüber zu Gericht sitzen
1043 2386 2019 2449 dürsen, wie erlesene Geister zu dichten, zu musiziren
1047 2427 2026 2503 zu malen, zu bilden oder zu bauen haben. All¬
1053 2469 2023 2543 Poetenarbeit und alle künstlerische Thätigkeit muf
1047 2530 2025 2577 den Paragraphen seines Reglements entrückt bleiben
1035 2558 2020 2638 Der militärische Ehrenrath hat seine Kompetenzen
1044 2602 2018 2660 weit überschritten, als er sich zum Richter aufwar
1075 2645 2015 2710 ber eine Novelle, und als er um ihretwillen ihre
1054 2690 2006 2757 Urheber strafte. „Lientenant Gustl“ hat nun ein
1053 2728 2015 2805 historische Notorietät erlangt, und wenn er auch son
1044 2777 2013 2834 wielleicht nicht auf die Nachwelt gekommen wär
1043 2831 2006 2884 jetzt wird er es bestimmt, als ein Denkmal für di
1046 2860 2002 2938 Kampf um die geistige Freiheit, der noch gefüh
1058 2906 2011 2970 werden mußte bei Anbruch des XX. Jahrhunder
1163 2951 1996 3012 Das zweite Motiv der Abstrafung, daß
1053 2989 2000 3053 Dichter auf eine schmähende Kritik nicht „reagirt
1053 3041 1992 3100 kommt hier weniger in Betrucht. Denn das brir
1053 3084 1993 3149 wwenigstens keine neue Ueberraschung in die Wi
1054 3124 2002 3187 Der Dichter ist beschimpft worden, das ist richt
1053 3163 1988 3222 und das erforderte Strafe. Man sollte meinen, 1
1052 3209 1942 3279 der Strafe der verfallen müsse, der geschimpft,
1054 3241 1987 3312 anstatt literarisch Kritik zu üben, persönlich geschm
1057 3298 1987 3350 hat. In Wirklichkeit bestcaft wurde aber der Dich
1062 3340 1988 3403 der beschimpft worden ist. Er hätte sich schla
1063 3395 1941 3444 müssen. Der Ehrenrath fragt allerdings nicht,
1058 3427 1986 3484 geschimpft hat und wie das Individuum bescha
1061 3467 1957 3529 sei, das das Recht der Kritik zu einem Recht
1060 3500 1985 3575 Schmähung mißbraucht, ob denn wirklich ein M
1061 3561 1945 3610 von der Bedeutung Schnitzler's sich mit jedem
1059 3585 1971 3665 liebigen Rüpel und Raufbold einlassen solle. E¬
1057 3637 1975 3696 nicht „reagirt“ und nach dem bestehenden ritterli
1062 3695 1953 3741 Ehrenkodex ist er dadurch sachfällig jeworden.
1058 3729 1944 3788 Von unseren Standpunkt können allerdings
1060 3762 1928 3828 umhin, die Nichtbeachtung solcher Kritiken für
1057 3820 1978 3875 kommen korrekt und nur für durchaus vernür
1082 3866 1260 3940 finden.
2226 352 3190 443 armen Jungen in seiner Todesungst durch den Kop
2244 418 3193 495 chießen. Es mag ja einiges Reglementswidrige dar
2233 469 3207 523 unter sein, das ergibt sich aus der Situation, — wie
2237 503 3206 583 aber kommt Arthur Schnitzler dazu, dafür persönlich
2237 548 2877 607 verantwortlich gemacht zu werden?
2343 591 3211 663 Das Motiv, das den Dichter gereizt hat, liegt
2230 633 3211 691 ja klar zutage. Es galt einen psychologischen Konflikt
2235 683 3196 742 zu entwickeln, der zwar nicht mel neu, aber dock
2228 724 3199 785 interessant und wirkungssicher ist. Und wenn man
2224 764 3187 825 dem Dichter einen Vorwurf daraus machen wollte
2225 807 3184 865 daß er gerabe einen Lieutenant gewählt hat, um a
2220 849 3186 919 diesem einen ergreifenden seelischen Kampf zu exempli
2231 898 3200 955 ziren, so muß man sagen, daß er in diesem Falt#
2235 949 3198 1001 doch kaum anders konnte. Es mußte eben ein
2233 984 3193 1047 Offizier sein, um den Konflikt mit voller Schärfe in
2235 1028 3194 1079 die Erscheinung treten zu lassen und ihn überhaup
2237 1065 3197 1135 plausibel zu machen. Es ging gar nicht anders, und
2230 1118 3197 1171 sicherlich wäre ihm kein Haar gekrümmt worden,
2231 1163 3205 1212 wenn er zu seinem Helden einen — preußischen
2224 1200 3200 1265 Lieutenant gemacht hätte. Davor hat ihn aber sein
2222 1244 3204 1311 literarisches Gewissen bewahrt. Denn das Beste, das
2226 1283 3199 1344 einzig wirklich Gute und Künstlerische an der novel¬
2234 1329 3206 1382 istischen Studie ist die richtig sitzende, mit sou¬
2227 1371 3195 1423 veräner Sicherheit aufgetragene Lokalfarbe. Erst diese
2221 1415 3204 1470 macht das kleine Werk zu einem Kulturbilde von
2223 1461 3195 1524 ernster Bedeutung. Als Munkäcsy in den Avelsstand
2230 1505 3195 1549 rhoben wurde, da telegraphirte ihm Graf Beust, er be¬
2222 1550 3205 1606 glückwünsche zu seiner Nobilitirung — die Aristokratis.
2227 1588 3197 1647 Hier steht die Sache ein wenig anders, beinahe um¬
2219 1636 3201 1691 gekehrt. Arthur Schnitzler ist vor der Welt nicht de¬
2229 1678 3208 1750 gradirt worden, wohl aber haben sich Jene selber
2216 1721 2387 1785 geschadet.
2340 1752 3199 1822 Mit einer stillen Beileidsbezeigung an diesen
2225 1809 3193 1861 seltsamen Gerichtshof kann es aber hier nicht abge¬
2227 1854 3199 1909 han sein.. Vielmehr ist es Pflicht, die Stimme
2223 1900 3091 1959 einem lauten Protest zu erheben. Es sind sehr
2229 1929 3194 1996 ittliche und kulturelle Fragen, die hiebei ins Spiel
2226 1975 3191 2031 kommen. Der Militarismus zieht die besten Kräfte
2214 2023 3179 2102 des Volkes an sich, er muß es sich aber genstne
