3276 4037
355 1733 405 1788 F
247 158 800 244 10. Leutnant
843 164 1093 238 Gustl
1257 168 1619 261 box 1/9
537 225 1087 275 eeten enteneite eiereterteteneletereene
613 920 801 999 70770
331 928 487 992 vom
575 1113 1505 1192 „& Wiener Schriftsteller Dr. Arthur Schnitzler,
402 1137 1489 1238 der öst. ia lscher Regimentsarzt in der Reserve war, ist,
433 1204 1497 1279 wie wi seits gemeldet haben, von einem militärischen
443 1252 631 1304 Ehrenratl,
628 1270 1491 1323 einer Offizierscharge verlustig
443 1297 1494 1349 erklärt worden. Veranlassung dieser Maßregel ist eine
435 1334 1488 1397 kleine Erzählung unter dem Titel „Leutnant Gustl“.
434 1372 1484 1444 Der Ehrenrath hat befunden, daß der Schriftsteller in dieser
447 1417 1493 1467 Studie der Ehre des österreichischen Offizierskorps nahege¬
450 1459 1500 1524 treten sei. Als ein weiterer Grund wird angegeben, daß
436 1503 1494 1555 Dr. Schnitzler auf eine diese Arbeit betreffende Kritik in
435 1539 1000 1607 der „Reichswehr“ reagirt habe.
515 1581 1485 1637 Die Handlung der Novelle ist folgende: Leut¬
436 1612 1485 1680 nant Gustl langweilt sich im Konzert, bei einem Oratorium.
448 1664 1480 1723 Er denkt dabei an alle möglichen Sachen, Militär, Familie,
438 1705 1482 1762 Weiber; seine Gedanken kommen mitunter recht weit ab
430 1759 1484 1810 vom Kunstgenuß. Er ist eigentlich sehr froh, wie das Konzert
436 1791 1482 1851 ein Ende hat, und eilt in die Garderobe, um dann endlich
431 1835 1479 1893 wieder an die frische Luft zu kommen. In der Garderobe
440 1881 1483 1933 genirt ihn ein dicker Mensch, der ihm den Wege verstellt.
442 1916 1472 1971 Er erkennt in ihm einen Bäckermeister, den er oft im Café
440 1955 1483 2014 gesehen hat. Leutnant Gustl fordert ihn unwirsch auf, aus
431 1997 1484 2070 dem Wege zu gehen, und erhält eine sehr resolute Antwort,
419 2039 1164 2092 worauf er mit seiner Grobheit replicirt.
513 2058 1481 2136 Daraufhin hält der Bäcker den Säbelgriff des Leutnants
419 2119 1481 2180 mit eiserner Kraft fest und sagt seinem Gegner, daß er die
430 2159 1479 2217 Waffe zerbrechen und die Stücke ans Regimentskommando
434 2200 1474 2258 schicken werde, wenn der Herr Leutnant noch ein unziemliches
423 2244 1476 2296 Wort zu sprechen wage. Das hat der Bäcker in einem nichts
429 2285 1473 2336 weniger als schmeichelhaften Tone, aber so leise, daß es
423 2320 1476 2384 kein dritter hören konnte, dem Offizier auseinandergesetzt.
426 2368 1467 2416 Dann geht er ruhig weg. Nach der ersten sprachlosen Ver¬
418 2413 1477 2467 wirrung wird dem Leutnant klar, daß durch das Vorgehen
382 2452 1468 2504 n des Bäckers seine Offiziersehre einen unverwischbaren
426 2489 1464 2554 Flecken erhalten habe. Es giebt keine Wiederherstellung
427 2532 1469 2597 für ihn. Mit Schimpf und Schande quittiren, oder sich
423 2573 1184 2635 erschießen, eine andere Wahl hat er nicht.
490 2598 1478 2673 Von diesem Gedanken getrieben, geht er die ganze Nacht
422 2634 1477 2709 in den Straßen der Stadt und im Prater herum. Sein
419 2698 1467 2758 ganzes Leben, sein ganzer, nicht sehr weiter Interessenkreis
427 2745 1475 2799 mit allen Personen und Verhaltnissen kommt ihm nach und
416 2776 1466 2836 nach in den Sinn, eine Vorstellung bringt ihn auf die nächste.
415 2815 1460 2874 in abgerissenen Bildern malt sich ihm sein ganzes inneres
416 2858 1465 2915 und äußeres Leben und dazwischen kehrt immer wieder
419 2898 1370 2961 der verzweifelte Gedanke: Du mußt aber jetzt sterben.
1369 2908 1466 2955 So
415 2938 1462 2992 kommt er gegen Morgen zu seinem Stammcafé, und da er
415 2980 1457 3030 übernächtig und sehr hungrig ist, entschließt er sich, zu früh¬
414 3019 1467 3085 stücken. Der Marqueur theilt ihm die Neuigkeite mit, daß
400 3071 1462 3121 der Bäcker, der immer ins Café kommt, in dieser Nacht ge¬
410 3101 1458 3161 storben ist. Es ist der Mann, der seine Ehre angetastet, der
419 3146 1456 3197 ihn in den Tod getrieben hat. Es ist aber auch der einzige,
414 3182 1459 3243 der um diese unselige Affäre gewußt hat. Leutnant Gustl
403 3228 1340 3281 ist anfangs ganz konsternirt. Dann atmet er auf.
1356 3232 1464 3286 Jetzt
415 3269 1463 3324 — jetzt ist ja der ganze Selbstmord nicht mehr nothwendig.
407 3301 1452 3364 Ist denn seine Ehre befleckt, wenn niemand auf der Welt
407 3348 1459 3410 von der Schmach weiß, die ihm angethan worden ist? Nein.
418 3388 1450 3449 Er ist wieder was er früher war. Am selben Nachmchittag
408 3424 1451 3490 soll er mit ihem Doktor, mit dem er ein Rekontre gehabt
403 3468 1461 3521 hat, zu Quell antreten. Er ist gerade in der rechten
405 3510 1452 3584 Stimn Sein Gegner sol sich nur freuen. Den wird
405 3550 903 3616 er „zu dirennfleisch“ haudn!
1531 1728 1691 1808 inclusive
1555 1796 1655 1844 Porto
1544 1834 1673 1884 Zahlbar
1532 1926 1730 2002 te ist das
1530 1991 1728 2054 cht es den
1546 2103 1727 2174 altend die
1538 2155 1735 2206 Torgen¬
1551 2193 1726 2245 Zeitung“)
1540 2231 1718 2284 iche Leben
1538 2268 1734 2332 ttheilungen
2370 886 2735 946 Telefon 12801.
1904 990 3175 1067 Alex. Weigl's Unternehmen für Zeitungs-Ausschnitte
2905 1041 3056 1107 Assschaltt
2236 1053 2871 1189 „OBSERVER“
2941 1074 3171 1192 Nr. 47
1843 1181 3242 1261 I. österr. behördl. conc. Bureau für Zeitungsberichte u. Personalnachrichten
2028 1252 3087 1333 Wien, IX/. Türkenstrasse 17.
2113 1332 2879 1410 — Filiale in Budapest: „Figyels“-
1981 1343 2059 1409 4
1857 1411 3238 1483 Vertretuffgen in Berlin, Chicago, Genf, London, Newyork, Paris, Rom, Stockholm.
1842 1531 2325 1617 Ausschnitt aus:
1848 1604 3012 1781 vom 1%/8 90 Ader Tagplatt
2016 1877 2934 1960 Wien, 22. Juni. Wie die gestrige „All
1981 1934 2955 2022 gemeine Zeitung“ meldet, ist der jüdisch
1982 1994 2962 2065 Schriftsteller Dr. Arthur Schnitzler, der
1975 2031 2956 2122 Regimentsarzt in der Reserve war, von einem mili¬
1979 2091 2962 2163 tärischen Ehrengerichte seiner Offiziers¬
1972 2135 2959 2205 chargeverlustig erkärt worden. Als
1972 2184 2962 2253 Gründe dieses ehrenräthlichen Richterspruches wird
1972 2232 2953 2308 angegeben, daß Schnitzler durch seine kürzlich
1980 2282 2964 2357 veröffentlichte novellistische Studie „Lieutenant
1971 2333 2964 2409 Gustl“ der Ehre des österreichischen Offiziers¬
1973 2379 2968 2453 corps nahegetreten sei und daß er auf eine in
1986 2426 2959 2496 heftigem und persönlichem Tone geschriebene
1984 2474 2981 2554 Kritik dieser schriftstellerischen Arbeit — welche
1879 2479 1959 2560 Für
1983 2522 2957 2604 Kritik in einem Wiener Tagesblatt zu lesen war
3072 2555 3188 2599 Porto.
2037 2576 2419 2646 nicht regairt habe.
3062 2586 3203 2640 Zahlbar
1959 2605 2049 2657 500
2818 2592 2997 2668 „ 110.—
2664 2593 2709 2674 7
3034 2624 3218 2686 im Voraus
2870 2651 2977 2716 200.—
1906 2647 2036 2707 „ 1000
2545 2655 2593 2701 „
1986 2696 3247 2759 Im Gegensatze zu anderen Bureaux für Zeitungsansschnitte ist das
2920 2744 3259 2802 auch steht es den
1856 2747 2914 2801 Abonnement durch keine bestimmte Zeitdauer begrenzt; —
1863 2780 3096 2837 Abonnenten frei die aufgegebenen Themen zu ergänzen oder zu ändern.
1984 2847 3251 2924 Der „OBSERVER“ veranstaltet täglich einen Auszug enthaltend die
1859 2905 3247 2954 Inhaltsangabe aller wichtigen Mittheilungen der Wiener Morgen¬
1868 2948 3225 2998 blätter (Tagesjournale ausser „Neue Freie Presse“ und „Wiener Zeitung“
1867 2977 3250 3035 wollurch eine Uebersicht über das gesammte politische und wirthschaftliche Leben
1866 3026 3246 3072 des In- und Auslandes in drastischer Kürze geboten wird. Diese Mittheilungen
1867 3068 2621 3130 werden in Wien um 9 Uhr Früh verschickt.
2168 3129 2955 3205 Prospecte gratis und franco.
