3276 4037
242 175 1083 260 10. Leutnant Gustl
1264 178 1593 268 box 1/9
788 427 1153 503 Telefon 12801.
335 509 1609 639 Alex. Weigl's Unternehmen für Zeitungs-Ausschnitte
1328 570 1484 630 Ausschaltt
1342 595 1623 719 Nr. 35
661 600 1246 746 „OBSERVER
275 710 1684 831 I. österr. behördl. conc. Bureau für Zeitungsberichte u. Personalnachrichten
404 787 1526 929 Wien, IX/1. Türkenstrasse 17.
628 874 1323 984 — Filiale in Budapest: „Figyeis“ -
282 928 1687 1060 Vertretungen in Berlin, Chicago, Genf, London, Newyork, Paris, Rom, Stockholm.
300 1042 1229 1195 Ausschnitt aus: Vossisstes Teute
305 1220 577 1342 vom ?
641 1241 908 1358 71s07
682 1425 1279 1512 Konzessionirte Standespoesie.
432 1469 1525 1563 Der Fall des Berliner Konsistorialraths Reicke, der wegen seiner
414 1528 1527 1603 Zugehörigkeit zum Goethe=Bunde und seiner dichterischen Thätige
417 1573 1522 1630 keit strafweise in die Stadt der reinen Vernunft versetzt werden
422 1610 1520 1670 sollte, hat dieser Tage ein Seitenstück in Wien erhalten. Dort
412 1650 1526 1714 ist der Dichter Arthur Schnitzler, dessen literarisches Wirken nach
415 1687 1521 1748 der allgemeinen, kaum von irgend einer Seite her bestrittenen
415 1723 1529 1788 Meinung seinem Vaterlande zur Ehre gereicht und der nebenher
410 1763 1521 1828 Regimentsarzt in der Reserve ist, von einem militärischen Ehren¬
420 1804 1523 1856 gerichte des Offiziercharakters verlustig erklärt worden, weil an¬
411 1847 1527 1908 geblich seine kürzlich erschienene Novelle „Leutnant Gustl“ die
411 1883 1513 1945 Ehre des Offizierstandes verletzt habe. Die beiden Fälle sind ja
402 1909 1517 1987 in manchem Betrachte verschieden; vor allem darin, daß in der einen
404 1953 1512 2021 Sache der Auschluß an die weltliche Literatur überhaupt das An¬
402 1982 1520 2062 stößige gewesen zu sein scheint, während in dem andern offenbar
1546 2013 1708 2090 inclusive
403 2032 1507 2096 der besondere Juhalt der Dichtung Mißfallen bei militärischen
1570 2075 1689 2121 Porto.
402 2067 1511 2136 Lesern erregt hat. Aber in beiden Fällen zeigt sich die wesentliche
1554 2110 1689 2155 Zahlbar
398 2115 1517 2193 Uebereinstimmung, daß ein Dichter von der Berufsgenossenschaft
386 2164 1498 2211 an die er mit festen oder lockeren Bauden geknüpft ist, wegen
1560 2153 2649 2242 Die Rovel Schnitzlers behaubeit ein Motiv, das nur im mil¬
387 2196 1508 2256 seiner literarischen Thätigkeit, die mit dem fraglichen Berufe selbst
1537 2194 2634 2273 tärischen Milien möglich ist. Der Held — Leutnant Gustl — geräth
384 2239 1507 2299 nichts zu schaffen hat, gemaßregelt werden soll. Der bedenkliche
1530 2253 2632 2316 nach einem Konzerte, das den ohnehin durch allerhand Umstände
384 2276 1503 2334 Zug unserer Zeit, die Gliederung der Stände bis zur Sekten¬
1531 2290 2644 2346 Erregten nervös gemacht hat, an der Garderobe in Streit mit
384 2308 1493 2366 bildung zu verschärfen, zieht in beiden Fällen die schöne Literatur
1537 2332 2634 2388 den drängenden Nachbarn, bedient sich — gegen seine sonstige
386 2351 1500 2417 die bislang weder als eine militärische noch als eine priester¬
1530 2367 2634 2429 Gewohnheit — aufreizend starker Ausdrücke und wird daraufhin
394 2384 1496 2451 liche Angelegenheit betrachtet wurde, mit auffälliger Heftig¬
1533 2410 2631 2468 von einem Zivilisten in einer Art und Weise, die keine Genug¬
388 2423 1493 2485 keit in seinen Bereich. Die Hüter der Standesehre versuchen zu
1536 2445 2629 2495 thnung zuläßt, insultirt. Der Beleidiger, ein riesenstarker Bäcker¬
377 2450 1501 2515 diktixen, in wie weit, oder an welchen Motiven ein Standes¬
1537 2491 2630 2537 meister, hält nämlich mit der Rechten den Griff des Degens
386 2500 1494 2559 genosse seine literarische Kraft erproben darf, wenn er nicht Ge¬
1537 2524 2629 2586 est, während er dem Offizier die herabsetzenden und
384 2536 1506 2605 fahr aufen will, der Maßregelung oder der Ausschließung zu
1524 2561 2632 2617 drohenden Worte zuflüstert. Sofortige Abwehr ist physisch
390 2580 1496 2642 vers in. Die beiden Fälle sind gleichsam öffentliche Warnungen,
1536 2595 2637 2655 unmöglich; nachträglich dem Davonziehenden in den Rücken zu
387 2616 1500 2684 sich Firgend einem Gebiete in ein freies geistiges Verhältniß
1539 2640 2629 2695 allen, wäre schimpflich — der Leutnant bleibt in einer furchtbaren
392 2663 1500 2718 zur fallgemeinheit zu setzen, wenn man einem vom Staate aner¬
1530 2676 2630 2735 Betäubung zurück und sieht, da er sich zu sammeln versucht,
394 2696 1501 2758 kannten Stande angehort. Dadurch aber erhalten sie über die
1526 2711 2636 2782 keinen andern Ausweg, als den Seibst#ord. Den Tod vor
384 2737 1499 2796 mißliche Bedrängung einzelner Personen hinaus die Bedeutung
1530 2751 2626 2811 Augen, den sein junger leichtfertiger Sinn kaum zu fassen vermag,
395 2773 1503 2834 einer öffentlichen Gefahr, die sowohl die einzelnen Stände sowie
1531 2791 2624 2845 irrt er die ganze Nacht umher, besucht am frühen Morgen — in
380 2808 1489 2865 die aus diesen Ständen bestehende Allgemeinheit angeht. In dieser
1534 2831 2629 2882 der Meinung, zum letzten Male zu frühstücken — sein Stamm¬
380 2850 1496 2911 Einengung der persönlichen Freiheit, sich künstlerisch zu bethätigen,
1523 2868 2627 2925 Café und erfährt, daß jener Bäckermeister um Mitternacht in
376 2876 1492 2942 liegt ein Versuch, die Geschichte weit zurückzuschrauben, noch hinter
1531 2904 2628 2974 Folge eines Schlaganfalls gestorben ist. Daraufhin beschließt er,
387 2921 1498 2987 jene bald zweihundert Jahre von uns entfernte Zeit, in der das
1532 2948 2636 3004 weiterzuleben, obgleich ihm vorher selbst für den Fall,
373 2949 1500 3025 Dichten bei Standespersonen als eine bedenkliche Nebenb. schäfti¬
1525 2981 2632 3041 daß das peisliche Ereigniß Gehelmniß bleiben sollte, das
380 3002 1499 3067 gung angesehen wurde, für die man Nachsicht zu erbitten pflegte.
1517 3020 2630 3078 Leben unerträglich erschienen war. Das Urtheil über diesen Ent¬
380 3042 1487 3101 Heute neigt man zu größerer Härte als in jenen Gottschedischen
1526 3058 2632 3122 schluß wie über den Helden überhaupt hat der feine Künstker, der
384 3075 1487 3143 Tagen, in deuen es für eine Herablassung galt, wenn ein Raths¬
1520 3099 2630 3149 in Forra eines Monologs die Seelenzustände des Gepeinigten
382 3114 1490 3167 herr sich mit der Literatur beschäftigte. Heute sitzt die Genossen¬
1518 3134 2636 3198 darstellt, vollkommen fref gegeben. Es handelt sich um eine psycho¬
387 3151 1492 3214 schaft zu Gericht darüber, ob die Dichtung ihres Angehörigen
1531 3181 2626 3235 ogische Studie auf Grund des militärischen Milleus, wie in
384 3193 1486 3252 standesgemäß befunden wird und verhängt schwere Urtheile, wenn
1522 3213 2622 3274 Heyses „Ehrenschulden“ in Hartlebens „Rosenmontag“, in
379 3231 1493 3305 die derzeitigen Vertreter des Standes ein Haar in der Presie
1522 3234 2633 3293 Schnitzlers „Freiwild“ in Sudermanns „Fritzchen“ und in un¬
386 3252 503 3313 finden.
1514 3285 2633 3347 zähligen anderen Dichtungen. Leutnant Gustl ist nichts weüsger
423 3305 1491 3378 Der Begriff der Standesehre wird verschiedenartig aufgefaßt.
1524 3329 2629 3396 als ein Mustermeusch, er ist sinnlich, oberflächlich, genußsüchtig
379 3336 1483 3415 Vollkommen frei denkende Menschen kennen nur eine außere Ehre:
1524 3367 2626 3433 und mangelhaft gebildet — aber er hat auch bessere
384 3386 1483 3452 den redlich erworbenen Ruf der von der ganzen sittlichen Welt
1523 3399 2618 3466 Regungen, die sich im Hinblick auf den nahen Tod ver¬
387 3428 1489 3489 anerkannten Rechtschaffenheit; aber auch sie geben ohne weiteres
1511 3439 2625 3510 stärken und der kategorische Imperativ der Pflicht, wie er
389 3469 1480 3527 zu, daß sich bei der Besonderheit der Fälle und Beziehungen in
1522 3483 2629 3543 diese eben zu fassen vermag, ist nicht ohne Kraft in ihm — er
385 3507 1484 3563 den verschiedenen Berufen besondere Gesetze des ehrenvollen
1515 3516 2615 3576 ist eben eine Individualität, ein Mensch im Lentnantsrock. Zu¬
373 3542 1487 3606 Verhaltens aus der allgemeinen Norm ergeben können. Ihering
1524 3559 2619 3623 gegeben: die Schattenseiten sind überwiegend, wie es das künst¬
373 3581 1411 3643 nannte einmal das Wachsthum gesetzlicher Vorschriften, das
1415 3597 1478 3642 sich
1522 3595 2615 3652 lerische Motiv hier nun einmal gefordert hat — so handelt es
382 3615 1485 3685 an immerenen auftauchende Bedürfnisse der Gesellschaft anschlicßt,
1530 3630 2618 3692 ich dabei doch nur um eine scharf umschriebene Persönlichkeit und
393 3644 483 3695 „die
498 3655 1484 3722 Pocsie des Rechts.“ Daß es auch eine solche
1520 3670 2612 3729 nicht um den Stand, der lediglich die Voraussetzungen des Kon¬
385 3673 1483 3756 Poesie des Gewohnheitsrechtes in jedem Stande geben kann,
1523 3703 2615 3770 liktes giebt. Das Büchlein ist weder zur Ehre, noch zur Unehre
382 3728 1473 3789 wirk von keiner Seite in Abrede gestellt. Nicht nur Prieste
1515 3745 2622 3813 des Militärstandes geschrieben — es ist, wie jede ernste Dichtung,
382 3770 1480 3837 und Soldaten, auch Kauf= und Gewerbsleute, auch Inristen und
1519 3784 2606 3846 ein konzentrirtes Stück Leben, in dem eine Natur und eine
387 3801 1480 3872 Aerzte, auch Künstler und Schriftsteller haben ihre besonderen
1523 3819 2298 3888 Lebensfrage hart aneinander gerathen. Diejen
2338 3838 2399 3884 n,
2464 3829 2553 3886 uch
388 3840 1486 3917 Normen des Verhaltens herausgebildet, an deren Einhaltung die
1521 3858 2486 3927 Autor zu verurtheilen und zu strafen versuchten, sin
385 3878 1473 3949 Achtung des ganzen Standes geknüpft ist. Und ob man nun diese
1518 3900 2409 3955 austößig, daß ein militärisches Individuum
2447 3919 2498 3959 n
371 3917 1477 3990 Vorschriften auf ein einheitliches sittliches Prinzip zurückführt,
1522 3934 2282 3994 Schwäche von einem Manne, der dem A
377 3954 1484 4030 oder wie es die Mehrheit einzelner Stände thut, als eine mit
1493 3968 1773 4029 hört, dargestell
1844 3982 1887 4028 ir
