3276 4037
235 120 1052 195 10. Leutnant Gust
1257 138 1598 234 box 1/9
1186 520 1489 579 —  —
1114 537 1497 606 n
354 574 1485 643 ängstlichsten Hoftheater können nicht verhüten, daß die
353 633 1495 696 Gestalten böswilliger Minister und sogar schlechter Fürsten
347 682 1484 739 auf die Bühne kommen, und was sollte aus der
330 727 1489 785 dramatischen Literatur werden, wenn durch Verallgemeine¬
326 775 1481 829 rung der Schluß gezogen würde, der Fürstenstand sei ver¬
339 807 1497 884 letzt worden. Lientenant Gustl ist nicht der Prägstock des
351 867 1485 934 österreichischen Ofsiciers, ja er ist überhaupt nur deßhalb
326 877 1485 970 Officier, weil das Problem verlangt, daß in eine leichtsinnige
327 954 1495 1027 Existenz die beleidigte Ehre mit der ganzen Wucht wie ein
327 1006 1487 1059 6Blitzstrahl einschlägt. Der Officier ist seit dem Major
313 1053 1487 1121 v. Tellheim und noch früher bis zum heutigen Tage un¬
322 1097 1494 1168 ausgesetzt der Gegenstand des Romans, der Novelle, des
342 1141 1491 1202 Schauspiels, jeder Art der Dichtung gewesen. Auch der gut¬
318 1197 1495 1265 4 müthige Humor und die ätzende Satire haben die Figur des
340 1242 1490 1296 Lieutenants benützt, und Niemandem ist es eingefallen, aus dem
325 1296 1495 1353 Urtheil über die Einzelnen und aus der Verwerthung tragischer
340 1321 1486 1392 Conflicte, die im militärischen Wesen liegen, und selbst aus der
330 1375 1495 1447 künstlerischen Benützung der Schwächen so weitgehende Folgen
329 1429 1487 1491 abzuleiten. In Oesterreich ist noch weniger Anlaß zur Em¬
324 1474 1477 1532 pfindlichkeit, weil unser Officierscorps durch Pflichteifer
349 1521 1405 1571 Bescheidenheit und liebenswürdige Umgangsformen
325 1569 1496 1629 wärmste Sympathie genießt und der literarischen Kritik
339 1608 1170 1679 keine neuen Schranken aufzulegen braucht.
445 1653 1492 1708 Der Ehrenrath war zweifellos bemüht, einen mili¬
352 1704 1415 1761 tärischen Standpunkt einzunehmen, aber das Ergebniß
1435 1707 1496 1775 ist
332 1740 1491 1819 doch eine literarische Censur. u den Gründen des Urtheils
353 1800 1483 1858 gehört die Ansicht des Ehrenrathes, daß der Officiersstand
338 1845 1486 1908 durch Inhalt und Fassung einer Novelle verletzt sei.
352 1888 1478 1963 Daraus entspringen höchst wichtige Consequenzen in einem
320 1944 1489 2008 Lande der allgemeinen Wehrpflicht, wo ein großer Theil
343 1982 1481 2045 der Schriftsteller im Alter der stärksten schöpferischen Kraft
342 2024 1491 2098 die Charge von Officieren hat. Die künstlerische Freiheit
352 2082 1488 2132 wird damit aufgehoben, denn die Grenzen für die Be¬
324 2099 1490 2186 schlüsse des Ehrenrathes sind nicht leicht zu bestimmen,
349 2181 1494 2224 weil sie auf sämmtliche Handlungen und die ganze Per¬
354 2219 1492 2282 sönlichkeit des Officiers sich erstrecken können. Gibt es dal
339 2265 1494 2325 eine Bürgschaft, daß politische und sociale Meinungen, die
342 2311 1491 2378 vom Bestehenden abweichen oder sich gegen die geltenden
364 2357 1488 2426 Einrichtungen wenden, nicht ebenfalls vor diesen Richter¬
354 2403 1496 2471 stuhl gebracht und dem Begriffe der militärischen Ehre
340 2454 1490 2513 untergeordnet werden? Viele hundert Männer verlieren
341 2499 1486 2570 plötzlich die geistige Selbstständigkeit und literarische
322 2560 1494 2618 nabhängigkeit, die ihnen das Strafgesetz und diee
322 2591 1497 2662 drematische Censur noch gelassen haben. Ja, selbsti
335 2634 416 2703 die
463 2644 1490 2702 parlamentarische Immunität bietet keinen Schutzf
350 2686 1493 2749 gegen einen Ehrenrath, welcher auch Reden und Schriften
343 2731 1480 2785 von Abgeordneten, die Officire sind, seinem Spruche unter¬
339 2782 1491 2849 werfen kann, denn es handelt sich nicht um eine rechtliche
342 2822 1493 2889 Verantwortung, sondern um die moralische Ueberzeugung,
339 2866 1503 2940 von der Würde bei militärischen Standesgerichten. Das
347 2919 1493 2985 Urtheil des Ehrenrathes wirft eine große politische Frage auft
347 2966 1495 3024 zu welcher die Novelle „Lieutenant Gustl“ keinen zureichendenn
356 3013 1492 3061 Anlaß bot. Was der Reserve=Officier in seiner rein
341 3058 1489 3121 künstlerischen Thätigkeit darf und nicht darf, ist ganz in
341 3104 1495 3167 Zweifel gezogen und wird von einer bisher unbekannten
349 3157 1422 3202 militärischen Prüfung, einer neuen Censur bestimmt. Das
1423 3153 1469 3221 is
343 3199 1478 3276 eine Gefahr für die geistige Entwicklung in Oesterreich, und
320 3242 1434 3348 für die Offteiere selbst, die bisher nie den Wunsch zeigten,
323 3314 1424 3387 sich von der Kritik abzusperren und den höchst unvolks¬
311 3360 1429 3432 thümlichen Beruf einer literarischen Behörde zu übernehmen.
318 3407 1432 3471 Die österreichische Armee ist das festeste Bollwerk der
308 3448 1435 3508 Einheit, die unzerbrechliche Klammer für das Reich. Deß¬
302 3506 1425 3566 halb sollte sie nicht einmal den Schein auf sich laden, daß
321 3550 1422 3615 sie mit der Freiheit des persönlichen Rechtes und des
316 3595 1218 3670 ünstlerischen Schaffens in Widerspruch gerathe.
1778 22 2489 92 Vertretungen in Berlin, Chicago, Gent. 1
1771 122 2257 210 Ausschnitt aus:
1980 197 2457 303 TITr 1401
1777 281 1922 339 vol
2274 486 2685 588 Tagesbericht.
1966 573 2955 668 Dr. Arthur Schnitzler — der Offiziers¬
2179 651 2773 745 charge verlustig erklärt!
2068 730 2970 791 Ein militärischer Ehrenrath hat den
1984 776 2960 840 Dichter Artbur Schnitzler der Regimentsarzt¬
1988 822 2711 889 Charge für verlustig erklärt.
2088 866 2964 934 Den Anlaß zu diesem Schritt bot eine psychologische
1979 917 2964 993 Novelle „Lieutenant Gustl“ die Schnitzler
1985 963 2962 1031 in der Weihnachtsbeilage der „Neuen Freien Presse“ ver¬
1987 1007 2971 1078 öffentlichte. Ferner soll es Schnitzler verübelt worden
1999 1049 2965 1120 sein, daß er auf eine in persönlich gehässigem Tone ge¬
1801 1079 1855 1138 Für
1999 1099 2975 1167 haltene Kritik des „Lientenant Gustl“, welche in einem
1874 1127 1934 1172 100
2982 1120 3107 1191 #elusive
1997 1148 2806 1219 hiesigen Militärblatte erschien, nicht reagirt hat.
2987 1167 3082 1212 Porto.
1865 1165 1929 1213 200
2993 1205 3092 1260 hlbar
1810 1214 1848 1260 „
1818 1241 1926 1305 „ 1000
3003 1246 3112 1307 Voraus
2080 1256 2975 1318 Bücher haben ihre Schicksale! Aber dieses Schicksal
1883 1298 1925 1353 Im
1991 1299 2966 1379 hätte man dem „Lientenant Gustl“ und seinem Auton
3009 1313 3143 1372 ist das
1757 1330 1951 1391 Abonnemen
3033 1359 3152 1427 esden
2002 1355 2977 1416 nicht zu prophezeien gewagt. Als die feine, mit intimer
1758 1377 1958 1444 Abonnenten
2006 1392 2976 1472 Scelenkunst, voll Geist und Schärfe geschriebene Novelle
2001 1437 2976 1511 erschien, bildete sie für lange Zeit den Gesprächsstoff des
2987 1479 3144 1539 tend die
2010 1491 2975 1553 literarischen Wien. Man bewunderte Schnitzler, wie er
1761 1487 1958 1558 Inhaltsang
2005 1529 3135 1602 tief und mit einem gewissen graziösen Realismus die Ge=orgen¬
1760 1543 1950 1602 blätter
2994 1566 3116 1616 Zeitung
1765 1582 1965 1635 wodlurch ein
2009 1576 2972 1648 beimnisse einer Lieutenantsfeele vor dem Leser ausbreitete
3003 1602 3131 1657 eLeben
1756 1618 1961 1669 des In- un
2004 1624 2982 1690 Einer, nicht der Lieutenanisseele. Den „Lientenant
2996 1638 3137 1702 eilungen
1762 1656 1932 1727 werden in
2019 1678 2980 1743 Gustl“ zu verallgemeinern, ihn zum Typus des öster¬
2003 1716 2981 1793 reichischen Subalternoffiziers zu ktempeln, fiel Niemandem
2009 1762 2985 1838 ein. Sintemalen der junge Herr, von dessen Seelenzuständen
2011 1809 2990 1879 und absonderlichen Abenteuern uns Schnitzler erzählte,
2004 1851 2988 1925 mit kleinen äußerlichen Variationen auch als Reserve¬
2009 1902 2993 1969 offizier, Hofbeamter, Arzt, Jurist, Bankbeamter, Schrift¬
2016 1952 2994 2018 steller hätte sein können. Und so muthet es mehr als
2010 1986 2995 2062 fremdartig an, wenn das Offizierskorps eines Regiments
2011 2040 2998 2114 Schnitzler wegen dieser Novelle aus seinem Verbande
2114 2102 2188 2154 * „
2022 2105 2104 2166 stößt
2103 2134 2991 2206 Die Geschichte dieses Lieutenant Gustl ist bald er¬
2015 2177 2990 2248 zählt. Er bekommt von einem Freund eine Konzert¬
2020 2222 2990 2289 freikate. Im großen Musikvereinssaal gibt er sich redliche
2007 2270 2995 2331 Mühe, die aufgeführte Messe schön zu finden. Vergebens!
2021 2312 2997 2384 Er langweilt sich. Während er so hinmeditirt über das,
2015 2359 3003 2433 was er sieht und anhören soll, offenbart er eine ganz er¬
2026 2395 3008 2476 staunliche Flachheit und Oberflächlichkeit des Denkens und
2024 2449 2993 2520 Meinens. Nun ist aber Oberflächlichkeit, jene aristokratisch¬
2018 2494 2998 2569 schnodderige Oberflächlichkeit, welche nur von Bummel,
2028 2538 2995 2605 Ball, Souper und Weibern wissen will, doch kein Privileg
2025 2589 3000 2654 der Armee. Den — sit venia verbo! — Gedankengang,
2030 2633 3001 2700 welchen uns Schnitzler als den des Lientenants Gustl
2024 2676 3011 2754 mit so viel liebenswürdigem Humor vorführt, hätte —
2036 2723 3006 2794 wie gesagt — ein Ministerialbeamter ebenso gut denkent
2022 2773 2998 2842 können i#le der Majoratsherr eines gräflichen Hauses, ein
2033 2820 3005 2884 Habitué des Opernballets oder der Erbprinz eines Börsen¬
2037 2860 3003 2935 komptoirs. Diese Gedanken sind aber das Einzige,
2039 2916 3004 2973 was sich am Lieutenaut Gusil verallgemeinern ließe.
2039 2953 3012 3017 Nur ihretwegen kann der Ehrenrath seinen Spruch gefällt
2044 2996 3012 3068 haben. Denn was dem Lientenant Gustl später passirt, ist
2044 3042 3001 3121 ein ganz persönliches Schicksal, etwas absolut Singuläres,
2042 3089 3006 3154 das eine Generalisirung unbedingt ausschließt. Weil
2038 3148 3006 3197 Schnitzler den Lieutenant Gustl mit harmloser Gedanken¬
2045 3179 3014 3246 losigkeit oder mit gedankenloser Harmlosigkeit meditiren
2035 3232 3012 3304 läßt, soll er die Armee beleidigt haben?! — Es ist
2032 3280 3008 3353 nicht auszudenken. Dem Zivilmenschen will solche Logik
2035 3321 3014 3398 nicht in den Kopf. Und wenn der Lieutenant Gustl schon
2041 3368 3011 3433 als ein Lieutenantstypus angesehen werden soll — daß er
2045 3411 3018 3480 den Lieutenantstypus bedeutet, wird wohl selbst
2041 3462 3023 3518 der Ehrenrath nicht zu behaupten gewagt haben
2095 3502 3020 3558 ist es denn ein Dogma, daß der Lieutenant
2039 3552 3016 3608 unbedingt und unter allen Umständen ein Ausbund
2043 3593 3014 3659 sittlichen Ernstes, geistiger Vorzüge und tiefen Wissens
2046 3644 3013 3708 sein muß? Ist der Lieutenant unfehlbar?
2044 3685 3023 3755 Und — sagen wir es ehrlich — darf denn ein Lieutenant
2047 3737 3022 3800 von zwanzig Jahren, mit seiner frischgebackenen Offiziers¬
2042 3777 3012 3847 glorie nicht ein bischen kindisch, ein wenig outrirt schneidig
2043 3834 3017 3892 und gedankenlos sein? Macht der goldene Stern aus dem
2053 3881 3009 3939 zwanzigjährigen Springinsfeld denn einen Solon? Leidet
2048 3918 3015 3983 das Ansehen der Armee darunter, wenn man weiß und
2025 3965 3028 4020 sagt, daß ihre jungen Herren — jung sind? Muß das
