3248 4128
1220 237 1636 340 box 1/12
204 241 1014 341 10. Leutnant Gust
408 299 775 361 an den. den d nien aun aich d
2687 1102 2793 1151 Wen
487 1125 2788 1203 interfraktionellen Verhandlungen gefährdet sei, ist unbe= rollen auf der bulgarischen Seite stündlich Ver¬
490 1244 1624 1315 Feuchtigkeit, La###ie ist diesen schneidigen Aeußerungen nicht
1666 1245 2785 1301 sie makadamisiert, während in Wien — ein aufschlußreiches
490 1289 1626 1354 viel anzumerken, der Humor gedeiht wohl besser in Wien.
1658 1300 2771 1359 Symbol — noch in vielen Straßenzügen der „weiche“
487 1339 1629 1413 Hingegen ist es durchaus berlinerisch, wenn beispielsweise
1654 1344 2787 1412 Boden, die Natur der Erde, durch alle städtische Kultur hin¬
487 1390 1626 1456 Schadow, eine der für das Berlin des neunzehnten Jahr¬
1659 1390 2784 1459 durchdringt. An allen diesen Verschiedenheiten, die sich ins
490 1439 1617 1485 hunderts kennzeichuenden Gestalten, sich zur Zeit des Hoch¬
1654 1443 2793 1508 Unendliche vermehren lassen, hat sich im Laufe der Jahr¬
494 1483 1630 1548 stendes der Italienschwärmerei mit aller Entschiedenheit
1663 1494 2785 1551 hunderte nicht viel geändert, obwohl die beiden Verfasser
491 1537 1619 1591 äußert, er persönlich mache sich nichts aus den Pinien und
1648 1539 2784 1593 bemerkt haben wollen, daß in dem letzten Jahrzehnt vor dem
494 1578 1625 1658 Zypressen: „Die einen sehen aus wie ufgeklappte Regen¬
1652 1585 2793 1659 Kriege sich eine Annäherung vollzogen hat, und daß im
495 1621 1631 1692 schirme und die anderen wie zugeklappte. ...“; oder wenn
1658 1633 2789 1696 besonderen Wien in dieser Zeit in Gefahr war, zu „ver¬
492 1668 1625 1723 Liebermann, der vorläufig letzte in der Reihe repräsentativer
1650 1675 2792 1752 berlinern“; der Ton gewisser unserer Nachtlokale zumal
493 1722 1618 1776 Urberliner, jemandem, den er porträtiert hat und der sich über
1650 1718 2789 1783 erfüllte sie in dieser Richtung mit einiger Besorgnis. Ob
485 1769 1618 1843 die geringe Aehnlichkeit des Konterfeis beklagt, zornig ant¬
1652 1771 2786 1831 indessen diese Verberlinerung im Zeitalter der Brotuarte, die
481 1813 1626 1881 wortet: „Mensch, ich habe Sie ja viel ähnlicher gemalt als
1647 1820 2783 1885 auf den internationalen Vergnügungstaumel folgte, erheb¬
487 1858 1615 1920 Sie sind!" Dieser messerscharfe, epigrammatisch zugespitzte
1647 1868 2788 1939 liche Fortschritte gemacht hat — darüber lassen sie nichts ver¬
472 1903 1625 1977 Witz ist eine Waffe, die auch dem Volke zur Verfügung steyt,
1655 1923 2785 1977 lauten. Sicher ist nur, daß diese selbst, die Brotkarte, eine
490 1964 1623 2013 und deren es sich, wie zehlreiche Redensarten beweisen, von
1649 1963 2780 2017 Berliner Erfindung ist, die als solche nicht nur Wien, sondern
489 2006 1622 2065 Fall zu Fall bedient. Sie alle zeigen den Berliner Volks¬
1650 2013 2778 2070 die ganze Welt erobert hat. Umgekehrt freilich erfährt man,
484 2053 1617 2113 charakter an, der geflissentlich unsentimental, nüchtern und
1649 2056 2785 2113 daß die strenge Rationierung aller Lebensmittel in letzter
486 2104 1617 2166 realistisch urteilt. Wo sich der Wiener rühren läßt, da sagt
1648 2103 2778 2167 Zeit auch in dem ordnungsliebenden, exakten Berlin nicht
487 2138 1614 2200 der Berliner ruhig: „Es ist rührend — wenn man dran
1648 2147 2781 2221 mehr mit so unverbrüchlicher Strenge zur Durchführung
487 2197 1615 2265 wackelt“; und wo der Wiener Aufschneidereien artig und
1649 2202 2779 2261 gelangt wie in den allererstei Kriegsjahren. So wußte un¬
484 2244 1612 2304 höchstens ein bißchen ironisch mit anhört, unterbricht der
1645 2245 2779 2314 längst ein weitgereister Mann, der bis Berlin gekommen wax,
486 2291 1520 2342 Berliner den Erzähler mit der ihn entwaffnenden
1504 2291 1609 2345 An¬
1652 2299 2779 2355 von einem Berliner Speiseh#us zu berichten, wo der Wiener,
485 2336 1621 2393 merkung: „Abschrauben — vorzeigen!“ Auch die liebliche
1648 2337 2781 2394 der ohne Fleischkarte eine Fleischspeise verzehren wollte, eine
481 2380 1557 2434 Drohung des gereizten Berliners: „Mensch een Schlag
1658 2393 2780 2461 scharfe Zurechtweisung erfuhr. Doch noch bevor er sich
491 2429 1616 2486 der zweete wäre Leichenschändung!“ bescheinigt ein gewisses
1648 2433 2781 2496 darüber kränken konnte, nahm ihn ein kundiger Berliner an
484 2477 1617 2531 grausames Behagen an der Sachlichkeit. Bei #estroy sagt ein
1641 2482 2780 2542 der Hand und führte ihn in ein seitlich gelegenes, durch einen
492 2522 1617 2603 Wiener in gleicher Lage: „Her — ich hau' Ihnen um 5'
1651 2535 2789 2581 Vorhang abgegrenztes Nebenzimmer, wo er die gewünschte
479 2566 588 2628 Erd'
637 2572 1617 2641 — unbekannterweise. ...“ Witzig sind beide Be¬
1656 2573 2786 2641 Fleischspeise auch ohne lästigen Kurtenzwang erhielt. Dieser
475 2596 1395 2680 merkungen; humoristich aber ist nur die zweite.
1649 2618 2788 2687 unkantische Vorhang, der als ein einheitliches Auskunfts¬
583 2658 1614 2726 So könnte man, an der Hand der Autoren, dieses
1650 2675 2786 2731 mittel den alten Dualismus in versöhnlichem Sinne löst, ist
484 2710 1620 2784 anregende Gesellschaftsspiel „Wien=Berlin“ noch lange fort¬
1648 2717 2790 2777 natürlich unentschuldbar, dort wie hier. Aber der Wiener wird
487 2759 1617 2823 setzen. Das Ergebnis wird immer das gleiche sein: Wien
1649 2767 2794 2838 doch nur mit einigem Schmunzeln sein Vokhandensein zur
488 2807 1619 2862 und Berlin sind verschieden, grundverschieden, und diese Ver¬
1637 2812 2782 2881 Kenntnis nehmen und sich dabei allerhand Gedanken machen
490 2853 1618 2915 schiedenheit äußert sich auf Schritt und Tritt. In Berlin
1647 2859 2093 2935 über Wien und Berlin.
488 2893 1618 2963 sind die Straßen gerade, in Wien sind sie krumm, in Berlin
1875 2893 2475 2994 Raoul Aus
2459 2894 2761 2997 rnheimer.
482 2949 1630 3015 verlaufen sie eben in Wien bügelauf, hügelab, in Berlin sind
2820 1094 3236 1175 funterteregiments 21, b
2820 1153 3218 1214 schaft besteht und das
2820 1197 3224 1260 hatte, ein Gegenangriff
2806 1233 3229 1299 derlei Unternehmungen
2818 1283 3233 1350 beobachtet worden war
2817 1332 3249 1395 Meldungen, daß m
2811 1372 3223 1435 Legionären zu
2816 1414 3259 1473 hussitischem Geiste gesra
2811 1462 3243 1526 Legionäre in diesem
2807 1503 3262 1569 denselben auf. Währen
2814 1557 3243 1614 von wahnwitzigen Odeel
2815 1593 3226 1659 kämpft, als wäre der
2819 1637 3234 1707 andere, zum Eintritt i
2819 1684 3234 1747 genötigt, die Gelegenh
2811 1722 3235 1786 slowalischen Te
2884 1765 3205 1836 Die Kampfpause
2810 1803 3248 1888 Vataillon den italienisch
2813 1857 3222 1920 dreihundert seindliche
2815 1901 3173 1976 Bataillonsabschnittes
2803 1935 3232 2001 die vorderste Linie. Da
2806 1994 3232 2056 das Gebüsch einen ital
2814 2036 3221 2094 150 Schritte vor, um
2809 2078 3210 2141 Karabiner schußbereit,
2812 2126 3199 2182 rufen, lugte aus und
2811 2161 3228 2233 Aufmerksamkeit erregt
2812 2211 3168 2282 Baum heranhuschte.
2810 2250 3239 2319 Ruf verständlich. „Nest
2810 2294 3259 2360 den Stutzen heruntergl#
2808 2334 3261 2403 hervortrat, lief der Le##
2818 2385 3233 2459 „Pane majore, ia za ###
2814 2422 3243 2493 dafür). Der Bataillig
2807 2474 3203 2537 gleich mit. Unterwegs
2806 2518 3230 2580 er, wie viele seiner Lei¬
2809 2560 3210 2619 aus dem Grunde der
2810 2592 3230 2669 erträglichen Behandlung
2806 2643 3261 2727 kommen und leichten
2815 2694 2950 2760 finden.
2967 2753 3234 2842 Italienisch
2882 2828 3189 2891 24. September:
2806 2858 3232 2937 morgen Versaglieriabteil
2802 2914 3214 2975 der Hochebene von A
2788 2960 3223 3037 I.nerteidigten Stellungen
