3276 4037
228 95 1075 166 10. Leutnant Gustl
497 159 611 206 „
398 267 1079 366 Die Officiers-Ehre.
843 354 1183 431 Wien, 20. Juni.
324 404 1220 473 Wir wären eigentlich heute in der Lage, einen
233 459 1217 536 Artikel, den wir am 27. December v. J. schrieben,
230 529 1211 596 einfach abdrucken zu können. Dieser Artikel betra
236 578 1220 638 das Meihnachts= Feuilleton des jüdischen Literaten
235 625 1222 713 Arthur Schnitzler, das sich „Lieutenant
231 681 960 755 Gustl“ nannte. Wegen dieses Feuil
1074 680 1214 749 ist näm¬
229 735 1088 782 lich jetzt, nachdem, wie schon mitget'...
1100 736 1205 803 ehren
225 780 931 845 räthliche Verfahren längst eingelei
236 836 1210 897 Schnitzler, der Regimentsarzt in der Rese##e ist, von
231 904 1208 964 militärischen Ehrenrath seiner Officierscharge für der
228 944 1218 1004 lustig erklärt worden. Das Ereigniß ist heute der
223 1002 1207 1062 Gegenstand des Leitartikels fast aller Judenblätter
229 1046 1212 1121 Dieselben entrüsten sich aufs Höchste über diese Maß¬
230 1107 1217 1170 regelung. Wenn wir den Hochgrad dieser Entrüstung
225 1158 1205 1228 vergleichen mit dem Tiefgrad derselben, als Marquis
232 1205 1203 1267 Tacoli und Graf Ledochowski wegen ihrer pflicht
227 1264 1214 1318 gemäßen Stellungnahme zum Duell ihrer Officiers¬
228 1321 1204 1389 charge verlustig erklärt wurden, so ergibt sich zunächs
227 1374 1212 1436 offenbar, daß diese hochgradige Entrüstung lediglich der
224 1417 1201 1499 Maßregelung des jüdischen Reserveofficiers und
217 1471 850 1546 Mitgliedes der „Concordia“ gilt.
313 1526 1211 1607 Es liegt uns das Urtheil selbst nicht vor,
219 1574 1203 1656 die betreffenden Meldungen besagen aber über
232 1642 1205 1708 einstimmend, Schnitzler sei degradirt worden, wei
228 1683 1213 1753 seine nobellistische Studie die Ehre des österreichischen
224 1742 1211 1805 Officiersstandes verletzt habe. Fragen wir: Wodurch
219 1796 1210 1853 hat er dieselbe verletzt? so ist zunächst von vorneherein
226 1849 1209 1907 zu constatiren: Er konnte nicht damit die Ehre des
228 1903 1206 1973 Officiersstandes verletzt haben, wenn er gewisse Zustände
214 1954 1209 2014 und Verhältnisse im Officiercorps wahrheits¬
217 2017 1201 2075 getreu geschildert hat; denn eine Beleidigung
222 2060 1208 2119 des Officiersstandes als solchen liegt dann absolut
226 2114 1210 2185 nicht vor. Freilich, sind diese Zustände falsch ge¬
219 2158 1202 2227 schildert, dann allerdings kann, namentlich wenn die
215 2215 1199 2285 Absichtlichkeit zu erweisen ist, eine Beleidigung
222 2263 1200 2336 der Ehre des Officiersstandes angenommen werden
221 2318 1196 2387 Sind sie aber wahrheitsgetreu geschildert und nur in
214 2373 1202 2441 der Absicht, nicht die Officiere oder den Officier¬
222 2424 1211 2494 stand, sondern eben die Zustände zu kritisiren, die
220 2489 1204 2558 ohne Schuld und Verschulden der Officiere selbst,
213 2529 1194 2600 sondern durch die Gesetze, die Traditionen und den
215 2588 1197 2651 Gewohnheits= und Standescodex im Officierscorps
216 2631 1194 2709 sich eingeschlichen haben, dann kann nicht eine Ehren¬
219 2694 1195 2756 beleidigung des Officierstandes angenommen werden
221 2738 1190 2819 sondern lediglich eine erlaubte, in guter Absicht er
217 2798 1193 2868 folgte Kritik dieser Zustände, die ebensogut im Ge¬
211 2858 1204 2926 wande des theoretischen Artikels wie der belletristischen
208 2895 1204 2975 Novelle erfolgen kann. Dies Recht kann sich Presse
211 2966 1201 3029 und Literatur von keinem Officiers=Ehrenrath rauben
214 3008 1196 3076 lassen. Geschieht eine solche Kritik in Form einer
213 3053 1196 3132 Novelle, so wird selbstverständlich ein Typus des
205 3109 1194 3185 Standes die Hauptperson bilden müssen, dessen Ver¬
216 3169 1185 3226 hältnisse eben behandelt werden sollen. Handelt es
212 3219 1134 3291 sich also um die Kritik von Zuständen, die
1146 3232 1191 3281 im
206 3274 1197 3351 Officiercops herrschen, so mußte und durfte Arthur
205 3319 1194 3398 Schnitzler einen Lieutenant als Typus wählen, an
213 3380 1192 3456 dem er diese Zustände und ihre Folgen zur Dar¬
217 3433 1190 3504 stellung bringen konnte. Nachdem wir diesen un¬
205 3487 1185 3551 anfechtbaren allgemeinen Grundsatz aufgestellt haben,
199 3544 1179 3602 wenden wir uns nun dem „Lieutenant Gustl“ zu
204 3589 1191 3663 Die Novelle kennen unsere Leser. Wir müssen aber
209 3645 886 3712 ihren Inhalt nochmals reproduciren:
301 3701 1175 3765 Bei der Garderobe nach Schluß eines Concertes
212 3746 1115 3795 kommt Lieutenant Gustl mit einem riesig starken,
1128 3758 1187 3809 hm
209 3793 1178 3852 vom Café her bekannten Bäckermeister in einen Wort¬
209 3828 1180 3887 wesel; der Bäckermeister ruft dem Officier zu: „Herr
207 3865 1183 3922 Lieutenant, wenn Sie das geringste Aufsehen machen,
211 3901 1093 3972 so zieh ich den Säbel aus der Scheide, zerbrech'
1136 3914 1178 3969 hn
1245 89 1594 190 box 1/9
1219 222 2223 297 sht an Ihr Regiments=Commando
1253 279 2226 337 Verstehn's Sie mich, Sie dummer Bub?“ Und
1251 317 2227 373 habei hielt er den Säbel so fest, daß Lientenant
1255 354 2230 404 Gustl die Beleidigung einstecken muß, und Aufsehen
1247 392 2228 444 darf er auch nicht machen, sonst sieht alle Welt seine
1249 433 2224 488 Schwäche. Der Bäcker will dem Officier auch die
1251 471 2230 524 Carrière nicht verderben und flüstert ihm zu: „Also
1258 512 2225 570 chön brav sein, Herr Lientenant — haben S' keine
1254 548 2234 600 Angst, 's hat Niemand was g’hört, — es ist schon
1255 588 2229 647 Alles gut — so. Und damit Keiner glaubt, daß wir
1256 632 2219 678 uins gestritten haben, werd' ich jetzt sehr freundlich mi
1251 664 2226 714 Ihnen sein. — Habe die Ehre Herr Lieutenant, hat
1257 708 2229 756 nich sehr gefreut — habe die Ehre!“ So gingen sie
1254 749 2228 796 auseinander. Der Officier sieht klar ein: die
1248 782 2222 838 Officiersehre verlange es, daß er sich nun
1253 821 2233 875 elbst tödten müsse, da er sonst ehrlos quittiren
1254 862 2178 918 nüßte. Morgen um 8 Uhr Früh will er sich, muß
1255 894 2126 961 ich erschießen. Er geht in den Prater, Abends
2164 908 2220 957 pä
1243 939 2227 997 überlegt er Alles, bereitet Alles vor, nimmt im Geiste
1243 981 2145 1023 von Allem Abschied, er denkt an seine Jugend,
2154 986 2221 1037 eine
1243 1012 2217 1073 Carrière, an Vater, Mutter und Schwester, an seine
1246 1051 2220 1114 Freunde im Regimente, vor Allem aber und immer
1252 1097 2220 1152 vieder an die — „Menscher“, die verschiedenen Dirnen,
1249 1135 2220 1184 die er abwechselnd „geliebt“ hat, aber es bleibt ihm
1253 1168 2223 1220 nichts anderes übrig, er muß sich erschießen. Auf dem
1249 1206 2170 1267 Weg aus dem Prater in die Stadt hört er plötzlich
1237 1245 1425 1297 Orgeltöne
1427 1261 2159 1307 — „Ah, aus der Kirche .. .. Frühmesse
1243 1283 2167 1346 bin schon lang bei keiner gewesen .... Also, was
2168 1289 2215 1340 ist
1241 1323 2185 1375 soll ich hineingehen? — Ich glaub, der Mama wär
2199 1315 2233 1378 3
1249 1355 2126 1409 in Trost, wenn sie das wüßt'  die Clara
2130 1371 2224 1422 gibt
1250 1403 2226 1454 veniger d'rauf . . . . . Na, geh'n m'r hinein — schaden
1244 1439 2178 1490 kanns ja nicht! .... Orgel — Gesang — hm!
1243 1480 2136 1529 Was ist denn das? — Mir ist ganz schwindlig.
1239 1523 2223 1576 o Gott, o Gott, o Gott! ich möcht einen Menschen
1236 1554 2217 1620 haben, der Pfaff', wenn ich zum Schluß sagen möcht':
1242 1603 2211 1652 Habe die Ehre, Hochwürden, jetzt geh' ich mich um¬
1248 1634 1375 1682 bringen
1376 1645 2221 1695 .... — Am liebsten läg' ich da auf dem
1237 1674 2221 1735 Steinboden und thät heulen . .. — Nein, das darf
1241 1717 2226 1776 man nicht thun! Aber Weinen thut manchmal so
1239 1752 1298 1799 gut
1313 1756 1358 1799 * *
1492 1750 2222 1811 Die Leut', die eine Religion haben, sind
1242 1797 2217 1846 doch besser d'ran.“ Natürlich bleibt er nicht in der
1250 1827 2219 1888 Kirche, noch weniger beichtet er, —er geht in's Stamm¬
1249 1866 2218 1922 Kaffeehaus, entschlossen, in ein paar Stunden sein
1251 1904 2216 1966 Leben zu enden. So verlangt es die Officiers¬
1237 1943 2221 1998 ehre. Da erfährt er vom Piccolo, daß der Bäcker¬
1236 1989 2215 2032 meister heute Nacht am Schlagfluß gestorben ist. Nun
1249 2022 2219 2074 st die Ofsiciersehre gerettet, denn Niemand
1248 2058 2132 2113 vird etwas erfahren, Lieutenant Gustl braucht
1251 2101 2216 2151 licht selbst das Leben zu nehmen. „Am End' ist das
1245 2134 2205 2195 Alles, weil ich in der Kirche g’wesen bin.“ Am Nach
1241 2166 2223 2228 mittag kann er sich mit dem Advocaten duelliren, der
1242 2213 2220 2272 ihr jüngst bei einer Gesellschaft unmanierlich begegnet
1242 2253 2211 2301 war, und er will ihn „zu Krennfleisch hauen“. Mit
1237 2289 2219 2359 diesem Vorsatz endete die realistische Geschichte von dem
1240 2327 1560 2383 Lieutenant Gustl.
1316 2368 2212 2447 Die Tendenz des Artikels ist offenbar, die
1253 2430 2212 2489 ogenannte Officiers=Ehre d. h. den für den
1239 2478 2207 2554 Officiersstand exclusiven „Ehrbegriff“ zu charakterisiren
1238 2531 2210 2592 indem er dem Leser zeigt, wie wir schon am 27. De¬
1237 2590 2205 2657 cember v. J. ausführten, was Alles mit diesen
1235 2635 2205 2720 Offieiersehre nicht verträglich und was Alles
1227 2681 1700 2765 mit ihr verträglich ist.
1303 2726 2210 2808 Nicht verträglich mit ihr ist: sich von einem
1235 2793 2199 2868 Advocaten ein pact beleidigende, richtiger unhöfliche
1233 2851 2203 2907 Worte sagen zu lassen, das verpflichtet zum Duell
1232 2903 2189 2966 ferner sich von einem Civilisten „dummer Bub
1224 2958 2203 3035 schelten zu lassen, obschon eigentlich der Officier den
1225 3008 2207 3079 Streit an der Garderobe durch seine grobe Heftigkeit
1236 3067 2206 3137 erursacht hatte, ohne ihn auf der Stelle niederzu
1230 3114 2210 3180 hauen, selbst dann, wenn die physische Unmöglichkeit
1231 3168 2201 3232 vorhanden war, da der ####el durch die überlegene
1229 3211 2208 3296 Kraft des Gegners in der Scheide festgehalten wur#
1228 3263 2215 3348 Das treibt sogar zum Selbstmord, der nicht un¬
1220 3310 1944 3395 verträglich scheint mit der Officiersehre.
1300 3382 2210 3457 Wohl aber verträglich ist es mit dieser
1220 3423 2213 3514 „Officiersehre“, den gemeinsten Liebschaften mit
1219 3484 2206 3565 Straßendirnen nachzugehen (die Namen und Bilder
1220 3545 2198 3610 der „Menscher“ ruft sich der Lieutenant eine nach der
1225 3596 2196 3665 mderen mit zärtlicher oder ekelnder Erinnerung vor
1221 3643 2206 3714 sein Gedächtniß); ferner seine Pflichten gegen Gott
1214 3703 2197 3778 und die Religion, der man angehört, zu vernach¬
1218 3748 2198 3810 lässigen, ja darüber zu spotten und zu höhnen; ferner
1212 3801 2199 3874 über Eltern und Geschwister so frivol zu reden, wie
1212 3862 2193 3930 es der Lieutenant Schnitzler's vor seinem Tode noch
1209 3904 2205 4003 thut; ferner sich selbst das Leben zu nehmen, also
2270 221 3250 326 ein Verbrechen gegen Gott, sich selbst, die Ang
2262 303 3227 371 hörigen, das Vaterland u. s. w. zu begehen un
2265 354 3229 438 schließlich sich doch nicht das Leben zu nehmer, blc
2268 406 3221 474 wveil Niemand etwas von der angeblich mit de
2262 455 3228 538 Officiersehre unvereinbaren „Feigheit“ gehört hat
2264 519 2969 575 weil der Gegner zufällig gestorben ist.
2333 560 3221 627 Es war das gute Recht Arthur Schnitzlers, die
2267 612 3232 676 Verhältnisse zu geißeln und am Typus des Lieutenant
2262 663 3227 726 Gustl zur Anschauung zu bringen. Also nicht dari
2259 726 3231 788 kann eine Beleidigung des Officierstandes erblich
2257 773 3226 842 werden, ebenso wenig wie dies der Fall wäre, wen
2253 831 3225 892 ein Dichter den traurigen Helden des jüngste
2255 878 3226 946 Bozener Militärscandals zum Typus wähle
2252 941 3236 1012 würde, um die Selbstüberhebung und die Roheit ein
2250 994 3226 1050 zelner Officiere zu geißeln. Nicht durch die Schil
2254 1046 3229 1123 derung solcher Zustände wird die Ehre des Officiers
2264 1087 3233 1162 tandes beleidigt. Es wäre vielmehr dringend zu
2257 1148 3222 1213 wünschen, daß man gegen diese Zustände selb
2256 1202 3235 1288 mindestens ebenso energisch vorgehe wie gegen Die
2254 1258 2915 1312 jenigen, die sie schildern und tadeln.
2332 1305 3225 1386 Also treten wir gegen die Maßregelung
2261 1349 3225 1432 Schnitzlers auf, also halten wir das Urtheil des
2256 1411 3225 1477 Ehrengerichtes für ungerechtfertigt? Keineswegs. Wit
2258 1473 3231 1542 elbst waren es, die am 28. December vorigen Jahre
2254 1516 2422 1583 schrieben:
2279 1550 3234 1639 „Wir sind schließlich gespannt, ob im Uebrigen die
2255 1609 3217 1665 Officiere die obige Schnitzlerische Darstellun
2254 1662 3222 1711 des Lieutenants=Typus als mit der Officiers
2260 1692 3228 1754 Ehre vereinbarlich halten werden. Wenn ein Schnitzle
2242 1732 3186 1786 einen anderen Stand in einer typischen Figur
3189 1744 3221 1791 4
2249 1772 3228 1833 der öffentlichen Mißachtung preisgeben würde, wi
2245 1808 3223 1863 dies Schnitzler gegenüber dem Officiersstand gethan
2261 1855 3234 1908 o würden gewiß die Vertreter dieses andern Standes
2253 1888 3234 1939 lebhaften Protest erheben. Glücklicherweise sind ja doch
2246 1931 3230 1976 nicht alle Officiere vom Schlage des Schnitzler
2254 1965 3226 2020 schen Lieutenants Gustl, während Schnitzler dies
2251 2003 3223 2051 Meinung aufkommen läßt. Schnitzler hätte unbeschadet
2254 2050 3214 2097 einer Tendenz, gerade an einem ehrenhaften Of
2260 2080 3223 2135 jeier die Folgen der sogenannten Officiersehre schildern
2244 2121 3229 2174 können, und zwar noch wirksamer. Wohl aber ist leider
2243 2155 3230 2213 die Sorte Officiersehre wie sie Schnitzler schildert
2245 2194 3220 2259 durch einen unsinnigen „Ehrencoder“ und eine unsinnig
2245 2233 3220 2291 Tradition und Mode zur typischen geworden. Diese
2251 2272 3221 2333 „Officiersehre“ ist es welche das Volk nicht versteht
2265 2300 3219 2362 hoch es auch den Officiersstand als solchen
2251 2352 3226 2408 n Ehren hält. Wenn ein Officier so empfindlich zu
2253 2388 3226 2440 ein verpflichtet ist gegen formelle Beleidigungen von
2243 2431 3225 2481 anderer Seite, müßte es die Officiersehre verlangen
2239 2471 3219 2519 auch in anderer Beziehung empfindlicher zu sein, wo es
2252 2503 3229 2572 ich um sittliche Pflichten und Vergehen handelt, welch
2252 2549 3214 2605 eder Ehre, also vor allem der Officiersehre zuwider
2246 2580 2370 2639 aufen.“
2317 2623 3224 2699 Wir haben dem damals Gesagten kein Wort hin¬
2238 2688 3230 2744 zuzufügen als dieses practische Wort: Vor allem
2232 2734 3215 2799 reinige das Officierscorps selbst seinen Officiers¬
2239 2787 3228 2872 Ehrenbegriff, dann räume man mit Gesetzen, Tradi¬
2245 2838 3216 2915 ionen und Moden auf, die zum Duell zwingen,
2228 2885 3213 2952 die zum Dreinhauen mit der Waffe gegen Wehr¬
2231 2942 3217 3009 lose zwingen und die eventuell sogar zum Selbst¬
2220 2990 2506 3073 mord treiben.
