3276 4068
1385 35 1905 117 Zu haben bei:
826 76 1870 167 Carl Battlehner, Turnapparate, I., Renngasse 5.
2863 95 3246 170 Durch einfaches Zuzien
2821 133 3257 204 ganze Pult. Schreibfläche s
823 124 2156 226 Josef Mühlhauser Nachf., Spielwaaren, I., Rauhensteingasse 8.
2809 174 3257 233 versperrt. Zum Oeffnen des
822 193 2018 280 Anton C. Niessner, Spielwaaren, VII., Kirchengasse 9a.
2809 220 3251 288 Bestes Pabrikat. Grösste
831 237 1946 308 Oesterr.-Ungar. Thermophor-Ges., I., Seilergasse 3.
3170 259 3258 316 Ka
825 277 2154 347 Joh. B. Petzl & Sohn, Turnapparate, I., Franz-Josephs-Quai 5.
2955 280 3248 368 Generalvertre
1473 337 1971 406 I., Kärntnerstrasse 39.
2792 346 3243 445 E.-W. MAASS,
819 342 1997 451 Wilhelm Pohl, Spielwaaren, ) VI., Mariahilferstrasse 5.
3100 416 3258 486 Fern
830 423 2216 505 Sans & Peschka, Sanitäts-Engros-Geschäft, IX., Garnisongasse 22.
2980 465 3260 543 Johann Kl
822 481 1987 572 I. N. Schmeidler, Gummiwaaren, 1 VII., Stiltgasse 19.
1593 523 1949 591 I., Graben 10.
2863 515 3255 602 J. C. König & El
826 544 2372 653 Verein. Gummifabr. vorm. Menler-I. N. Reithoffer, I., Kärntnerstrasse 59.
2803 570 3245 669 August Knobloch’s
829 608 2153 697 Waldeck, Wagner & Benda, chir. Abtheilung, I., Opernring 10.
527 671 815 800 ——
1257 671 1388 832 700
856 807 1946 882 „Aber ich will Ihnen die Carrière nicht verderben ...
1941 834 3106 910 bin dagestanden und hab' mir's gefallen lassen, wie wenn
3088 825 3254 894 wenn
760 868 1653 933 also schön brav sein. ... So, hab'n S'
1642 869 1942 938 keine Angst,
1941 879 2800 932 mich Einer vor den Kopf geschlagen hätt'!
2859 876 3100 941 .Aber ich
3112 883 3251 959 doch
766 906 1933 974 's hat Niemand was gehört... es ist schon Alles
1948 923 3096 982 hab' ja nichts sagen können, nichis thun können, es war
765 957 891 1021 gut
902 957 1942 1021 .. so. Und damit Keiner glaubt, daß wit uns ge¬
1943 971 3101 1031 ja noch das Einzige, was mir übrig geblieben ist: Stad
3114 834 3264 1040 10
764 1015 1934 1083 stritten haben, werd' ich jetzt sehr freundlich mit Ihnen
1939 1019 3107 1102 sein, stad sein! . . . 's ist fürchterlich, es ist nicht zum
3112 1029 3258 1088 schlage
754 1067 1947 1143 sein. — Habe die Ehre, Herr Lieutenant, hat mich sehr
1946 1070 3107 1143 Aushalten, ich muß ihn todtchlagen, wo ich ihn
3106 1072 3256 1138 tionsu
760 1105 1355 1186 gefreut — habe die Ehre!“
1935 1112 2068 1176 treff'.
2168 1114 3099 1190 Mir sagt das Einer! Mir sagt das so ein
3101 1122 3258 1182 was!
856 1143 1943 1221 Um Gotteswillen, hab' ich geträumt?::: Hat er
2894 1156 3107 1239 Herraott
1931 1139 2834 1229 Kerl! So ein Hund! Und er kennt mich.
3097 1166 3255 1235 denen
765 1178 1932 1276 das wirklich gesagt? . . Wo ist er denn? ... Da geht
1935 1190 3089 1268 noch einmal, er kennt mich! Er weiß, wer ich bin. ...
3111 1218 3258 1279 man
766 1229 1939 1298 er. : :.. Ich müßt' ja den Säbel ziehen und ihn zu¬
1935 1255 3105 1318 Er kann jedem Menschen erzuhlen, daß er mir das g'sagt
3103 1260 3240 1322 dem
766 1294 1931 1364 sammenhauen —— Um Gotteswillen, es hat's doch
1939 1306 3094 1364 hat. ... Nein, nein, das wird er ja nicht thun, sonst
752 1341 1935 1423 Niemand gehört? . .: Nein, er hat ja nur ganz leise
1933 1354 2699 1431 hätt' er ja auch nicht so leise geredet.
2721 1357 3101 1429 .. Er hat ja nur
3097 1363 3246 1423 möcht
747 1392 1924 1462 geredet, mir ins Ohr. ... Warum geh' ich denn nicht
2609 1410 2683 1462 **
2667 1382 3103 1472 Aber wer garantirt
1934 1395 2600 1463 wollen, daß ich es allein hör'..
3096 1406 3237 1466 Bul
749 1443 1708 1507 hin und hau' ihm den Schädel auseinander?
1746 1442 1929 1506 " Nein,
1925 1442 3111 1510 mir, daß er's nicht doch erzählt, heut' oder morgen, seiner
3101 1454 3260 1529 heilige
753 1465 1933 1565 es geht ja nicht, es geht ja nicht . . . gleich hätt' ich's
1934 1494 3092 1557 Frau, seiner Tochter, seinen Bekannten im Kaffeehaus.
3093 1506 3221 1563 was
766 1534 1927 1608 thun müssen. ... Warum hab' ich's denn nicht gleich
1925 1550 3102 1618 Um Gotteswillen, morgen seh' ich ihn ja wieder! Wenn
3094 1548 3257 1617 Haupt
750 1581 1924 1642 gethan? .. Ich hab' ja nicht können .... er hat ja
1930 1587 3106 1665 ich morgen ins Kaffeehaus komm', sitzt er wieder dort
3095 1597 3254 1669 vor ein
753 1622 1929 1709 den Griff nicht ausgelassen und er ist zehnmal stärker als
1932 1638 3099 1701 wie alle Tag' und spielt seinen Tapper mit dem Herrn
3084 1641 3242 1712 bin, u
757 1681 867 1740 ich
891 1683 1931 1748 . wenn ich noch ein Wort gesagt hätt', hätt' er
1940 1683 3092 1749 Schlesinger und mit dem Kunstblumenhändler. .. Nein,
3093 1688 3265 1754 ruhige
755 1727 1478 1799 mir wirklich den Säbel zerbrochen
1551 1723 1928 1801 ich muß ja noch
1929 1739 3106 1797 nein, das geht ja nicht, das geht ja nicht . . . wenn ich
3100 1740 3264 1817 Angst,
748 1752 1600 1835 froh sein, daß er nicht laut geredet hat
1595 1776 1926 1838 — wenn's ein
1935 1788 3096 1853 ihn seh', so hau' ich ihn zusammen . . . nein, das darf
750 1827 1926 1886 Mensch gehört hätt', so müßt' ich mich ja stante pede er¬
1925 1834 3108 1902 ich ja nicht ... gleich hätt' ich's thun müssen, gleich ...
3088 1810 3245 1897 heut'
1399 1878 1932 1933 es doch ein Traum
757 1862 1418 1937 schießen. ... Vielleicht ist
1923 1885 2508 1941 Wenn's nur gegangen wär'
2561 1884 3252 1960 .. Ich werd zum Obersten! Mensch
752 1903 1925 1981 gewesen ... Warum schaut mich denn der Herr dort an
1937 1909 2883 1991 geh'n und ihm die Sache melden ...
2936 1934 3096 1998 zum
3094 1930 3253 1999 der Ko
746 1967 1879 2024 der Säule so an? — Hat der am End' was gehört? :..
1936 1976 3259 2034 Obersten :. . . der Oberst ist immer sehr freundlich — undmir al
749 2010 1932 2069 Ich werd' ihn fragen. . .. Fragen? — Ich bin ja ver¬
1924 2016 3088 2089 ich werd' ihm sagen: Herr Oberst, ich melde gehorsamst,
749 2050 1925 2121 rückt! — Wie schau' ich denn aus? — Merkt man mir
1931 2071 3098 2126 er hat den Griff gehalten, er hat ihn nicht ausgelassen, es
3092 2052 3252 2152 bin ich
753 2101 1936 2163 was an? — Ich muß ganz blaß sein — Wo ist der
1925 2118 3086 2178 war genau so, als wenn ich ohne Waffe gewesen
1033 2145 1920 2229 Ich muß ihn umbringen! ... Fort ist
752 2145 1040 2224 Hund ?..
2202 2172 2896 2228 Was wird der. Oberst sagen? —
2882 2151 3090 2238 Aber da
3090 2148 3248 2232 davon.
756 2199 1917 2270 er. . .. Ueberhaupt schon ganz leer. ... Wo ist denn
1917 2197 3084 2294 gibt's ja nur Eins: quittiren mit Schimpf und Schand'
3160 2219 3230 2283 7
749 2245 1152 2313 mein Mantel?..
1236 2246 1921 2316 Ich chab' ihn ja schon ange¬
1947 2273 1998 2310 —
1978 2255 2227 2319 quittiren!
2309 2260 3099 2334 Sind das Freiwillige da drüben?
749 2273 1926 2347 zogen. ... Ich hab's gar nicht gemerkt. ... Wer hat
1918 2299 2995 2379 Ekelhaft, bei der Nacht schau'n sie aus wie Officiere
3093 2311 3247 2383 geh'n
752 2346 1926 2410 mir denn geholfen? .... Ah, der da . . dem muß
1923 2357 3259 2419 salutiren. — Wenn die wüßten — wenn die wüßten ... wo mi
746 2390 1447 2455 ich ein Sechserl geben. : .. So!
1472 2384 1914 2455 . Aber was ist denn
1915 2405 3086 2461 Da ist das Café Hochleitner sind ketzt gewiß ein paar
3090 2404 3255 2477 Mensch
741 2431 1912 2502 das? Ist es denn wirklich gescheh'n.? Hat wirklich Einer
1925 2448 3098 2513 Kameraden drin ... vielleicht auch Einer oder der
3085 2459 3263 2520 Haba!
750 2496 1915 2556 so zu mir geredet? Hat mir wirklich Einer dummer Bub
1914 2504 3091 2570 Andere, den ich kenn' ... Wenn ich's dem ersten Besten
3094 2498 3253 2563 nut ne
750 2537 1923 2602 gesagt? Und ich hab' ihn nicht auf der Stelle zusammen¬
1919 2545 3092 2617 erzählen möcht' aber so, als wär's einem Anderen
3085 2552 3263 2625 Ich mi
1037 2578 1918 2647 Aber ich hab' ja nicht können ... er hat
746 2576 1056 2650 gehant? ...
1919 2576 2987 2671 passirt .? Ich bin ja schon ganz irrsinnig...
2972 2601 3092 2659 wo
744 2627 1914 2708 ja eine Faust gehabt wie Eisen.: ich bin ja dage¬
3088 2620 3228 2708 Gott,
1914 2649 3087 2705 lauf' ich denn da herum? Was thu' ich denn auf der
751 2656 1909 2738 standen wie angenagelt. . .. Nein, ich muß den Verstand
1912 2690 3092 2747 Straße? Ja, aber wo soll ich denn hin? Hab' ich nicht
3083 2697 3257 2760 anmerk
747 2723 1908 2779 verloren gehabt haben, sonst häft' ich mit der andern
1918 2722 3083 2809 zum Leidinger wolben? Haha, unter Menschen mich
3086 2742 3240 2810 arme
745 2775 1915 2843 Hand ... Aber da hätt' er ja meinen Säbel herausge¬
1924 2788 3088 2854 niedersetzen . . . ich glaub', ein Jeder müßt' mir's an¬
3096 2783 3237 2844 eine A
739 2805 1900 2870 zogen und zerbrochen und aus wär's gewesen —
1920 2833 2997 2902 seh'n . . . Ja, aber irgend was muß doch gescheh'n.
3093 2831 3261 2900 sich All
747 2863 1921 2926 Alles wär' aus g’wesen! Und nachher, wie er fortge¬
1923 2882 2904 2954 Was soll denn geschehen? Nichts, nichts
2993 2865 3093 2940 es
3084 2882 3251 2951 der Gu
749 2918 1916 2993 gangen ist, war's zu spät. :. . Ich hab' ihm doch nicht
1910 2920 2632 2992 hat ja Niemand was gehört
2747 2917 3090 3000 es weiß ja
3080 2930 3233 3001 men,
745 2967 1822 3033 den Säbel von hinten in den Leib rennen können.
1910 2956 3081 3039 Niemand was ... in dem Moment weiß Niemand was.
3073 2978 3259 3054 ein ele
740 3010 1923 3082 Was, ich bin schon auf der Straße? Wie bin ich denn
1907 3024 3081 3106 Wenn ich jetzt zu ihm in die Wohnung ginge und ihn
3080 3022 3255 3097 zufällig
742 3067 2968 3134 da herausgekommen? — So kühl ist es . .. ah, der beschwören möchte, daß er's Niemandem erzählt...?
3082 3059 3261 3147 dumm
2950 3055 3081 3160 Ah,
761 3110 2980 3178 #und, der ist gut. :. Wer ist denn das da drüben? lieber gleich eine Kugel vor den Kopf, als so was!
3089 3129 3245 3192 junger
738 3156 1918 3215 Warum schau'n denn die zu mir herüber? Am End'
1908 3160 2453 3234 Wär' so das Gescheiteste.
2500 3169 2971 3234 Das Gescheiteste? Das
2963 3147 3088 3243 Ge¬
3084 3163 3268 3234 sagen:
740 3192 1914 3258 hab'n die was gehört. . .. Nein, es kann Niemand was
1907 3186 2997 3289 scheiteste? Gibt ja überhaupt nichts Anderes
3086 3217 3257 3279 einer D
746 3254 1914 3310 gehört haben . . . ich weiß ja, ich hab' mich gleich nach¬
1905 3253 3079 3331 es gibt nichts Anderes ... wenn ich den Oberst
3088 3271 3241 3330 immer
734 3295 2757 3365 her umgeschaut, Keiner hat sich um mich gekemmert, Nie¬ fragen möcht' oder den Kopetzky
2754 3300 3088 3383 — oder den
3077 3316 3252 3381 geben
734 3338 1908 3397 mand hat was gehört.:: Aber gesagt hat er's, wenn's
1904 3347 3252 3414 Blany — oder den Friedmaier — Jeder möcht' ist doch
748 3409 3266 3496 auch Niemand gehört hat, gesagt hat er's doch, und ich sagen: es bleibt dir nichts Anderes übrig. : Wie wär's, gegen d
