3296 4128
428 159 1077 241 Leutnant Gustl
233 162 1092 287 10 nentenenen.
1659 12 1706 62 1#
1262 167 1606 266 box 1/9
1622 1076 1766 1150 — 24 —
1105 1175 2290 1259 muthet werden dürfte, so müsste man bekennen, dass
1100 1258 2288 1314 gerade vom Standpunkt eines Officiersehrenraths
1097 1312 2290 1361 eil. -Reagierene auf die Meinungen der meisten
1102 1354 2283 1409 Wiener Zeitungsschreiber unstatthaft wäre. Und
1109 1406 2293 1452 jedenfalls kann man einem Schriftsteller, der auf
1103 1453 2291 1517 sich hält, nicht zumuthen, dass er sich mit einem
1098 1501 2275 1561 beliebigen Angreifer — im wirklichen oder bild¬
1096 1543 2289 1596 lichen Sinne des Wortes — herumschlage. Aber der
1107 1593 2292 1645 Ehrenrath, der durch die Meinung, dass man auf eine
1101 1646 2281 1698 Kritik reagieren muss, seine Unkenntnis der literarischen
1100 1696 2296 1760 Verhältnisse bewiesen hat, maßt sich auch gar nicht
1109 1744 2233 1796 an, die literarische Production des Herrn Schnitzler
1101 1794 2292 1848 der ja sonst schon nach seinem viel verdächtigeren
1105 1841 2294 1893 Freiwilde gemaßregelt worden wäre — ihrem bloßen
1104 1886 2283 1950 Inhalt nach zu beurtheilen. Herr Schnitzler ist gestrichen
1105 1950 2284 1999 worden, weil er nicht höflich genug war, vor dem Offi¬
1100 1986 2285 2047 ciersehrenrath zu erscheinen und dort zu erklären, dass
1107 2035 2298 2096 ihm eine gehässige Tendenz gegen den Stand, dem er
1096 2087 2296 2154 sich freiwillig angegliedert hat, ferne gelegen sei und
1111 2127 2296 2200 dass er für die Anrüchigkeit des Ortes, an den er sich
1111 2187 2287 2240 mit einer psychologischen Studie ahnungslos begeben,
1103 2234 2064 2294 nicht verantwortlich gemacht werden wolle.
1230 2373 2285 2456 Am 20. Juni hat die Subscription auf 125 Millionen öster¬
1108 2443 2284 2515 reichischer Rente stattgefunden. Am 21. Juni haben alle Tages¬
1106 2503 2278 2563 blätter im finanziellen Theil ihren Erfolg besprochen. Und am
1103 2544 2282 2601 22. Juni hat sich auch die „Zeit' in ihrem finanziellen, dem Inseraten¬
1107 2599 2292 2651 theil, mit der Subscription beschäftigt. Herr v. Taussig, der diesmal
1105 2647 2284 2708 das Emissionsgeschäft leitet, hatte nicht dulden wollen, dass sein
1112 2697 2288 2757 socialpolitisches Organ um ein paar hundert Gulden, die für den
1100 2741 2288 2796 Abdruck der Einladung zur Subscription gezahlt werden, bloß deshalb
1106 2842 2294 2896 die „Zeit“ erst am Samstag erscheint. So wurden im Text des
1108 2886 2292 2940 Inserates die Worte odie Subscription findet statte durch die Worte
1112 2941 2294 2997 die Subscription fand statte ersetzt, und die „Zeit“ brachte in ihrer
1101 2987 2295 3038 Nummer 351 eine seitenfüllende Anzeige, aus der die Leser freilich
1108 3038 2296 3096 über die Emission nichts Neues mehr erfahren konnten, als dass auch
