3204 4128
203 168 1004 253 10. Leutnant Gust
358 241 397 275 1
1216 184 1577 277 box 1/9
1409 1098 1484 1185 W
1172 1259 2246 1370 Ein erfreulicher Irrthum hat sich auf S. 21 der Nr. 79
1051 1344 2244 1415 eingeschlichen. Bei Besprechung eines Bahr’schen Feuilletons musste
1047 1391 2235 1459 ich unwillkürlich an den Annoncentheil des „Neuen Wiener Tagblatt“
1044 1427 2240 1520 denken und griff nach dem nächsten Beispiel, um zu illustrieren,
1049 1485 2240 1569 dass die Redaction des Steyrermühlblattes doch immer noch mehr
1043 1540 2238 1610 schweinischen Muth beweise als die Administration. Ich habe einen
1049 1581 2231 1649 Missgriffe gethan. Die Annonce, durch die eine alleinstehende
1044 1634 2228 1697 amoureuse lesbienne ihre Gefährtin suchte, ist nicht im „Neuen
1058 1680 2230 1747 Wiener Tagblatt“, sondern in der auf diesem Gebiete noch immer
1041 1730 2236 1806 hors concours stehenden „Neuen Freien Presse“ erschienen. Umso
1051 1767 2230 1846 besserle Hier hat neulich auch eine -Juckercomtesse mit sehr viel
1039 1819 2229 1894 Ternperamente — vielleicht dieselbe Dame — nach einer ajungen,
1039 1867 2230 1963 schönen, brünetten Freundin aus der Aristokratie oder Hochfinanze
1040 1913 1378 1978 Umschau gehalten.
1153 2268 2222 2353 Der Liberalismus hat seit Jahren namentlich auf
1032 2321 2212 2400 dem Wiener Markt eine starke Hausse in Märtyrern
1031 2371 2208 2444 zu verzeichnen.... Wer gedenkt nicht der stimmungs¬
1027 2416 2220 2503 vollen Art, in der die „Neue Freie Presse“ das letzte
1035 2463 2211 2543 Weihnachtsfest begangen hat? In der -literarischen
1030 2511 2206 2600 Beilages gab’s oben ein Poëm des Paprika-Schlesinger,
1031 2566 2209 2646 unter dem Strich eine Novelle von Arthur Schnitzler.
1025 2617 2204 2691 Jener war schon einmal, da er in der „Neuen Freien
1024 2661 2209 2738 Presse“ eigens für die Zwecke seines Schuhwarenlagers
1028 2715 2208 2797 eine moderne und -staunend billiges Religionsauffassung
1028 2756 2199 2828 versucht hatte, zum Märtyrer des Liberalismus ge¬
1028 2819 2203 2880 worden. Nun musste ein ähnliches Schicksal auch Herrn
1022 2857 2203 2934 Arthur Schnitzler treffen. Ich würde die beiden Autoren,
1025 2920 2197 2983 deren Begabungen ja in wesentlich verschiedene Rich¬
1013 2963 2127 3026 tung weisen — Schnitzler scheint der sensiblere
1016 3017 2208 3080 nicht ernstlich nebeneinanderstellen, wenn nicht die
1016 3056 2191 3128 Mitarbeit an demselben Blatt und eine gewisse Gemein¬
1011 3107 2210 3188 samkeit der Leiden ihre Namen für den Augenblick
