3296 4096
897 188 1122 260 Gustl
281 189 833 259 10. Leutnant
559 248 706 296 .
397 919 1281 995 Ceylen, in Indien, und wo der „humane“ Feind
410 988 1286 1030 sie sonst noch untergebracht hat, wie in Abrahams
407 1022 1280 1072 Schoß geborgen. Auch die hin und wieder von
413 1053 1289 1103 den Gefangenen an hiesige Verwandte gesandten
409 1101 1271 1138 Briese lassen ihre wahre Lage nicht erkennen. —
411 1125 1280 1173 dafür sorgt schon die wohllöbliche Censur. Wieder¬
401 1163 1289 1222 holt ist schon Einiges über die Behandlung, besser
407 1200 1283 1248 gesagt Mißhandlung dieser Gefangenen in die
411 1239 1282 1282 Oeffentlichkeit gedrungen — das wahrheitsbegeisterte
403 1274 1289 1321 Jingo=Ministerium hat stets alles mit der gewohnten
407 1318 1285 1357 Unverfrorenheit geleugnet. Es ist daher interessant,
1216 1345 1286 1393 über
698 1346 1151 1393 ungeschminkte Wahrheit
577 1351 632 1393 die
418 1355 521 1400 inmal
409 1389 1280 1429 das Leben der Gefangenen zu erfahren, wie sie ein
417 1425 1288 1469 holländischer Burenofficier, dem es gelang, von
409 1506 1287 1553 eberen Plafond. Dann geht es in sausendem
406 1548 1290 1596 Fluge weiter — eine Luftfahrt, an die sich der
404 1594 1281 1638 Bierphilister erst wird gewöhnen müssen. Aber
410 1633 1283 1683 man gewöhnt sich schließlich au Alles. Als die
403 1682 1284 1739 Stabtbahn begründet wurde, war ihre Benutzung
406 1720 1282 1770 eine so geringfügige, daß man einen großen Krach
411 1768 1280 1819 erwartete. Jetzt genügt sie den Verkehrsverhält¬
413 1807 1283 1866 nissen kaum noch, so daß die Staatsbahn=Ver¬
409 1847 1287 1904 waltung den Entschluß gefaßt hat, die Zugstärke
414 1901 1294 1948 von neun Wagen auf vierzehn zu bringen. Um die
407 1936 1283 1990 Zuglänge trotzdem nach Möglichkeit einzuschränken,
413 1992 1292 2042 soll der Abstand zwischen den einzelnen Wagen
420 2025 1283 2079 durch Einrichtung neuer Verbindungs= und Puffer¬
413 2071 1285 2124 systeme verringert werden. Die Hebung der Ver¬
423 2119 1284 2167 kehrs=Verhältnisse Berlins ist eine der dringendsten
417 2157 1297 2213 Nothwendigkeiten für die riesenhaft anwachsende
417 2198 1287 2261 Stadt. Pferdebahn und elektrische Straßenbahn
413 2255 1291 2301 genügen in keiner Weise mehr; auch das Droschken¬
412 2291 1291 2339 wesen bedürfte einer Reorganisation. Die Ein¬
424 2338 1291 2388 führung der praktischen Taxameter het die gräßlichen
414 2374 1287 2429 Droschken „zweiter Güte“ gottlob so in den Hinter¬
418 2422 1289 2475 grund gedrängt, daß man hoffen kann, sie werden
420 2473 1297 2517 bald ganz von der Bildfläche verschwinden. Die
416 2509 1287 2559 Rutomobildroschken vermehren sich leider nur lang¬
413 2555 1294 2605 sam. Das ist schade. Das Automobil ist zweisellos
413 2597 1297 2651 das Gefährt der Zukunft. Wenn man bedenkt, wie
418 2642 1289 2696 schwerfällig die ersten Motorwagen beschaffen waren,
417 2692 1298 2739 welche Hindernisse sich ihrer praktischen Verwendung
417 2727 1274 2782 und der allgemeinen Einführung entgegenstellten -
420 2772 1291 2826 und nun sieht, wie sich die Systeme vervollkommnet
416 2818 1294 2868 haben, so kann man wohl mit Sicherheit voraus¬
421 2854 1286 2911 setzen, daß sich die Automobile auch im Verkehrs¬
1238 2901 1293 2951 Die
427 2901 1221 2957 leben der Großstädte bewähren werden.
413 2959 1251 2999 unangenehmste Eigenschaft der Selbstfahrer
424 2999 1295 3049 noch immer das tosende Geräusch, das sie ver¬
421 3037 1295 3088 ursachen; es macht selbst die sanftesten und nerhen¬
413 3073 1303 3132 stärksten Gäule scheu. Diesem Uebelstande müßte
421 3121 1299 3183 zunächst abgeholfen werden, und wie ich höre,
422 3164 1304 3224 beabsichtigt der Vorstand des deutschen Automobil¬
423 3214 1295 3266 Clubs, ein Preisausschreiben zu veranstalten, um
416 3257 1305 3312 die Techniker anzufeuern, sich energischer der
416 3301 1292 3353 Lösung dieses zweifellos sehr schwierigen Problems
423 3345 1299 3400 zu widmen. Der deutsche Automobil=Club ist zwar
426 3397 1299 3442 nur ein Sportunternehmen; aber auch seine Ver¬
421 3436 1304 3488 dienste um die Allgemeinheit sind nicht zu ver¬
417 3477 1310 3545 kennen. Der Präsident der Gesellschaft, Herzog
1296 172 1688 272 box 1/10
1331 1447 2216 1536 von Natibor, und der Graf Talley, 5=Pörförd
1337 1521 2220 1580 sind die Doppelseele der Gesellschaft, und ihre
1337 1564 2222 1619 eifrigsten Förderer neben den beiden Secretairen,
1346 1608 2212 1664 Grafen Strachwit und Baron Molitor, die Herren
1684 1651 2207 1715 und Hauptmann Kübel.
1339 1658 1642 1715 General Becker
2151 1701 2216 1747 dem
1922 1700 2062 1751 gehören
1516 1699 1841 1757 Fürstlichkeiten
1342 1707 1512 1756 Zahlreiche
1347 1751 2213 1801 Club an, selbst exotische wie der Schah, der Mikad
1347 1779 2221 1843 und der König von Siam; weiter die Prinzen Joachim
1347 1834 2225 1881 Albrecht, Thurn und Taxis und Leopold, Herzog
1346 1882 2212 1927 Abolf Friedrich von Mecklenburg, Fürst Christian
1343 1925 2215 1974 Hohenlohe, Prinz Heiprich Pleß: es ist also gewisser¬
1345 1966 2215 2014 maßen ein aristokratisches Unternehmen und als
1337 2006 2222 2061 rein sportliches wird es ja wohl seine aristokratischen
1346 2047 2223 2106 Tendenzen beibehalten. Aber die Automobil¬
1353 2094 2224 2149 Bewegung wird nicht allein Sport bleiben. Das
1345 2139 2216 2190 betonte auch unser neuer Handelsminister bei
1352 2181 2224 2237 Gelegenheit des Festmahls im Kaiserhof=Hotel, das
1347 2235 2217 2280 der Club den sranzösischen Gästen gab. Ein ge¬
1352 2281 2223 2321 fälliger Freund hatte mir eine Einladungskarte ver¬
1350 2308 2224 2366 schafft. Den Empfang der Automobilisten im
1351 2365 2226 2414 estend hatte ich mir geschenkt; die Begeisterung
1349 2398 2213 2454 soll dort ebenso hochwirblig gewesen sein wie der
1346 2441 2226 2498 Staub. Sie ließ auch ohne Staub, im großen
1349 2488 2226 2548 Festsaal des Kaiserhofes, in dem bei dieser Gelegen¬
1350 2532 2225 2595 heit wohl zum ersten Male die Marseillaise gespielt
1349 2575 1903 2627 wurde, nicht zu wünschen übrig.
1381 2636 2234 2688 Die Automobilfahrt Paris=Berlin brachte eine
1354 2685 2233 2735 hübsche Abwechslung in das sommerliche Leben der
1354 2722 2181 2781 Hauptstadt. Nun ist es wieder still geworden
1345 2772 2221 2824 und auch langweilig. Die Feuerwehr=Ausstellung
1351 2821 2216 2868 am Kurfürstendamm bietet manches Interessante,
1349 2856 2220 2918 lockt aber doch die Besucher nicht so, wie man
1360 2887 2219 2956 ehofft hatte. Der See der Geselligkeit kräuselt sich
1352 2941 2223 2994 kaum. Als den plötzliche Tod Wilhelm Bismarcks
1348 2995 2231 3042 bekannt wurde, war noch ein guter Theil der
1353 3033 2219 3084 Gesellschaft daheim, und Graf Bill hatte auch in
1345 3072 2228 3123 Berlin viele Freunde. Der Tod des greisen
1353 3123 2230 3177 Fürsten Hohenlohe hat kaum eine Bewegung her¬
1360 3161 2228 3214 orgerufen. Von allen unsern großen und ver¬
1359 3202 2231 3265 dienten Männern hat sich selten einer so wenig
1354 3246 2226 3306 auf Popularität verstanden als Hohenlohe. Sein
1356 3298 2231 3347 Nachfolger im Amt hat die Kunst, sich volksthüm¬
1353 3341 2233 3390 lich zu machen, besser heraus. Von seiner anfecht¬
1352 3374 2224 3429 baren Rede bei Enthüllung des Bismarck=Denkmals
1354 3434 2230 3482 zehrten die liberalen Blätter vierzehn Tage lang.
1359 3472 2239 3530 Das Denkmal lockt die Neugierigen noch immer in
2274 1472 3140 1524 Massen herbei. Auch ich habe mich neulich über¬
2273 1511 3141 1564 wunden und der Betrachtung der Begasschen
2273 1558 3135 1614 Schöpfung eine volle Stunde gewidmet. Aber ich
2275 1597 3131 1654 bin traurig nach Hause gegangen. Man brauch
2275 1647 3129 1706 nicht in den albern hämischen, absprechenden Ton
2266 1695 3129 1742 des Professors Muther zu verfallen, um das Denk
2270 1740 3132 1789 mal unschön zu finden. Die Masse und das Riesig
2279 1780 3130 1832 hat es in diesem Falle nicht gemacht. Das i
2281 1818 3126 1876 virklich nicht „unser" Bismarck und nicht de
2282 1869 3131 1918 Bismarck, wie er fortleben wird, so lange e
2556 1910 3136 1963 Und ringsum die unschöner
2272 1911 2537 1971 Deutsche giebt.
2276 1958 3144 2011 Allegorien: eine Sphinx mit Soubrettengesicht und
2279 2004 3149 2053 eine Germania, die schläfriger aussieht, als der
2274 2043 3143 2097 erwachende Michel. Schließlich ist alles Geschmacks¬
2277 2083 3143 2142 sache. Es giebt Viele, die das Denkmal wändernoll
2282 2131 2867 2196 inden; mich dünkt es barbarisch...
2307 2186 3134 2241 Auch über den „Fall Reicke“ ist es still geworden
2272 2239 3141 2282 Graf Bülow hat ein Machtwort gesprochen und be
2274 2274 3145 2325 hält den Dr. Reicke, aber nicht als Consistorial¬
2274 2322 3134 2377 rath. Das war wieder einmal ein geschickter Schach
2277 2364 3139 2416 zug des Grafen; seine Popularität wächst. De
2281 2415 3131 2466 Fall Reicke“ war noch an der Tagesordnung, al
2277 2438 3146 2508 sich zu Wien der „Fall Schnitzler“ ereignete, dem
2287 2504 3134 2549 nan auch hier viel Interesse enkgegenbrachte. Abe
2278 2540 3132 2588 die beiden Affairen in Parallele bringen zu wollen
2285 2586 3146 2637 seht doch nicht recht an. Die freisinnigen Blätter
2282 2629 3157 2684 schrien Zeter und Mordio über den seiner Charge
2283 2676 3158 2730 für verlustig erklärten Sanitätsoffieier, und es gab
2272 2728 3132 2774 #lich Zeitungen, die darauf hinwiesen, daß so etwa
2276 2761 3144 2812 „bei uns“ nicht passiren könne. In der That ist e
2273 2797 3158 2859 meines Wissens noch nicht vorgekommen, daß man
2284 2849 3155 2904 inen schriftstellernden Reserveofficier seiner litera¬
2284 2893 3159 2944 ischen Arbeiten wegen gemaßregelt hat; nur auf
2280 2939 3159 2986 politischem Gebiete — ein ganz anderer Fall — heit
2284 2981 3166 3034 ich Aehnliches ereignet. Man darf indessen nicht
2285 3033 3159 3078 ergessen, daß Schnitzler sich in der Hauptsache
2280 3069 3049 3122 arg gegen die Disciplin vergangen hat.
2284 3114 3157 3165 wurde vom Ehrengericht aufgefordert, sich zur Ver¬
2278 3155 3164 3210 antwortung zu stellen, und hat es vorgezogen,
2280 3200 3151 3246 einfach nicht zu erscheinen, ohne ein Wort der Ent¬
2287 3244 3150 3296 chuldigung; er hat seine Maßregelung in gewisser
2274 3278 3149 3336 Weise selbst provocirt, während es ihm andererseits
2288 3323 3162 3382 icher nicht schwer geworden wäre, die gegen ihn
2283 3379 3158 3420 vorliegenden Bedenken zu zerstreuen. Der Unter¬
2288 3413 3156 3464 chied zwischen den Fällen Reicke und Schnitzler ist
2280 3463 3164 3519 ist ein so gewaltiger, daß sie sich ger nicht ueben¬
3097 3536 3183 3626 7
