3296 4128
252 157 1075 234 10. Leutnant Gust
292 1160 1199 1275 Lientenant Gustl an Dr. Schnitzler.
343 1256 917 1314 4 Sehr geehrter Herr Doktor!
262 1309 1245 1365 * Da hört sich aber schon Alles auf! Sie wollen sich
246 1355 1234 1405 am End' darüber beklagen, daß Sie springen baben
246 1406 1235 1460 müssen? Gelt, das möcht' Ihnen halt gefallen: wenn es
246 1445 1241 1510 Ihnen gerade paßt, in der Regimentsarzt=Uniform mit dem
246 1499 1232 1559 großen Federbusch, mit dem Säbel und dem Port=épée und
239 1546 1231 1592 mit der Jubiläumsmedaille Pflanz machen, am Ring und
244 1588 1242 1648 in der Kärntnerstraße den Mädeln nachsteigen und sich im
244 1632 1237 1689 Mantel von dummen Rekruten mit einem Generalstabs¬
254 1680 1239 1745 Hauptmann verwechseln lassen. Ja, die Uniform, die möcht'
244 1725 1232 1793 Ihnen gefallen. Dabei aber geniren Sie sich gar nicht und
251 1771 1231 1836 schreiben über uns die unglaublichsten Sachen ... lanter
251 1818 1235 1883 Sachen, die gar nicht wahr sind. Und die blöden Zivilisten
249 1863 1228 1915 lesen das Zeug unterm Strich, glauben es natürlich, und
251 1920 1230 1972 dann gibt es allerhand grausliche Geschichten. Ja, wissen
245 1961 1233 2024 Sie, ich begreife da wirklich nicht, wie Sie sich darüber
248 2006 1228 2058 beschweren können, daß Sie der Ehrenrath gegangen hat
335 2051 1242 2120 Wenn Sie schon durchaus schreiben müssen, so
248 2099 1233 2163 schreiben Sie halt pikante Weibergeschichten, da werden
248 2150 1229 2210 Sie keine Anstände haben, oder, wenn Sie sich schon auf
244 2197 1229 2259 das Militär kapriziren, so erfinden Sie halt so ein paar
244 2237 1230 2311 Kasernhofblüthen — in den „Fliegenden Blättern“ stehen
242 2285 1190 2333 in jeder Nummer so kleine Sacherln zum Todtlachen
248 2334 1234 2391 oder so einen preußischen Gardelieutenant... es kann
248 2384 1233 2445 auch ein Oberst oder General oder Rittmeister sein, aber
248 2428 1238 2492 immer nur preußisch! Uebrigens sind Sie ja Doktor. Da
245 2473 1237 2524 hätt' Ihnen doch etwas von so g’'spaßigen Bader¬
246 2520 1233 2581 geschichten einfallen können..., mein Freund Kopetzky
243 2574 1231 2633 weiß eine Masse und der jüdische Freiwillige von meiner
238 2613 788 2668 Kompagnie weiß noch mehr ...
344 2660 1233 2719 Da kommt aber so ein Tintenfisch daher, der sein
234 2709 1240 2763 Lebtag nichts gethan hat, als hinter den Büchern gesessen
246 2759 1233 2814 und vielleicht ein=, zweimal eine Gefrörsalbe .verschrieben
246 2808 1237 2868 oder einen verwachsenen Nagel operirt, und schreibt
248 2845 460 2908 über uns!!
340 2895 1254 2956 Und die Sachen sind dabei alle nicht wahr! Glauben!
1281 161 1641 255 box 1/9
1274 1154 2252 1228 Sie denn, daß so etwas, wie Sie erzählt haben, wirklich
1269 1228 2255 1284 geschehen kann?! Sollt' mir nur Einer kommen wie der
1280 1265 2256 1317 dicke Bäckermeister ... es gibt überhaupt keinen Bäcker¬
1279 1309 2264 1360 neister, der nicht vor mir gleich gekuscht und mir an der
1274 1357 2256 1412 Garderobe Platz gemacht hätte... Sie schreiben ja
1284 1405 2256 1474 elber, daß es kein Mensch gesehen hat! Woher wissen
1274 1452 1523 1510 Sie es dann?
1368 1499 2255 1558 Und die Geschichte mit der Steffi ist auch nicht
1267 1548 2260 1600 wahr. Denn nicht eine meiner Bekannten heißt Steffi ...
1274 1594 2257 1657 oder, warten Sie nur, mir scheint . .. nein, das Blumen¬
1276 1650 2253 1697 nädel vom Ronacher hat ja Poldi geheißen. .. Uebrigens
1274 1689 2256 1738 garnisoniren die Vierundvierziger, die in Ihrer Geschichte
1274 1733 2258 1800 durch den Prater auf die Schießstätte marschiren, gar nicht
1269 1781 2253 1829 in Wien, die müßten rein wegen Ihres Zeugs da einen
1271 1828 2255 1881 Zug aus Pilis=Czaba, oder wo sie da unten liegen,
1271 1876 2262 1933 heraufgeschickt haben — mit einem Worte, das, was Sie
1280 1920 2252 1987 elber in der Geschichte von dem Doktor sagen, den ich da
1279 1974 2254 2024 nit den Worten „Leute, die sich in Dinge dreinmengen,
1267 2017 2251 2081 von denen sie nichts verstehen“ abgefertigt haben soll,
1269 2059 2214 2115 paßt auf Sie wie ein Mündungsdeckel auf das Gewehr.
1360 2112 2250 2169 Sie verstehen eben auch nichts von uns ... Und
1272 2164 2261 2213 wenn Sie mir vorgeworfen haben, daß ich aus dem
1275 2198 2251 2265 Gymnasium hinausgeworfen und in eine Kadettenschule
1275 2251 2257 2302 gesteckt worden bin, so denken Sie nur daran, daß Sie
1277 2295 2252 2355 nichts weiter als eine achtwöchentliche Rekrutenausbildung
1271 2343 2256 2393 genossen haben und dann noch vier Monate als fünftes
1269 2390 2259 2439 Rad im Wagen bei einer Kompagnie herumgebummelt
1272 2433 2252 2501 sind — das war ihre ganze Truppendienstleistung. Denn
1272 2482 2248 2534 die Zeit, die Sie dann als Arzt bei Marodenvisiten oder
1273 2532 2248 2584 n irgend einem Spital gequacksalbert haben, haben Sie
1265 2574 2247 2627 doch nicht zu Ihrer militärischen Ausbildung verwendet.
1266 2622 2255 2689 Wie konnten Sie also über uns schreiben? Waren Sie
1273 2673 1766 2732 denn je einmal Lieutenant?!
1368 2712 2248 2783 Sie haben also die ganze Geschichte ganz einfach
1269 2758 2260 2818 erfunden ... Sie haben gelogen ... Und wir können
1273 2806 2246 2872 keinen Lügner in unserer Mitte dulden. Denn wir sagen
1265 2858 1946 2919 nur die Wahrheit, immer die Wahrheit.
1346 2884 2272 2982 Ja, wenn Sie eine wahrheitsgetreue Schilderung
2305 1171 3275 1244 von mir gemacht hätten! Da hätten Sie erzählen müssen,
2306 1225 3288 1282 daß ich einer der bravsten und tüchtigsten Offiziere des
2304 1264 3281 1345 Regiments bin, daß ich sowohl das Dienst= als auch das
2307 1320 3285 1391 Exerzierreglement und die Schieß= und Waffen=Instruktion
2296 1365 3276 1434 vollkommen beherrsche, daß ich mich mit rastlosem Eifer
2304 1411 3276 1482 der Ausbildung meiner Untergebenen widme, daß ich den
2303 1458 3276 1535 Drang nach höherer Ausbildung habe und geeignet zur
2305 1503 3272 1560 Beförderung bin. Denn das Alles steht in meiner Quali¬
2296 1548 3270 1615 fikationsliste, die von meinem Hauptmann, von den Stabs¬
2306 1599 3280 1684 ffizieren des Regiments, vom Obersten und vom Brigadier
2304 1642 2586 1711 unterschrieben ist.
2381 1694 3218 1749 Ja, wenn Sie diese Wahrheit gesagt hätten.
2305 1734 3274 1806 Dann wäre jebenfalls eine schönere Geschichte daraus
2301 1788 3279 1855 geworden und Sie könnten noch immer im nächstjährigen
2300 1837 3277 1898 Schematismus als Regimentsarzt stehen... Denn die
2297 1880 3277 1937 Wahrheit läßt man Jeden bei uns sagen . .. Das sagt
2296 1930 3274 1996 je#in Tag beim Rapport mein Hauptmann, und der dient
2296 1973 3274 2041 schon länger, als Sie auf der Welt sind .. . Und wenn
2292 2020 3300 2073 Ihnen schon einmal etwas nicht recht gewesen wäre, so
2296 2075 3301 2145 wären Sie ganz einfach als Soldai und Mann — wenn
2305 2116 3279 2172 Sie auch als Regimentsarzt in der Reserve nur halb
2298 2164 3275 2227 jählen — zu mir gekommen, und hätten Sie es mir ins
2300 2205 3279 2281 Gesicht gesagt . . . oder hätten Sie eine vorschriftsmäßige
2291 2256 3279 2319 Meldung erstattet ... oder hätten Sie sich an den schönen
2296 2301 3278 2376 Grundsatz erinnert, den man Ihnen gewiß während Ihrer,
2291 2358 3276 2420 wenn auch noch so kurzen Dienstzeit zur Genüge klar ge¬
2291 2396 3129 2454 macht hat: „'s Maul halten und weiter dienen!“
2377 2438 3277 2518 Sie haben also gar keine Ursache, sich jetzt zu be¬
2287 2477 3061 2557 klagen, Ihnen ist ganz recht geschehen. ...
3074 2498 3300 2558 Und wenn
2300 2536 3277 2605 Sie vielleicht, wie Sie den sozialdemokratischen Doktor
2291 2585 3279 2656 sagen lassen, nicht zum Militär gegangen sind, ausschließ¬
2290 2633 3270 2700 lich um das Vaterland zu vertheidigen, so können wir
2296 2674 3127 2734 Sie eben nicht brauchen . . ., denn wir sind es.
2370 2725 3276 2786 Außer Dienst war ich immer gemüthlich — so grüße
2286 2775 3266 2845 ich Sie mit herzlichem Bedauern über Ihr allerdings
2295 2815 2687 2880 vohlverdientes Geschick
2536 2862 3036 2932 als Ihr ehemaliger Kamerad
2889 2912 3243 2994 Gustl, Lieutenant.
