3276 4037
342 176 1186 258 10. Leutnant Gustl
401 759 783 823 Fur Oesterreich=Ungarn.
352 810 809 858 Morgen= und Abendblatt mit täg¬
353 839 791 897 lich einmaliger Postversendung:
360 867 485 908 Monatlich
636 878 797 926 3 Kr. 60 H.
355 902 717 946 Bierteljährig... 10 Kr.
359 930 714 969 Halbjährig .. .. 20 Kr.
716 945 746 972 —
755 916 805 973 8.
354 960 722 1005 Ganzjähefn 40 Kr.
354 984 812 1044 Mit täglich zweim. Postversendung:
350 1025 808 1073 Monatlich .. 4 Kr. 40 H.
356 1056 711 1102 Biertehjährig . .. 12 Kr.
349 1087 720 1134 Kalbjährig .. .. 24 Kr.
348 1113 800 1168 Ganzjährig . . .. 48 Kr. — 0.
416 1152 714 1221 Für das Ausland.
354 1182 807 1253 Mit täglich einm. Postversendung:
356 1236 793 1281 Für Deutschland viertelj. 16 Kr.
359 1267 794 1312 ür Moutenegro, Serbien viertel¬
357 1292 795 1338 ährig 15 Kr., für alle anderen,
340 1316 410 1379 dem
422 1318 792 1377 Weltpostverein angehörigen
466 1350 675 1413 Länder 18 Kr.
495 1392 644 1448 Inserate
332 1439 801 1482 Abernehmen alle renommirten An¬
339 1464 800 1525 vollen=Bursaux des In= und Aus¬
517 1497 629 1532 landes.
336 1538 792 1605 Manuskripte werden nicht
442 1574 676 1619 ausädgssteltt.
334 1652 670 1730 Nr. 168.
333 1824 1287 1942 Kunstbeilagen
776 1926 849 1986 des
399 1971 1170 2109 „Wiener Tagblatt“
402 2102 1286 2161 Vom nächsten Sonntag angefangen werden wir
306 2137 1290 2201 jeder Sonntagsnummer des „Wiener Tagblatt“ ein
307 2200 1288 2254 werthvolles Kunstblatt beilegen. Die Kunstblätter
311 2235 1289 2302 des „Wiener Tagblatt“ werden hervorragende Werke
309 2283 1287 2351 der besten neueren Meister bringen, auf der Höhe
303 2330 1285 2398 des modernen Reproduktionsverfahrens stehen und
306 2389 1293 2440 gesammelt einen Hausschatz der besten modernen
300 2429 1284 2501 Gemälde bilden, einzeln aber als Wandschmuck mit
309 2468 1055 2535 prächtiger Wirkung zu verwenden sein.
385 2506 1286 2583 Wir beginnen Sonntag den 23. d. mit der
302 2568 1277 2632 ersten Gratisbeilage, einem doppelseitigen Kunstblatte
319 2640 1195 2749 „Vor dem Strike
508 2728 1074 2813 von Michael Munkacsy.
1198 2861 1262 2940 4
536 2853 1193 2961 Lieutenant Gustl. 72.
396 2945 1272 3015 Ein Wiener Schriftsteller hat vor einigen
285 2989 1276 3061 Monaten eine novellistische Charakterstudie ver¬
294 3038 1268 3105 öffentlicht. Mit großer psychologischer Kenntnif
300 3085 1274 3152 schilderte er einen Tag aus dem Leben eines
292 3130 1274 3197 jungen Menschen, der jeden sittlichen Halt verloren
289 3186 1277 3246 hat. Solche Großstadtpflanzen gibt es viele, und
293 3236 1264 3294 zwar in allen Ständen, also auch in dem Stande
295 3278 1264 3341 dem Lieutenant Gustl angehörte. Von dem
290 3313 1269 3390 Geiste des ehrenwerthen Korps besaß dieser
289 3359 1267 3431 Lieutenant Gustl nichts als die Empfindung, daß
295 3416 1266 3475 an der goldenen Quaste an seinem Säbel ein Ehrbegriff
288 3457 1273 3524 troddelt, den er sich nicht entreißen lassen dürfe.
290 3505 1276 3574 Sonst herrscht eine Verworrenheit, eine Begriffs¬
291 3551 1260 3612 verwirrung und sittliche Verwilderung in seiner
290 3593 1264 3666 Lebensauschauung, daß sogar sein Gottesglaube
284 3650 1260 3701 zum Fetischthum eines Negers degenerirt ist. Lieu¬
287 3693 1259 3752 tenant Gustl provozirt einen Streit mit einem hünen¬
275 3738 1259 3802 haft gebauten, gutmüthigen Bäckermeister. Als der
1354 190 1700 281 box 1/9
2925 761 3279 844 „
3022 812 3192 856 Für Wien.
2874 836 3278 892 Morgen= und Abendblatt in un
3045 878 3279 929 I., Schulerstraße
2880 879 3030 926 Expedition,
1663 786 2044 954 Wiener
3046 904 3168 953 abzuholen
2889 915 3007 972 Nonatlich
3136 931 3221 975 3 Kr.
2883 960 3049 1006 Vierteljährig
3048 961 3280 1005 8 Kr. 60
2881 994 3270 1052 Mit täglich einmaliger Zustel
3031 1021 3181 1073 in's Haus:
2876 1040 3007 1085 Monatlich
3057 1040 3280 1091 .. 3 Kr. 20
2883 1078 3038 1117 Bierteljähr
3064 1082 3257 1115 . 9 Kr. 2
2887 1105 3013 1151 Mit tägli
3029 1085 3266 1163 zweimaliger Zustel
3031 1136 3175 1183 in's Haus:
2886 1152 2999 1198 Monatlic
3036 1153 3279 1206 ... 3 Kr. 50
2881 1190 3229 1257 Vierteljährig ...10 Kr.
2891 1244 3280 1300 Einzelne Exemplare in Wie
2881 1284 3036 1322 Morgenblatt
3047 1289 3111 1330 * *
2880 1313 3233 1358 Abendblatt
3009 1337 3186 1416 Redaktion:
2884 1390 3281 1452 IX., Universitätsstraße
3011 1437 3189 1475 Telephon 475.
2884 1444 3278 1509 Von 9 Uhr Abends an Nr. ##
2876 1493 3247 1571 Expeditien, Romtnest##
1329 1478 2394 1609 Demokratisches Organ.
3035 1554 3246 1594 rean
2918 1582 3256 1626 I., Schulerstraße Nr. 12
2987 1610 3197 1658 Telephon 12##,
1480 1664 2254 1757 Freitag, den 21. Juni 1901.
2881 1680 3247 1776 51. Jehrgan
1329 1784 2313 1839 entnervte Knirps in Montur gegen den riesenstarken
2340 1792 3270 1868 Gestalten, wie der Lieutenant Gustl, kommen v
1325 1836 2309 1889 Handwerker den Säbel ziehen will, zerdrückt ihm
2342 1849 3279 1908 aber sie können sich auf die Dauer nicht behaupt
1332 1880 2303 1938 dieser die Rechte an der Säbelkoppel, überhäuft
2345 1889 3280 1964 Sie sind wie der Unkrautsame, den der Wind
1323 1923 2309 1977 ihn mit Hohn, ist aber zuletzt so gutmüthig, ihn
2339 1929 3242 2019 Blumenbeet wehte und der früher oder später
1331 1975 2313 2036 aus der Klemme zu lassen. Lieutenant Gustl irrt
2344 1979 2551 2041 fernt wird.
1323 2016 2308 2076 einen Tag und eine Nacht schlaflos umher. Wenn
2435 2031 3278 2109 Der Autor des „Lieutenant Gustl“, der an
1334 2068 2300 2127 der Bäckermeister die Geschichte in dem gemein¬
2347 2078 3279 2156 ohne Porte=épée eine Zierde des geistigen Wi
1344 2114 2300 2167 amen Stammcafé erzählt, ist die Lieutenantscharge
2343 2131 3249 2201 bleiben wird, ist unserem Offizierskorps nicht
1336 2163 2302 2224 um Teufel. Tags darauf erzählt dem geknickten
2350 2177 3183 2266 Entferntesten nahegetreten. Aber allerdings
3207 2187 3257 2243 ist
1330 2208 2305 2257 Gigerl in Montur der Marqueur, daß den starken
2346 2230 3160 2289 mit vollem Bewußtsein der brutalen
3205 2233 3274 2290 Vr
1332 2250 2303 2308 Bäckermeister der Schlag getroffen habe und daß
2347 2271 3281 2339 schrift des Paragraph 114 des Militär=Str
1333 2301 2306 2372 derselbe sofort todt gewesen sei. Lieutenant Gustl
2335 2325 3275 2382 gesetzes entgegengetreten, welcher jeden Offizi
1319 2351 2295 2410 jauchzt auf. „Das ist der Lohn dafür, daß ich
2338 2370 3278 2437 unter gewissen Verhältnissen zum Waffengebrau
1332 2382 2302 2457 gestern in der Kirchen g’wesen bin!“ In dieser
2339 2418 3281 2484 gegen Wehrlose bei sonstigem Verlust der Char
1336 2442 2304 2490 Erzählung erblickte nun ein Offiziersehrenrath eine
2345 2465 3281 2529 zwingt. Diese militärische Vorschrift steht im e
1315 2488 2300 2542 Herabwürdigung des österreichischen Offizierskorps,
2355 2499 3282 2579 chiedenen Gegensatz zu der bürgerlichen A
1317 2540 2297 2590 und da der Autor selbst Reserveoffizier und Re¬
2335 2551 3266 2617 fassung, die Denjenigen als Feigling bezeichnet,d
1320 2577 2289 2638 gimentsarzt ist, erklärte man ihn als unwürdig
2333 2603 3282 2668 mit der Waffe in der Faust gegen einen U
1324 2616 2110 2681 fernerhin die Offizierscharge zu bekleiden.
2336 2639 3279 2712 bewaffneten losgeht. Nicht der ritterlich=militäris
1408 2673 2297 2729 Dieses Urtheil wird nicht verfehlen, all¬
2330 2698 3281 2757 Geist im Offizierskorps ist an den peinlich
1320 2729 2293 2787 gemeines Aufsehen wachzurufen. Man wird es
2340 2737 3273 2810 Zusammenstößen schuld, welche in letzt
1328 2775 2293 2828 chwer begreifen, wie die Schilderung eines
2331 2787 3275 2856 Zeit immer öfter sich wiederholten, sondern led
1315 2810 2292 2868 charakterlosen Offiziers die Ehre des gesammten
2337 2830 3270 2893 lich jene unvernünftige Vorschrift des veraltet
1317 2864 2289 2922 Ofsizierskorps tangiren kann. Gewiß gibt es in
2333 2879 3280 2951 und verrosteten Militär=Strofnerfahrens, ein Uebe
1308 2913 2288 2965 jedem Stande Individuen, welche demselben nicht zur
2341 2930 3279 2986 leibsel nachmärzlicher Reaktionszeit, ein würdig
1312 2964 2295 3014 Zierde gereichen. Also auch unter den Offizieren. Die
2341 2967 3278 3036 Denkstein jener Kriegsminister, welche Königgr
1313 3008 2291 3068 leichtfertigen, frivolen Spielarten im Militärstande
2333 3013 3268 3075 verschuldet haben! Es ist eine verdienstvol
1309 3050 2292 3107 haben die Schriftsteller aller Nationen schon in ihren
2340 3058 3268 3130 That, die Schnitzler wirkte, als er dies
1312 3097 2285 3155 Werken geschildert. Man erinnere sich an Spiel¬
2341 3103 3274 3172 Stein ins Rollen brachte. erade ein
1319 3145 2285 3200 hagen, Maupassant, Zola und viele Andere. Aber
2333 3151 3280 3220 Halbidioten und „Armen im Ge': eine Offizier
1314 3191 2294 3251 als Armeetypus haben diese ihren jeweiligen
2326 3210 3280 3273 ausnahme wie Lieutenant Gustl, ußte der Kritik
1309 3239 2284 3308 traurigen Helden, mag er ein Wechselfälscher, ein
2324 3246 3281 3317 dieses unleidlich gewordenen Zustandes auf de
1305 3280 2281 3333 Falschspieler oder ein Feigling gewesen sein
2326 3292 3275 3360 Kampfplan stellen, damit Jebermann das Lächerlich
1319 3331 2289 3383 icherlich nicht aufgefaßt, und auch Arthur Schnitzler
2327 3338 3246 3407 der Vorschrift des Paragraph 114 erkenne.
1310 3379 2286 3431 hat es mit seinem „Lieutenant Gustl“ nicht anders
2332 3386 3253 3459 Lieutenant Gustl zittert vor den Folgen, wenn
1304 3429 2280 3487 gethan. Daß aber die Gestalt des Lieutenant
2323 3431 3268 3499 bekannt würde, daß er von der Waffe keinen G
1308 3476 2289 3531 Gustl Fleisch vom Fleische und Blut vom
2323 3480 3272 3538 brauch gemacht hat. Aber Tausende von gebildete
1301 3513 2284 3578 Blute der Wiener Großstadt ist, das ist allerdings
2322 3527 3274 3596 Offizieren, Zierden des Heeres, zittern gleichfall¬
1301 3561 2288 3619 unleugbar. Es ist eine lebenswahre Gestalt, die
2321 3571 3280 3634 wenn sie sich in einer halbwegs ähnlichen, abe
1320 3606 2283 3659 chon unter uns so Mancher mit freiem Auge
2326 3626 3280 3681 unverschuldeten peinlichen Situation befinder
1312 3658 2284 3712 vandeln sah in der Kärntnerstraße. Aber ein
2329 3659 2670 3733 gerade deshalb,
2671 3657 3281 3733 weil sie von der Waffe G
1309 3701 2276 3764 Fehler ist es, dieses Konterfei als einen dem
2316 3708 2619 3772 brauch machen
2673 3716 3276 3780 müssen. Darin liegt wol
1295 3751 2274 3828 Offiziersstande angethanen Schimpf aufzufassen
2329 3747 2585 3827 der Grund
2637 3761 3279 3834 für die Empfindlichkeit de
