3276 4037
846 143 1079 222 Gust
258 143 772 216 10. Leutnan
1271 147 1624 239 box 1/9
839 843 1200 911 Telefon 12801.
369 951 1653 1020 Alex. Weigl's Unternehmen für Zeitungs-Ausschnitte
1375 1006 1525 1080 Ansschiiltt
703 1029 1325 1148 „OBSERVER“
1407 1030 1655 1160 Nr. 14
306 1140 1711 1228 I. österr. behördl. conc. Bureau für Zeitungsberichte u. Personalnachrichten
496 1218 1540 1312 Wien, IX/1. Türkenstrasse 17.
296 1288 1344 1393 S — Filiale in Budapest: „Figyeä“-
312 1376 1714 1443 Vertretungen in Berlin, Chicago, Genf, London, Newyork, Paris, Rom, Stockholm.
915 1428 1684 1569 Ol. Rot
306 1495 789 1582 Ausschnitt aus:
573 1626 974 1728 2 3./0. 0.91
308 1642 505 1714 vom
487 1902 1549 1986 E## emaßregelter Schriftsteller. Der jüdische
360 1940 1544 2051 Schriftsteller Dr. Arthur Schnitzler, der Reservearzt ist,
356 2003 1458 2093 wurde vom militärischen Ehrengerichte dieser Charge
1459 2037 1539 2084 ver¬
358 2052 1444 2146 lustig erkannt, weil der durch seinen „Lieutenant Gustl“
1471 2079 1535 2144 sich
362 2112 1357 2180 gegen die militärische Standesehre vergangen habe.
445 2153 1541 2242 Der Schnitzler'sche „Lieutenant Gustl“ ist, wie ein Blatt bemerkt,
359 2203 1525 2279 ein überaus unwissender, ungebildeter, aber auch überaus aufgeblasener
361 2238 1529 2315 Mensch, dem nach einem Concerte von einem Civilisten infolge einer
367 2276 1523 2355 Anrempelung „Sie dummer Junge“ zugerufen wird. „Lieutenamt Gust!“
356 2320 1527 2389 will mit dem Säbel auf den Civilisten loshauen. Dieser aber um¬
353 2356 1518 2430 klammert mit eiserner Faust die Hand des schneidigen Lieutenants und
349 2395 1525 2474 wiederholt noch einmal die bereits erwähne Bezeichnung. Auf das hin
352 2441 1526 2510 glaubt sich „Lieutenant Gust“ erschießen zu müssen, thut dies aber
1534 2467 1675 2529 nclusive
355 2479 1424 2547 nicht, weil er am nächsten Morgen erfährt, dals jener Civilist —
1418 2502 1527 2550 außer
1543 2521 1646 2565 Porto.
354 2511 1521 2586 dem und dem „Lieutenant Gustl“ niemand von der geschilderten Scene
1531 2557 1661 2607 Zahlbar
352 2546 1519 2624 Kenntnis hat — in der Nacht — gestorben ist und das Geheimnis,
1555 2595 1670 2659 Voraus
351 2588 1521 2667 dass er „Lientenant Gustl“ einen dummen Jungen genannt, mit ins
356 2621 694 2687 Grab genommen hat.
1573 2645 1705 2724 ist das
448 2671 1566 2760 Dieser Vorfall zeigt, wie eifersüchtig bei uns die Ehre t
1588 2710 1705 2776 es den
341 2718 1549 2805 anderer Stände gewahrt wird, nur die Ehre der Priestern
334 2769 1525 2852 darf straflos in den Koth gezerrt werden. Hätte Schnitzler
345 2813 1712 2890 statt des „Lieutenant Gustl“ etwa einen zehnmal ärgerenaltend die
351 2863 1504 2951 „Pfaffen“ dargestellt, er wäre k. u. k. Reservearzt nach wie
1521 2879 1702 2929 Torgen¬
1546 2918 1696 2965 Zeitung“
336 2907 1499 2993 vor. Kürzlich hat der Mahler und Reservelieutenant Lieben
1525 2955 1705 3004 iche Leben
336 2961 1511 3041 wein eine historisch denkwürdige Kapelle durch einen schwarz¬
1512 2994 1704 3055 ttheilungen
337 3014 1516 3099 roth=goldenen hl. Michael und durch einen Teufel mit böh¬
339 3059 1520 3124 mischem Typus — die Photographie liegt uns vor — ver¬
340 3111 1507 3182 unziert, daran fand man aber nichts, obwohl eine solche
328 3148 1507 3244 Malerei sowohl vom religiösen als patriotischen Standpunkte
330 3199 650 3260 ein Scandal ist.
2352 857 2715 926 Telefon 12801.
1892 961 3170 1025 Alex. Weigl's Unternehmen für Zeitungs-Ausschnitte
2891 1019 3045 1080 Ausschultt
3056 1059 3179 1165 15
2225 1038 2806 1170 „OBSERVER
1832 1151 3232 1238 I. österr. behördl. conc. Bureau für Zeitungsberichte u. Personalnachrichten
2010 1250 3060 1320 Wien, IX/1, Türkenstrasse 17.
2185 1318 2869 1394 — Filiale in Budapest: „Figyelö“ —
1837 1402 3225 1462 Vertretungen in Berlin, Chicago, Genf, London, Newyork, Paris, Rom, Stockholm.
2507 1438 3252 1589 kane Wtan
1826 1473 2487 1600 Ausschnitt aus: 2
1835 1600 2522 1734 vera 34 4 417
1938 2000 2790 2094 Les journaux austro-hongrois font grand
1930 2062 2781 2126 bruit auteur d’une décision qui retire son
1936 2102 2776 2173 grade de médecin-major dans la röserve à M.
1942 2146 2777 2202 Arthur Schnitzler, auteur dramatique bien
1938 2193 2072 2249 COIfNe“
1980 2200 2782 2280 M. Schnitzler avait récemment déerit,
1936 2255 2780 2323 dans une nouvelle publiée par la Nouvelle
1939 2303 2786 2358 Presse fihre, l’état d’äme d’un officier qui,
1941 2339 2730 2400 dans une rixe avec un civil, a été désarmé.
1981 2352 2787 2429 Le cas est d’autant plus curieux que, de¬
1940 2410 2793 2483 puis quelque temps, les rixes entre civils et
1946 2455 2384 2518 officiers se multiplient.
2881 2451 2950 2524 15.—
1865 2467 1943 2530 Für
3051 2460 3203 2547 ineinsive
1997 2456 2791 2547 Un cas tout recent, ou un civil fut blessé
2871 2511 2965 2557 28 —
3071 2528 3184 2574 Porto.
1957 2526 2795 2594 par un officier, à Bautzen, a fait Tobjet d’une
2880 2552 2941 2594 50.
1895 2570 1932 2603 „
3045 2565 3189 2617 Zahlbar
1958 2562 2599 2629 interpellation à la Diète du Tyrol.
2859 2585 2974 2640 110.—
3026 2607 3203 2666 im Voraus
2850 2628 2960 2674 200.—
1899 2619 2029 2700 „ 1000
1963 2657 3244 2737 Im Gegensatze zu anderen Bureaux für Zeitungsausschnitte ist das
2835 2721 3228 2788 — auch steht es den
1845 2728 2838 2777 Abonnement durch keine bestimmte Zeitdauer begrenzt;
1855 2758 3078 2819 Abonnenten frei die aufgegebenen Theinen zn ergünzen oder zu ändern.
1961 2841 3233 2905 Der „OBSERVER“ veranstaltet täglich einen Auszug enthaltend die
1850 2892 3243 2932 Inhaltsangabe aller wichtigen Mittheilungen der Wiener Morgen¬
1846 2931 3217 2980 blätter (Tagesjournale ausser „Neue Freie Presse“ und „Wiener Zeitung“
1855 2966 3227 3013 wodurch eine Uebersicht über das gesammte politische und wirthschaftliche Leben
1852 3000 3244 3070 des In- und Auslandes in drastischer Kürze geboten wird. Diese Mittheilungen
1837 3046 2615 3109 werden in Wien um 9 Uhr Früh verschickt.
2159 3107 2930 3189 Prospecte gratis und franco.
