3248 4128
277 137 1128 226 10. Leutnant Gustl
1292 146 1647 258 box 1/9
465 203 671 251 1
721 205 843 257 uneneeentele
879 205 1120 261 „
470 512 652 611 Nr. 39.
1497 550 1684 631 Die 2
456 670 1668 755 lassen — er ist verloren. Er darf als Offizier nicht weiter
459 728 1666 800 leben, er müßte quittiren. Und da ihm jede Lebensforn
462 777 1665 850 außerhalb dieses Berufes verhaßt ist, ja ausgeschlossen er
466 821 1668 883 scheint, beschließt er, ja es bedorf keiner Entschließung, es
454 874 1665 940 weist sich ihm als der einzig natürlich=ehrenvolle Ausweg, sich
458 915 1663 980 am nächsten Morgen eine Kugel durch den Kopf zu schießen
453 959 1666 1019 Eine letzte Nacht vergeht, bringt alle Bilder des jungen
452 1016 1659 1069 nicht allzu reichen bisher verlebten Lebens, weckt Gedanken
456 1061 1663 1121 an die Heimath, lichte Familienbilder, und jede Vorstellun,
452 1107 1670 1164 endet kaum begonnen, die Linie reißt ab — morgen soll er
463 1143 1677 1220 sich ja den Lebensfaden selbst abschneiden. Das Gebot der
452 1188 1668 1259 Offiziersehre heischt das. Der Morgen naht, schwerfällig
457 1236 1668 1302 mühsam kommt der Tag. Lieutenant Gustl nimmt im
462 1279 1664 1340 Café sein letztes Frühstück ein, da sagt ihm der Marqueur:
459 1328 1218 1380 „Haben Herr Lieutenant scho gehör
1210 1329 1279 1384 12
1324 1342 1374 1393 —
1423 1331 1667 1395 der Bäcker¬
459 1380 1672 1435 meister ist gestorben. Ein Schlaganfall hat dem Leben des
448 1421 1666 1492 hochgradig erregten Menschen, der wohl am Tag vorher
456 1477 1670 1533 schon nicht mehr in geistiger Ordnung war, ein Ende ge¬
450 1513 1672 1574 macht. — Und Lientenant Gustl darf weiterleben. Niemand
445 1560 1671 1622 weiß ja von alledem Gestrigen erwas, wie ein Traum ist es
451 1607 1671 1672 nun. Sein junges Leben freut ihn. Nichts ängstigt ihn
446 1653 1668 1708 mehr. Nun geht ja alles gut. Das Duell, das er vor
452 1693 1672 1760 sich hat, ängstigt ihn nicht. Er ist ja tapfer, der Lieutenant
450 1737 569 1800 Gustl.
551 1778 1671 1869 Das ist, peinlich objektin nacherzählt, der Inhalt und
450 1840 1672 1904 auch der Stimmungsgehalt der Novelle. Wo liegt da die
443 1893 1663 1955 Schmähung der Armee? Ist es denn die Aufgabe des
439 1931 1666 1985 Dichters nur die sozusagen moralischen Formnen des Lebens
446 1975 1670 2046 darzustellen? Oder soll für die Zukunft die Charakterisirung
442 2025 1668 2092 von Offizieren, die psychologische Analyse ihrer Schicksate
448 2070 1664 2131 überhaupt verboten sein, für österreichische Reserveoffiziere
440 2120 1661 2184 wenigstens? Dabei ist Lieutenant Gusti keineswegs ein ver¬
439 2163 1666 2226 kommener Mensch. Wäre er es, dann könnte ja eine Kommis¬
435 2208 1666 2269 intelligenz vielleicht auf den Gedanken kommen, die Armee
441 2255 1663 2314 verlange von ihren Mitgliedern, auch von denen der Reserve,
441 2300 1663 2358 daß sie ihre Genossen auch dichterisch nicht in bösem Lichte
443 2342 1658 2401 darstellen. Schließlich darf man ja an Hoftheatern
437 2392 1657 2451 Richard III. aufführen, ohne daß man von einem Kartell der
437 2445 1664 2510 gekrönten Häupter gegen diese Aufführung, weil sie geeignet
448 2486 1655 2532 ei, die Achtung vor diesem Stande zu verwischen, ge¬
432 2529 1659 2602 hört hätte. Aber, besinnt man sich nur recht, so ist der
438 2570 1659 2619 Lieutenant Gustl zwar kein großes Geisteskind, aber er er¬
448 2617 1662 2681 füllt doch alle Bedingungen des ehrenhaften Normal¬
443 2673 1653 2737 menschen, ja er ist in seiner strengen Auffassung des Berufes
443 2709 1657 2773 sogzar in gewissem Sinne sympathisch. Daß er sich schließlich
441 2756 1647 2823 freut, nicht sterben zu dürfen, ist doch am Ende entschuldbar
442 2800 1653 2866 Muth wird ihm von Schnitzler auch nicht abgesprochen,
432 2847 1662 2925 denn das scharfe Duell am nächsten Tage macht ihm
436 2888 676 2951 keine Angst.
543 2923 1653 2998 Man versteht das Verdikt darnach von keinem Stand¬
440 2998 1655 3065 punkte aus. Der Ton der Noveile ist ebensowenig gehässig,
437 3043 1651 3106 wie der Inhalt. Es ist eine ununterbrochene Aufeinander¬
437 3080 1613 3134 folge aller Gedanken des Lientenants in dieser Nacht -
437 3134 1647 3190 wo liegt da die Herabsetzung der Armee? Auch von einer
435 3172 1641 3249 Tendenz ist nichts zu merken. Ein Dichter hat ganz einfach
442 3225 1654 3276 eine Seelentragödie aufgeschrieben, ohne eine Moral, eine
438 3265 1651 3327 Tendenz auch nur anzudeuten. Was bleile von der litterarischen
440 3308 1641 3377 Freiheit übrig, wenn selbst die ungehlssige Darstellung eines
436 3366 1647 3430 Schicksals aus irgend einem Berufskreise die gesellschaftliche
433 3400 1642 3475 Ausstoßung zur Folge haben soll. Die Offiziere machen
436 3445 1646 3519 den Anfang. Die Beamten oder Lehrer werden folgen,
436 3492 1643 3555 dem Unverstande ist Macht zu tausend Toorheiten und Be¬
443 3538 1639 3608 chränktheiten gegeben. Deshalb ist hier der eine Fall genau
438 3590 1641 3647 auseinandergesetzt worden. Er ist symptomatisch, vielleicht
426 3630 1647 3699 nur der erste einer nun folgenden Reihe, sicher aber ein
439 3678 1637 3751 charakteristisches Zeichen der gesellschaftlichen und kulturellen
441 3719 1289 3777 Stellung des Dichters in unserem Lande.
524 3800 663 3871 Wien.
1312 3809 1542 3894 W. Fred.
1977 881 2834 1002 ahclee Ves #
1948 993 3113 1097 * Wien, 20. Juni. Der hiesige Eyrenrat der Landwehr¬
1918 1074 3120 1134 officiere erklärte den bekannten Schriftsteller Arthur Schnitzler
1915 1112 3110 1180 der Officiercharge verlustig, weil er durch die Gestalt des
1916 1152 3116 1231 Leutnants Gustl in einer Novelle den Officierstand verletzt habe.
1913 1201 3114 1262 Schnitzler, der sich durch seine geistvollen Theaterstücke einen Namen
1910 1243 3110 1311 gemacht hat, ist Arzt und gehörte als Regimentsarzt der Reserve
1914 1295 3108 1359 dem Sanitätsofficiercorps an, welches dem Ehrengericht unterstellt
1909 1330 3109 1415 ist. In der Novelle „Leutnant Gustl“, welche bei S. Fischer
1909 1374 3109 1447 in Berlin erschienen ist, schildert er in sehr frischen Farben, wie
1916 1416 3104 1495 ein junger Leutnant abends beim Ausgange aus einem Concert,
1913 1462 3105 1539 in dem er sich arg gelangweilt hat, im Gedränge an der Garde¬
1910 1513 3109 1573 robe mit einem Bäckermeister, den er vom Kaffeehause her ober¬
1911 1552 3111 1625 flächlich kennt, in einen kleinen Streit geriet. Der handfeste Meister
1908 1600 3112 1675 drückt dem Leutnant die Finger so fest zusammen, daß dieser keine
1907 1639 3102 1712 Bewegung nach seinem Degen machen kann und versetzt ihm dann
1912 1685 3097 1756 einige Verbalinjurien. Von den Umstehenden hat niemand etwas
1908 1729 3091 1792 Verdächtiges bemerkt: Die Leute glauben, der junge Officier und
1900 1774 3104 1841 der ältere Civilist hätten sich freundlich begrüßt, die Hand gedrückt
1912 1815 3097 1888 und einige Mitteilungen gemacht. Leutnant Gustl aber geht ganz
1901 1865 3104 1932 zerschmettert fort: Er ist beschimpft; er ist entehrt; er kann nicht
1907 1908 3106 1976 Officier bleiben; er muß sich totschießen. Die ganze Nacht irrt er
1894 1951 3098 2016 kreuz und quer herum, eine Beute peinvoller Grübeleien. Aber,
1899 1995 3096 2065 und das ist sehr fein beobachtet, in diese ernsten quälenden Ge¬
1902 2037 3099 2107 danken mischen sich auch die tollsten Schnurren, die leichtfertigsten
1901 2083 3094 2147 Scherze. Entschlossen, sich zu töten, geht der Leutnant am frühen
1893 2125 3097 2202 Morgen seiner Wohnung zu. Ermüdet durch das stundenlange
1905 2173 3093 2244 Umherlaufen, empfindet er Hunger und Durst, tritt in sein Kaffee¬
1902 2214 3095 2281 haus und bestellt Frühstück. Während der Kellner ehn bedient,
1904 2271 3097 2332 fragt er: „Na, Herr Leutnant, Sie haben ja auch den Bäcker¬
1899 2311 3095 2357 meister hierneben gekamt?“ Leutnant Gustl erschrickt. Sollte der
1905 2349 3095 2403 schon was wissen? Aber der Kellner fährt fort: „Denken Sie
1904 2389 3100 2470 ich, der ist plötzlich #estorben! Heute Nacht kam er aus einem
1893 2441 3091 2519 Concert heim, stürzu auf der Treppe, vom Schlage getroffen, zu¬
1895 2479 3084 2546 sammen und starb, ohne noch ein Wort zu sprechen. Ja, ja, so
1899 2531 3093 2605 geht's.“ Leutnant Gustl atmet auf. Gerettet! Jetzt kann er
1896 2574 3088 2641 weiter leben, denn — es weiß ja niemand, daß er entehrt ist!
1893 2610 3091 2686 Das alles ist unter sorgfältiger Wahrung des Wiener Milieus
1890 2663 3092 2728 mit feinster psychologischer Analyse in zierlichster Filigran¬
1887 2701 3084 2763 arbeit geschildert. Der ehrengerichtliche Proceß wird für
1888 2740 3094 2814 das Buch eine Niesenreclame machen, aber die Arbeit
1890 2786 3081 2852 verdient auch um ihrer selbst willen beachtet zu werden.
1881 2827 3076 2898 Daß durch die psychologische Analyse eines jungen Leutnants,
1888 2872 3074 2947 in dessen Hirn wahre und falsche Ehrbegriffe durcheinanderwogen,
1882 2914 3085 2990 die Ehre des österreichischen Officierstandes verletzt sein sollte, wird
1886 2960 3081 3035 niemand einsehen. Aber Dr. Schnitzler hat auch eine gewisse Mit¬
1890 3006 3079 3094 schuld an dem Urteil: Er weigerte sich, vor dem Ehrenrat zu er¬
1950 3086 3158 3175 scheinen, da er diesem in seiner Eigenschaft als Schriftsteller nicht
1960 3159 3158 3211 unterstehe. Wäre er erschienen und hätte seinen Kameraden Aus¬
1965 3190 3152 3253 kunft über seine Novelle und deren Tendenz erteilt, so hätte man
1961 3236 3162 3299 ihn sicherlich ungeschoren gelassen. Der Proceß lenkt übrigens
1965 3282 3166 3349 auch die allgemeine, nicht nur die literarische, Aufmerksamkeit auf
1971 3318 3159 3385 einen fast gleichzeitig erschienenen Roman desselben Verfassers:
1962 3360 3160 3436 „Frau Bertha Garlan“, der ebenfalls bei S. Fischer in Berlin
1962 3403 3176 3478 erschienen ist. Der Roman behandelt ein erotisches Problem mit
1957 3471 2672 3521 großer Feinheit und Wahrscheinlichkeit.
