3276 4037
232 116 1075 195 10. Leutnant Gustl
1243 117 1597 220 box 1/9
426 183 687 236 „
770 171 1077 239 ee eeeee
785 1066 1154 1123 Telefon 12801.
325 1171 1610 1236 Alex. Weigl's Unternehmen für Zeitungs-Ausschnitte
1330 1217 1476 1280 Ausschnitt
668 1246 1605 1372 „OBSERVER“ Nr. 60
259 1352 1667 1435 I. österr. behördl. conc. Bureau für Zeitungsberichte u. Personalnachrichten
446 1439 1511 1517 Wien, IX/1. Türkenstrasse 17.
318 1470 477 1571 #
536 1518 1305 1601 — Filiale in Budapest: „Figye!““ —
272 1592 1681 1666 Vertretungen in Berlin, Chicago, Genf, London, Newyork, Paris, Rom, Stockholm.
271 1717 750 1793 Ausschnitt aus:
889 1720 1473 1851 Namtarde Pantronk
278 1842 749 1943 vom  57%
401 2213 1324 2285 * Der arme Schnitler. Wien, 20. Junii. Der
399 2270 1326 2323 beliebteste Schriftsteller Jungwiens Arthur Schnitzler,
405 2312 1336 2355 Regimentsarzt der Reserve, ist von dem militärischen
400 2351 1329 2400 Ehrenrathe seiner Officierscharge verlustig er¬
394 2388 1332 2432 klärt worden. Als Gründe des ehrenräthlichen
400 2429 1326 2473 Richterspruches wird angegeben, daß Schnitzler durch
399 2465 1321 2515 die kürzlich veröffentlichte novellistische Studie „Leutnant
392 2504 1327 2547 Gustl“ der Ehre des österreichischen Officiercorps nahe¬
403 2547 1325 2630 versönlichem Tone geschriebene Kritt dieser schrift¬
400 2621 1327 2668 steller'schen Arbeit in einem Tagesblatt nicht reagirt
399 2658 1273 2712 habe. Der thatsächliche Inhalt der Studie ist
1278 2659 1327 2707 in
401 2704 1323 2750 gedrängker Kürze folgender: Leutnant Gustl hat im
325 2732 361 2775 „
1494 2728 1600 2776 Porto
402 2731 1329 2780 Concert ein Rencontre mit einem energischen Civilisten.
1484 2763 1622 2815 Zahlbar
403 2775 1334 2826 Es kommt zu Injurien. Der Leutnant will den
1456 2803 1646 2865 im Voraus
402 2814 1319 2857 Säbel ziehen, aber der Civilist hindert ihn daran
400 2849 1327 2901 durch überlegene Körpekraft. Leutnant Gustl verbringt
1342 2865 1674 2933 usschnitte ist das
397 2890 1319 2937 eine qualvolle Nacht. Wenn das Regiment von dem
1352 2915 1680 2985 auch steht es den
288 2917 387 2974 Abon
396 2924 1320 2971 Vorfall erfährt, muß er quittiren. Eine Kugel vor
281 2968 1329 3015 Abourden Kopf erscheint als einziger nobler Ausweg aus
392 3005 1324 3050 der Affäre. Das Schicksal schenkt aber dem Leutnant
401 3046 1320 3086 Gustl eine glücklichere Lösung der Sache: den enragirten
1354 3016 1683 3103 ug enthaltend die
391 3084 1305 3123 Civilisten trifft der Schlag. Dieser Schlag „ex machina
1354 3085 1681 3137 ner Morgen¬
288 3079 373 3136 Inh
1358 3121 1651 3176 „Wiener Zeitung“
287 3125 1322 3177 blüfbefreit den Leutnant Gustl aus aller Verlegenheit.
1338 3130 1671 3213 thschaftliche Leben
292 3167 1324 3221 wollu Niemand weiß, was geschehen ist. Der einzige Zeuge
1343 3202 1679 3268 diese Mittheilungen
291 3197 1253 3263 des Iseiner Schmach ist todt: der Leutnant ist gereltet.
289 3246 1052 3309 werden in Wien um 9 Uhr Früh verschickt.
593 3309 1365 3388 Prospecte gratis und franco.
1816 965 1888 1039 Für
1839 1138 1935 1212 „ 100
1782 1222 1939 1297 Abonnen
1780 1279 1936 1347 Abonnen
1777 1399 1937 1463 Inhaltsn
1778 1443 1933 1492 blätte
1780 1483 1916 1539 wodurch
1769 1520 1911 1575 des In¬
1777 1559 1944 1621 werden in
1830 31 2319 110 Ausschnitt aus:
2379 47 2966 164 Spelter Zeitung. Wien
2147 95 2345 185 6 0
1993 131 2150 220 2 4/
1821 168 1978 253 vom
2083 285 3078 367 * Die „Neue Freie Presse“ ist bestürzt über die
1968 356 3071 420 Kassirung Arthur Schnitzlers. Eigentlich nicht so sehr darum,
1968 405 3073 466 weil sich der militärische Ehrenrath zum Richter in literarischen
1965 457 3070 514 Dingen aufgeworfen hat und einem Künstler die Freiheit seines
1969 504 3076 555 Schaffens einschränken will, sondern hauptsächlich, weil durch das
1981 554 3081 613 Erkenntniß des Ehrenrathes sie selbst, die den „Lieutenant
1969 593 3083 645 Gustl“ in ihrer Weihnachtsnummer zuerst veröffentlicht hat, in
1954 635 3076 702 den Geruch gekommen ist, einem Beleidiger des Offiziersstandes
1974 685 3079 747 Unterschlupf gegeben zu haben. Einen solchen Verdacht darf aber ein
1967 732 3070 795 offiziöses Blatt, wie es die „Neue Freie Presse“ jetzt ist, auf sich
1971 779 3079 834 nicht sitzen lassen. Sie hat daher gestern der Affaire des Dr.
1966 830 3076 893 Schnitzler einen ganzen Leitartikel gewidmet, in dem sie ihre Unschuld
1964 869 3078 933 zu beweisen sucht und das Offizierskorps feierlich ihrer
1985 913 3074 974 Hochachtung versichert. Sie spricht nicht nur von dem „von
1986 963 3073 1027 jedem Oesterreicher hochgeachteten Offiziersstand“, von der „großen
1974 1014 3079 1071 Schule des Charakters, die die österreichische Armee und das
1985 1056 3073 1110 österreichische Offizierskorps stets waren und nie aufhören werden
1983 1103 3062 1161 zu sein“ und davon, daß „unser Offizierskorps durch Pflichteifer
1985 1151 3062 1210 Bescheidenheit und liebenswürdige Umgangsformen die wärmst
1987 1197 3069 1249 Sympathie genießt", sondern sie geht in ihrem Eifer, von den be¬
1983 1243 3079 1306 leidigten Offizieren die Begnadigung zu erlangen, so weit, daß
1982 1286 3070 1343 sie den Inhalt der von ihr veröffentlichten Novelle
1974 1343 3081 1394 geradezu fälscht. Sie behauptet von dem haltlosen, von sexuellen
1988 1379 3081 1440 Ausschweifungen erschöpften, geistig und sittlich verrotteten Lieutenant.
1981 1425 3074 1481 den die Schnitzlersche Studie vorführt, er sei „durchaus keine un¬
1982 1480 3073 1532 sympathische Gestalt“. Das Unglück kehre sein Innerstes, das Gute
1985 1519 3072 1574 und Edle, nach oben. Schnitzler hat in einer meisterhaften seelischen
1986 1568 3072 1620 Analyse gezeigt, wie dieser junge Mensch ohne echte ethische Werthe
1979 1614 3086 1678 dahinlebt und nur den Scheinwerth eines leeren Ehrbegriffes als
1988 1657 3092 1718 sein Lebensgesetz anerkennt, einen bösartigen Götzen, dem er seine
1983 1704 3078 1765 Mitmenschen und im gegebenen Falle sich selbst zum Opfer bringen
1985 1754 3083 1810 will. Die „Neue Freie Presse“ aber erzählt, Schnitzler habe zeigen
1979 1794 3085 1849 wollen, wie ein junger leichtfertiger Mann „plötzlich mit einem
1987 1841 3078 1896 Ruck in seiner Standesehre ohne Möglich¬
1984 1876 3091 1944 keit der Genugthuung und Abwehr tief ver¬
1970 1933 3087 1985 letzt, aus der glatten Oberflä##lichkeit
1976 1976 3092 2036 herausgerissen und vor die furchtbare Noth###igkeit
1982 2024 3080 2078 gestellt wird, seine Schande im eigenen Blut zu waschen“.
1986 2076 3086 2122 Diese „Schande" besteht darin, daß ein handfester Bäckermeister
1976 2109 3076 2167 dem Lieutenant, der ihn erst frech angestänkert hat und dann zur
1985 2155 3090 2212 „Ehrennothwehr“ greifen will, mit eiserner Faust, ohne daß ein
1981 2206 3081 2259 Mensch den ganzen Vorgang bemerkt, den Säbelgriff festhält. Die
1981 2248 3085 2307 „Neue Freie Presse“ legt die Logik dieser Situation mit den Worten
1976 2304 3079 2354 dar: „Nur ein Lieutenant mit seinem strengen militärischen Ehr¬
1981 2335 3079 2400 begriff, mit den besonderen Anschauungen des Standes konnte in
1980 2395 3085 2444 die Lage gebracht werden, daß ein schauerlicher
1987 2426 3089 2491 Vorfall, die nicht mehr zu rächende Gewaltthat
1991 2489 3087 2540 eines vom Fieber der Apoplexie ergriffenen
1992 2521 3080 2583 Bäckers, ihn zum Entschluß des Selbstmordes trieb.“ Wenn sich
1986 2573 3086 2635 also ein Bürger gegen einen uniformirten Radaubruder, der ihn
1988 2630 3079 2679 niedermetzeln will, zur Wehr setzt, ist das für das Blatt der
1985 2659 3077 2723 liberalen Bourgeoisie eine schauerliche Gewaltthat; ja der Artikel¬
1994 2717 3071 2776 schreiber kann gar nicht glauben, daß der Zivilist, der sich so an¬
1984 2760 3084 2814 maßend benimmt, bei vollen Verstandeskräften sei. Er muß im
1983 2808 3081 2865 Fieber gehandelt haben. Wenn die „Neue Freie Presse“ nach einer
1986 2848 3077 2909 solchen Probe bürgerlichen Bewußtseins die Frage aufwirft, ob
1990 2895 3069 2956 es nach dem Erkenntniß des Ehrenrathes gegen Schnitzler noch
1992 2932 3087 3010 eine Bürgschaft dagegen geben werde, daß auch politische und
1972 3001 3067 3061 soziale Meinungen vor diesen Richterstuhl gebracht werden, so
1978 3047 3070 3114 wirkt dieses Pathos einfach widerlich. Ist es nicht auch die
1971 3100 3072 3152 schlimmste Heuchelei, solche Besorgnisse für die Zukunft zu äußern,
1980 3151 3084 3207 wo doch die jüngere und jüngste Vergangenheit eine ganze Menge
1969 3192 3072 3246 von Ehrenrathserkenntnissen gegen Bekenner verschiedener politischey
1971 3237 3074 3288 und sozialer Anschauungen aufweist? Die Heuchelei der „Neuet:
1974 3279 3075 3339 Freien Presse“ aber erregt ebensowenig unser Staunen wie ihre feige
1970 3332 3073 3387 Kriecherei. Herr Dr. Schnitzler mag befremdet sein, wenn er sich
1984 3378 3075 3428 so verleugnet sieht. Wir jedoch begreifen, daß es der „Neuen Freien
1967 3424 3077 3480 Presse“ unbequem war, wegen einer literarischen Arbeit, die sie
1980 3468 3075 3522 zum Aufputz ihrer Inserate abgedruckt hat, weil die großen
1971 3519 3075 3569 Inserenten ein solches Unterstreichen ihrer Anzeigen ver¬
1969 3559 3072 3617 langen, bei den Offizieren in Ungnade zu fallen. Sie
1972 3609 3070 3660 bewundert einen Zola, wenn er in Frankreich dem Militaris¬
1974 3655 3070 3709 mus sein „J'accuse“, „Ich klage an“, zudonnert. Aber wenn sie
1966 3705 3067 3761 dem österreichischen Militarismus unversehens auf die Zehe ge¬
1968 3753 3075 3821 treten ist, winselt sie kläglich ein „Je m’excuse“, „Ich ent¬
1967 3796 2227 3863 schuldige mich“.
3090 1050 3142 1121 ive
3083 1109 3120 1154 0.
3076 1140 3124 1191 ar
3077 1181 3143 1244 aus
3103 1241 3170 1307 das
3101 1297 3169 1358 den
3099 1406 3161 1472 die
3088 1466 3157 1515 E II¬
3088 1507 3152 1550 ng“
3103 1546 3138 1583 16
3101 1578 3146 1643 6
