3296 4064
1250 100 1669 203 box 1/11
234 120 1084 195 10. Leutnant Gustl
1521 786 2003 853 Litterarische Rundschau.
954 792 1037 854 158
1779 875 2564 936 Standes in nicht besonders ehrenvollem Lichte;
952 872 1745 934 der gestern abend noch das Oratorium besucht
1784 925 2559 970 der Stand als solcher legt in einer geschlossenen
961 924 1748 969 hat, um Mitternacht am Schlage gestorben ist.
962 962 1737 1017 Über den Ehrgekränkten kommt eine unbändige
1781 969 2559 1017 Vertretung Verwahrung dagegen ein und ruft,
1776 1015 2556 1059 wenn sich ihm die Handhabe dazu bietet, ein
966 1011 1736 1063 Freude. Er hört in diesem Moment auf, Offi¬
1783 1050 2556 1108 öffentliches Gericht an. Ob es sich dabei nun
957 1048 1748 1103 zier zu sein, und ist nur Mensch. Etwas von
958 1103 1748 1146 jenem elementaren Lebenshunger kommt über
1780 1101 2571 1147 um einen Angehörigen des Offizier=, des Lehrer=,
1782 1134 2558 1188 des Musiker= oder des Kellnerstandes handelt, ist
959 1138 1745 1187 ihn, den schon Vater Homer in die Worte faßte:
954 1184 1737 1227 Lieber hier oben der geringsten Knechte einer als
1784 1178 2566 1225 für unsere Betrachtung gleichgültig; Fälle jeder
1792 1224 2563 1270 lrt sind uns bekannt. Aber keiner von ihnen
956 1223 1744 1274 drunten der Fürst der Schatten. Niemand weiß
958 1276 1742 1316 von der seiner Offiziersehre angethanen Beleidi¬
1776 1263 2560 1311 allen vermag uns in der Überzeugung zu er¬
1788 1312 2567 1362 chüttern, daß hier eine gründliche Verkennung
963 1306 1740 1361 gung; er kann nun die „süße Gewohnheit des
1782 1348 2556 1401 des dichterischen Prozesses vorliegt. Das ganze
962 1347 1737 1402 Daseins“ fortsetzen. So bricht er auf, um sich
1787 1395 2559 1439 Unheil wird das einst viel gebrauchte Wort „ty¬
957 1390 1666 1447 mit einem Kameraden zu schlagen ...
1788 1431 2556 1477 isch“ angerichtet haben, ein Begriff, mit dem
964 1429 1740 1485 Zufall, keine innere Lösung hat den Handel aus¬
1783 1477 2561 1519 doch eigentlich unsere moderne Litteratur, die
960 1486 1740 1530 getragen. Dieser Ausgang giebt dem Ganzen
1782 1516 2560 1562 noch in besonderem Grade den Vorzug oder die
961 1515 1743 1572 etwas Skizzenhaftes und Spielerisches: ein Ge¬
1783 1560 2554 1605 Schwäche hat, möglichst einzelne Gestalten, be¬
965 1565 1745 1609 plänkel, kein Gefecht. Ist es denn aber immer
1789 1600 2551 1646 ondere Individuen zu sehen und darzustellen
963 1616 1737 1658 nötig, daß eine Frage konsequent und logisch ge¬
1796 1645 2565 1696 ist aufgeräumt hat. Unsere modernen Schrift¬
964 1653 1743 1697 öst wird? Darf nicht der Schriftsteller ab und
1794 1684 2565 1730 teller lassen ihre Romane nicht mehr in einer
954 1683 1734 1739 an einmal seinen Ruhm auch in der psycholo¬
1786 1735 2553 1776 „europäischen Hauptstadt“, sie lassen sie in Ber¬
962 1730 1743 1788 gischen Schilderung und Zergliederung der Neben¬
1777 1778 2557 1822 lin, in Wien, in Paris spielen. Mit dieser
958 1776 1744 1820 umstände, der scheinbaren Nebenumstände suchen?
1778 1811 2564 1857 Specialisierung der Ortlichkeit geht Hand in
963 1813 1744 1867 Schnitzler thut das hier. Er legt das Haupt¬
1787 1858 2564 1904 Hand die Individualisierung der Persönlichkeiten.
962 1866 1739 1908 gewicht auf die Schilderung der „letzten Nacht“
1784 1897 2559 1951 Wenn heute ein Schriftsteller eine „schlecht er¬
955 1901 1733 1950 die Leutnant Gustl vor seinem vermeintlich siche¬
737 1907 774 1942 59
1778 1947 2559 1990 zogene Lehrerin“ im Dunkel des Berliner Tier¬
962 1947 1746 1994 ren Tode verbringt. Und in dieser Partie, der
1782 1979 2556 2032 gartens mit einem Handwerker Küsse tauschen
967 1995 1745 2040 veitaus umfangreichsten der — übrigens von Co¬
1779 2025 2551 2073 läßt, so liegt es ihm ebenso fern, die „Lehrerin“
961 2027 1695 2073 schell nicht sonderlich geschmackvoll illustrierten
720 2043 791 2112 2
1778 2068 2556 2111 oder den „Handwerker“, als Vertreter ihres Stan¬
967 2068 1739 2119 Erzählung, liegen in der That viele Feinheiten.
1785 2112 2560 2164 des aufzufassen, wie es einem anderen fern liegt,
963 2110 1751 2154 Das ganze Leben des Leutnants zieht in diesen
689 2120 722 2162 85
813 2141 849 2191 720
1785 2157 2559 2199 einen Hauptmann, der die Braut seines Bur¬
966 2148 1615 2199 Stunden noch einmal an ihm vorüber
708 2177 747 2243 3
1794 2191 2564 2233 hen verführte, als Prototyp seiner militärischen
960 2187 1738 2242 fühli keine Reue, er steigt noch einmal hinab in
1789 2239 2563 2287 Tharge hinzustellen. Die Lehrerin, der Hand¬
962 2236 1744 2287 all die kleinen Wonnen, die es ihm geboten hat,
707 2245 794 2301 — F
1778 2276 2462 2328 werker, der Hauptmann, den sie sahen
959 2275 1741 2324 und schüttelt sich schnell ab, was etwa Unange¬
1777 2315 2558 2370 waren so, die anderen alle, die dem gleichen
963 2323 1736 2369 nehmes mit emportaucht. Ein geringerer Künst¬
1793 2355 2557 2406 Stande angehören, mögen Muster der Ehre sein:
968 2364 1742 2415 er als Schnitzler hätte sich hier von dem Ernst
1787 2402 2565 2455 ie existieren im Augenblick des Schaffens für
955 2406 1745 2449 der Stunde leicht verführen lassen, allzu ernst oder
1783 2446 2560 2490 die Phantasie des Schriftstellers gar nicht. Aus
963 2461 1744 2500 gar moralisch zu werden. Nichts von dem. Leut¬
1786 2493 2555 2537 iesem Gesichtspunkt will uns auch die Maß¬
965 2494 1737 2544 nant Gustl bleibt auch angesichts des Todes
1777 2531 2551 2586 regelung des Verfassers des „Leutnant Gustl“
960 2529 1740 2576 Leutnant Gustl, wie er angesichts der unvermutet
1774 2571 2556 2628 als ein fremder Tropfen im Blute der Dichtung
964 2574 1745 2623 sich aufthuenden Hoffnung auf die Fortsetzung sei¬
1779 2617 2381 2670 erscheinen, den wir ausstoßen sollten.
963 2616 1740 2662 nes Lebens keine edlen Entschlüsse faßt oder sich
1808 2652 2557 2723 Auch Paul von Szezepanski sucht sich
963 2663 1741 2708 selber wenigstens „Besserung gelobt“, sondern auch
1789 2695 2555 2748 ein Helden in der militärischen Sphäre, Seine
967 2702 1743 2757 ier die Gedanken zu der blanken fröhlichen Waffe
962 2741 1751 2788 oder zu einem süßen Mädel fliegen läßt. Wenn
1785 2743 2559 2788 Spartanerjünglinge (Leipzig, Georg Wigand; geh.
1823 2783 2560 2844 Mk., geb. 3 Mk.) sind die Zöglinge einer
955 2785 1741 2837 irgend etwas, so, denke ich, gehört diese so ganz
1780 2786 1813 2832 2
1776 2826 2554 2881 Kadettenanstalt, böse und gute. Der Held aber
958 2827 1740 2874 im Charakter der Person und ihres individuellen
1784 2869 2557 2927 ist ein kleiner tapferer Kerl, dex über all seine
960 2867 1736 2915 Gefühls= und Gedankenkreises verharrende Cha¬
1777 2907 2553 2961 guten und schlimmen Erfahrungen seinem Müt¬
955 2914 1744 2957 rakteristik zu dem, was man Kunst nennt, Men¬
1779 2950 2552 2996 terchen daheim rührend kindliche Briefe schreibt.
1699 2958 1727 3004 —
960 2950 1695 3004 schendarstellungskunst. Dies zu bejahen oder
1783 2992 2563 3043 Er geht an den Folgen eines niederträchtigen
962 3003 1691 3052 wenn man einer anderen Auffassung huldigt
1787 3032 2557 3087 Streiches, den ein Kamerad ihm spielt, zu
954 3037 1736 3094 zu verneinen, damit hätte man sich begnügen kön¬
1778 3082 2559 3119 Grunde, sich den Schnedz und die Klagen dar¬
969 3089 1738 3134 ien. Denn Schnitzler hatie eine Dichtung, keine
1783 3122 2558 3164 über verbeißend bis zum letztem Atemzuge.
955 3128 1742 3168 Tendenzschrift gegeben. Nun ist aber der Autor
1780 3163 2557 3210 Man möchte an der Lebenswahrheit der hier er¬
955 3163 1743 3214 zufällig nicht nur Schriftsteller, sondern auch Re¬
1780 3205 2556 3263 zählten Dinge gelinde Zweifel hegen, wenn nicht
958 3206 1742 3260 serveoffizier. Die Folge war, daß er, sobald sein
1779 3253 2550 3294 bereits höherg“ preußische Offiziere, die selbst das
959 3247 1738 3307 Leutnant Gustl erschienen war, vom militärischen
1779 3287 2556 3332 Kadettenleben genau kennen, die „packende Wahr¬
963 3291 1733 3338 Ehrengericht seines Offiziercharakters verlustig er¬
1779 3333 2556 3383 heit“ bestätigt hätten. Trotzdem wird man zu¬
962 3334 1732 3380 klärt wurde. Uns scheint hier ein Fall vorzu¬
1778 3378 2556 3431 geben müssen, daß der Verfasser etwas allzu
961 3376 1737 3429 liegen, der bezeichnend ist für eine neuerdings
1792 3417 2563 3461 ark, auf Rührung hingearbeitet hat, was ihm
961 3421 1734 3471 immer häufiger auftrekende, deshalb aber keines¬
1774 3459 2552 3508 freilich in weiblichen Leserkreisen, für die das
965 3458 1753 3507 wegs berechtigter werdende Erscheinung. Der
1784 3500 2567 3550 Buch hauptsächlich geschrieben ist, weit mehr Lob
958 3503 1736 3558 Verlauf ist gewöhnlich folgender: ein Schrift¬
1773 3545 2196 3599 als Tadel eintragen wird.
955 3544 1748 3607 steller zeichnet den Angehörigen irgend eines
