3276 4037
300 39 1239 128 ist es denn ein Dogma, daß der Lieutenant
244 116 1235 173 unbedingt und unter allen Umständen ein Ausbund
256 165 1229 227 sittlichen Ernstes, geistiger Vorzüge und tiefen Wissens
261 208 1238 272 sein muß? Ist der Lieutenant unfehlbar?
252 264 1233 321 Und — sagen wir es ehrlich — darf denn ein Lieutenant
261 313 1241 365 von zwanzig Jahren, mit seiner frischgebackenen Offiziers¬
254 347 1235 420 glorie nicht ein bischen kindisch, ein wenig outrirt schneidig
265 392 1244 453 und gedankenlos sein? Macht der goldene Stern aus dem
251 435 1234 504 zwanzigjährigen Springinsfeld denn einen Solon? Leidet
258 492 1237 544 das Ansehen der Armee darunter, wenn man weiß und
265 533 1233 592 sagt, daß ihre jungen Herren — jung sind? Muß das
256 583 1246 637 ein Geheimniß bleiben? Wenn man diesen Gedankengang
268 635 1243 683 weiter verfolgt, könnte man sogar zu der drolligen Ver¬
264 670 1241 730 muthung kommen, daß der Ehrenrath Schnitzler, weil er
259 718 1239 778 diesen oberflächlich=juvenilen Lientenant Gustl geschaffen,
262 767 1242 823 wegen — „Verraths militärischer Geheim¬
266 813 721 867 nisse“ ausgestoßen hat!
354 831 1252 922 Aber kehren wir zu den Schick salen des Lientenant
273 910 1240 965 Gustl zurück. Mit dem Konzert find auch seine allgemeinen
258 960 1249 1007 Betrachtungen zu Ende und er drängt sich zur Garderobe.
258 1001 1244 1073 Während er stößt und gestoßen wird, kommt er mit einem
263 1044 1240 1101 alten Handwerksmeister in Konflikt. Gustl schimpft; der
262 1089 1242 1151 Alte antwortet; Gusil greift an den Säbel; der Alte
273 1143 1247 1197 kommt ihm zuvor, hält ihm Säbel und Hand fest und
267 1182 1246 1245 sagt: „Wenn Sie nicht sehr schön ruhig sind, erzähl' ich
278 1222 1250 1291 die Geschichte morgen dem Korpskommando!“ Der
272 1271 1251 1340 Alte entfernt sich; Gustl nimmt mechanisch seine
273 1328 1247 1383 Garderobe und geht. Er blickt in sein offenes Grab.
267 1364 1243 1432 Als Offizier, dessen Waffe die Hand eines Anderen
271 1414 1245 1473 in der Scheide zurückgehalten hat, ist er entehrt. Er muß
271 1463 1254 1523 sich erschießen. Und so, im Angesicht des Todes wandelt
267 1496 1252 1563 Lieutenant Gustl durch die Stadt. Er nächtigt im kühlen
268 1553 1256 1619 Prater auf einer Bank. Unaufhörlich wälzen sich die
279 1616 1268 1666 Gedanken durch seinen Kopf. Schließlich ist er mit sich und
282 1657 1257 1713 dem Leben fertig. Er geht in sein Stammcafé frühstücken
278 1707 1259 1758 — sein Henkersmahl. In diesem Lokal verkehrt aber auch
273 1741 1257 1805 der alte Handwerksmeister, der ihn beleidigt hat. Und mit
274 1791 1260 1851 dem Kaffee servirt der Kellner dem Lieutenant Gustl die
269 1833 1267 1900 Nachricht, daß der Alte, vom Schlage gerührt, plötzlich
277 1890 1257 1941 verschieben ist. Lieutenant Gustl lebt auf. Die Schatten des
277 1935 1252 1989 nahenden Todes weichen von seiner Stirn: der Zeuge
280 1971 1265 2035 seiner „Schande“ ist gestorben. Der Lieutenant darf weiter
272 2018 726 2085 leben! — Finita comedia!
359 2066 1256 2130 Die Satire dieses Ausklanges ist deutlich und trifft.
271 2115 1256 2173 Aber sie ist nicht leichtfertig, sondern tiefernst. Sie trifft
282 2160 1254 2222 nicht die Armee, und wenn man will, nicht einmal den
268 2209 1257 2256 militärischen Ehrbegriff. Sie zeigt nur, wie toll und
276 2252 1255 2321 sonderbar das übermächtig waltende Schicksal mit uns
272 2297 1265 2366 Menschen Ball spielt. Seine Rechnung mit dem Duell
267 2341 1258 2399 und den giltigen Ehrbegriffen hat Schnitzler schon
268 2386 1254 2447 lange im „Freiwild“ gemacht. Kein Ehrengericht wagte es,
274 2435 1256 2493 deshalb einen Stein auf ihn zu werfen. Im „Lieutenant
272 2476 1258 2529 Gustl“, dieser Schicksalsnovelle, ist der militärische Ehr¬
269 2525 1264 2593 begriff nicht mehr und nicht weniger wie das Verhängniß,
258 2564 1254 2632 das auf den Helden lauert. Dieser Ehrbegriff steht so ernst
256 2620 1254 2670 und unverrückbar da wie die Erinnyenverfolgung in der
260 2669 1254 2715 „Iphigenie". Hier erbarmen sich die seligen Götter des
268 2704 1251 2770 dem Schicksal Verfallenen; den Gustl rettet ein barm¬
260 2744 1251 2809 herziger Zufall. Hat der griechische Mythos etwa die
266 2794 1248 2857 Geister der Rache verhöhnen wollen, weil Orest ihnen
267 2836 685 2903 schließlich doch entrinnt?
365 2921 1248 3009 Kurz nachdem „Lieutenant Gustl“ erschienen war,
265 2977 1246 3052 publizirte ein Wiener Militärblatt eine giftige Kritik.
266 3021 1244 3090 Das Feuilleton wollte mit viel Grobheit, aber wenig
263 3062 1247 3131 Beweiskraft den österreichischen Lieutenant vor Schnitzler
257 3107 1243 3177 in Schutz nehmen. Schnitzler reagirte nicht darauf. Bei
262 3155 1243 3223 der derzeit in der literarischen Kritik üblichen allerliebsten
263 3207 1240 3270 Art der persönlichen Anflegelung müßten unsete Poeten
256 3248 1240 3320 wahrhaftig narbenbedeckt umhergehen, wenn sie alle Grob¬
267 3299 1245 3362 heiten ihrer Rezensenten mit Duellforderungen vergelten
255 3345 1234 3408 wollten. Der geschätzteste Kritiker würde dann nicht der
267 3389 1246 3457 sein, welcher die feinste Feder führt, das beste ästbetische
255 3440 1232 3503 Ermessen hat, sondern der grimmigste Handegen auf
255 3476 1231 3548 Säbel und Pistolen. Schnitzler antwortete auf das in
257 3530 1238 3598 Rede stehende Angriffsfeuilleton nicht und überließ es der
257 3574 1233 3635 Welt, zu richten. Dieser Tage erschien sein „Lieutenant
249 3621 1235 3685 Gustl“ in Buchform und ungefähr zur gleichen Zeit stieß
251 3666 1237 3731 ihn der Ehrenrath seines Regiments aus der Reihe der
243 3700 413 3767 Offiziere.
345 3743 1238 3818 So haben wir denn zu den vielen Unfehlbarkeits¬
254 3796 1229 3880 dogmen unseres öffentlichen Lebens ein neues bekommen:
239 3852 819 3922 die Infallibilität des Lieutenants.
1129 3858 1194 3918 * *
1475 127 2310 199 10. Leutnant Gustl
2487 123 2830 215 box 1/9
2110 957 2468 1018 Telefon 12801.
1648 1055 2924 1128 Alex. Weigl’s Unternehmen für Zeitungs-Ausschnitte
2650 1111 2800 1176 Ausschnitt
2679 1159 2930 1263 Nr. 76
1974 1132 2525 1259 „OBSERVEF
1594 1127 1809 1285 5##
1580 1241 2985 1338 I. österr. behördl. cone. Bureau für Zeitungsberichte u. Personalnachrichten
1765 1331 2821 1418 Wien, IX/1, Türkenstrasse 17.
1860 1409 2607 1488 — Filiale in Budapest: „Figyelé“
1590 1476 3000 1542 Vertretungen in Berlin, Chicago, Genf, London, Newyork, Paris, Rom, Stockholm.
1583 1607 2076 1674 Ausschnitt aus:
1769 1690 2279 1799 21% 1401
1592 1760 1737 1831 vom
1814 2027 2773 2181 Tagesneuigkeiten.
1990 2208 2580 2295 „Lientenant Gustl.
1941 2274 2649 2351 Ein ehrenräthliches Urtheil.
1894 2337 2775 2396 Der Wiener Schriftsteller Dr. Arthur Schnitzler,
1809 2383 2774 2439 welcher Oberarzt in Evidenz war, wurde vor Kurzem
1811 2427 2781 2475 von einem militärischen Ehrenrathe seiner Offizierscharge
1809 2471 2768 2524 verlustig erklärt. Dieser ehrenräthliche Richterspruch wird
1816 2511 2770 2560 damit motivirt, daß Dr. Schnitzler durch seine in
1820 2550 2771 2601 einem hiesigen Tagesjournal veröffentlichte novellistische
1631 2537 1793 2613 Für 50
2798 2561 2943 2628 inclusive
1820 2593 2695 2642 Studie unter dem Titel „Lieutenant Gustl“
1698 2602 1777 2647 100
1640 2604 1703 2665 „
2809 2615 2926 2661 Porto.
1822 2641 2777 2695 Ehre des österreichischen Offizierskorps nahegetreten sei,
1641 2639 1779 2695 „ 200
2802 2651 2937 2702 Zahlbar
1708 2680 1770 2723 500
1642 2683 1687 2736 „
1825 2690 2771 2730 und daß er weiter auf eine in heftigem und persön¬
2795 2693 2980 2747 m Voraus.
1646 2715 1774 2774 „ 1000
1819 2722 2778 2775 lichem Tone geschriebene Kritik dieser schriftstellerischen
2798 2750 2988 2820 te ist das
1816 2769 2777 2816 Arbeit, die kurze Zeit nach der Veröffentlichung des
2791 2805 2995 2863 cht es den
1599 2808 1803 2864 Abonnemen
1822 2817 2768 2881 „Lieutenant Gustl“, gleichfalls in einem hiesigen Blatte
2782 2855 2844 2914 rn.
1823 2851 2413 2917 erschienen war, nicht reagirt habe.
1898 2887 2777 2946 Der Beschluß des Ehrenrathes, der die Thätigkeit
2789 2914 3005 2984 haltend die
1722 2935 1782 2986 Der
1820 2938 2766 2988 des Schriftstellers Dr. Schnitzler den nichtaktiven
2785 2971 2997 3023 Morgen¬
1596 2961 1807 3031 Inhaltsang
1809 2986 2768 3037 Offizier Dr. Schnitzler entgelten läßt, wird zweifellos
2796 3010 2994 3062 r Zeitung“)
1602 3018 1786 3068 blätter
1824 3025 2775 3077 allgemein Befremden erregen. Das übliche ehrenräthliche
2799 3046 2986 3101 iche Leben
1603 3056 1811 3105 wodurch ein
1816 3067 2763 3111 Verfahren, das ja beianntlich während der jüngsten
2790 3087 2999 3156 ittheilungen
1604 3094 1809 3145 des In- un
1825 3110 2767 3153 Delegationsverhandlungen den Gegenstand eingehender
1612 3131 1778 3198 werden in
1822 3151 2771 3200 Besprechungen bildete, wird damit jedenfalls wieder in
1818 3190 2717 3245 den Vordergrund der öffentlichen Diskussion gerückt.
1902 3231 2778 3289 Die novellistische Studie „Lieutenant Gustl“ wurde
1810 3289 2775 3336 zum erstenmale zu Weihnachten des Vorjahres publizirt
1810 3328 2771 3378 und hat seither in verschiedenen anderen Zeitschriften
1810 3373 2772 3422 Aufnahme gefunden. Der wesentliche Inhalt der
1815 3411 2776 3462 Studie ist folgender: Lieutenant Gustl hat im Konzert
1813 3457 2773 3511 ein Renkontre mit einem energischen Zivilisten. Es
1810 3490 2779 3539 kommt zu Injurien, der Lieutenant will den Säbel
1805 3546 2775 3595 ziehen, aber der Zivilist hindert ihn daran mit
2244 3573 2781 3657 #t Gustl vorbrinigt darauf eine
