3248 4128
1239 124 1636 219 box 1/10
215 130 1060 224 10. Leutnant Gustl
752 885 1132 954 Telefon 12801.
299 982 1590 1070 Alex. Weigl’s Unternehmen für Zeitungs-Ausschnitte
1313 1036 1456 1094 Ausschnitt
385 1072 454 1141 □
1341 1065 1591 1178 Nr. 85
646 1061 1251 1198 „OBSERVER“
234 1179 1653 1291 I. österr. behördl. eonc. Bureau für Zeitungsberichte u. Personalnachrichten
423 1256 1494 1360 Wien, IX, Türkenstrasse 17.
631 1343 1270 1425 Filiale in Budapest: „Figyel.“
250 1397 1661 1499 Vertretungen in Berlin, Chicago, Genf, London, Newyork, Paris, Rom, Stockholm.
245 1551 738 1637 Ausschnitt aus:
821 1550 969 1635 „ #l.
1117 1561 1200 1650 2
601 1676 826 1766 1#0
263 1704 414 1773 vom
608 1735 672 1785 6
1053 1913 1828 1984 Schnitzler der Ex=Regimentsarzt.
1051 1976 1262 2066 As
224 1958 634 2135 Trenagiht
1162 2456 1212 2523 0
575 2709 725 2799 22
1111 2961 1289 3069 1
840 3066 964 3156 2
1244 3679 1763 3761 Sie — Sie — Sie Civilist
468 3681 1207 3749 Ehrenrichter: Was wollen S' denn,
1264 3733 1734 3805 da gibt's kan Recurs.
361 3745 1210 3794 Sie? Das Ehrengericht hat Sie ausgestoßen
483 3789 1767 3854 Arthur Schnitzler: Pardon, ich will ja gar nicht recurriren; ich
1238 3846 1762 3906 bedanken, die Sie meinem
347 3821 1154 3909 komme bloß mich für die schöne Reclame
361 3887 1022 3950 Buche gemacht haben. Jetzt aebt's!
1950 419 2021 487 —
1807 772 2068 853 Für 50 Zeituf
1889 822 1956 870 100
1821 840 1893 886 1
1889 865 1954 911 200
1821 880 1869 922 „
1881 905 1961 949 500
1822 944 1960 1011 „ 1000
1904 998 2064 1054 Im Geg
1784 1030 2065 1092 Abonnement dul
1774 1079 2060 1141 Abonnenten frei
1894 1154 2068 1222 Der „OB
1779 1200 2051 1260 Inhaltsangabe
1782 1248 2067 1302 blätter (Tag
1782 1285 2073 1337 wodurch eine Ue
1781 1323 2019 1374 des In- und
2019 1328 2073 1371 A
1783 1359 2071 1416 werden in Wien
2348 265 2786 368 L'honneur militaire.
2160 368 3002 437 Les journaux autrichiens ont, ces temps
2122 420 2994 478 derniers, mené grand bruit à propos de la
2111 463 3000 523 révocation dont a été frappé l’écrivain bien
2121 511 2994 582 connu, Arthur Schnilzler, qui était médecin
2123 555 2354 611 de réserve.
2161 576 2999 652 On savait que l’auteur si gouté du public
2117 645 3000 692 viennois avalt été frappé de cette mesure
2121 684 2996 744 disciplinaire, pour avorr, dans un de ses li¬
2117 729 3003 786 vres, porté une atteinte grave à l’honneur
2118 777 3003 827 du corps d’officiers autrichien, mais on ne
2126 817 2938 874 citait pas le titre de l’ouvrage incriminé.
2157 860 2997 926 On envoie de Vienne à ce sujet les, expli¬
2115 907 2495 962 cations suivantes:
2161 938 2997 1008 Dans une nouvelle intitulée le Lieutenanf
2119 996 3001 1047 Gestl, M. Schnitzler met en scène un jeune
2118 1042 2996 1091 lieutenant qui, après s’être mortellement
2130 1089 3003 1139 ennuyé à un concert donné dans le jardin
2121 1127 2999 1189 d’une brasserie, se dispose à regagner son
2120 1172 2993 1222 domicile. En passant au vestialre, il a une
2121 1213 2991 1271 discussion avec un boulanger de la ville,
2121 1254 3000 1314 grossier personnage qui n’est pas de son
2120 1310 2995 1357 monde, mais qu'il a rencontré parfois au
2123 1344 3002 1392 café. Au cours de cette altercation, le bou¬
2122 1388 2992 1444 langer saisit la main droite du lieutenant, la
2124 1435 3004 1490 serre à la briser et en mème temps adresse
2127 1477 2999 1532 quelques injures à l’efficier. Celui-ci, im¬
2127 1533 2995 1631 pute. ne aut frer sem che er etales un
2123 1608 2497 1669 tice sur-le-champ.
2168 1652 2999 1698 Le public ne s’est nullement ému de cette
2128 1696 3000 1745 scène, pensant que le vieux bourgeois et l’of¬
2128 1737 3001 1792 ficier avaient échangé un simple bonjour ac¬
2133 1786 2998 1839 compagné d’une poignée de main et de quel¬
2123 1830 3001 1880 ques paroles banales. Mais le lieutenant,
2124 1872 2992 1925 abasourdi de qui vient de lui arriver, s’a¬
2128 1915 2999 1967 bandonne aux réflexions les plus sombres.
2129 1961 2997 2014 II se considère comme insulté, déshonoré,
2117 2004 2997 2050 forcé de de quitter le métier militaire et mé¬
2124 2042 2996 2102 me de se brüler la cervelle. Toute la nuit i
2132 2096 3004 2150 erre comme une äme en peine, incapable de
2126 2140 3000 2193 prendre une résolution. Finalement son plan
2135 2183 3008 2230 est arrêté. II ve rentrer à son logement et se
2130 2222 2993 2279 suicider. Mais en chemin, harassé de fati¬
2121 2267 3003 2323 guc et tombant de faim, il passe devant le
2135 2314 2999 2365 café qu'il fréquente habituellement. Ne vou¬
2128 2354 3010 2402 lant pas mourir l’estomac creux, il y entre
2131 2398 3008 2465 et se fait servir à déjeuner. Tout à coup le
2116 2438 2421 2507 garcon Jui dit:
2219 2478 3008 2538 Eh bien! mon lieutenant, que dites¬
2133 2517 3006 2587 vous de la nouvelle? Vous avez certaine¬
2128 2572 2847 2632 ment connu le boulanger d’en face?
2171 2615 2997 2674 Une angoisse étreint la gorge du lieute¬
2121 2662 3002 2716 nant, car cette question impromptue dénote
2134 2709 3002 2771 que le garçon est déjà au courant de son af¬
2132 2748 3019 2814 laire. Mais celui-ci continue du ton le plus
2126 2793 2346 2851 tranquille.
2217 2812 3001 2888 Imaginez-vous, il vient de mourir su¬
2117 2875 3001 2932 bitement. En rentrant, hier soir, du concert,
2115 2924 3014 2985 il'a été frappé d’apoplexie dans l’escalier et
2117 2967 3009 3020 a rendu le dernier soupir sans avoir en le
2122 3011 3008 3081 temps de proférer une parole. Voilà ce que
2127 3057 2444 3113 c’est que la vie!
2169 3073 3011 3152 4 Mais alors! se dit le lieutenant, je suis
2117 3140 3015 3195 sauvé. Tout le monde ignore mon affaire,
2122 3188 3008 3242 je ne suis plus déshonoré et il est inutile
2124 3228 2710 3297 que je me brüle la cervelle. „
2154 3268 3004 3347 Etla nouvelle se termine sur dette re
2138 3307 2293 3376 lexion.
3017 803 3139 869 clusive
3024 857 3114 903 orto.
3020 931 3148 994 Voraus
3042 991 3175 1057 ist das
3043 1046 3179 1114 es den
3020 1147 3180 1232 tend die
3019 1218 3177 1266 rgen¬
3022 1253 3168 1303 Zeitung“
3022 1292 3166 1346 ie Leben
3030 1333 3177 1391 eilungen
