3276 4037
286 117 1089 205 10. Leutnant Gust
1311 118 1655 214 box 1/9
840 173 1127 230 ereteaensen eretestenes enene
556 591 1208 667 Brachtalgewatt. Liensenan Eus. —..
562 638 1533 709 qualvolle Nacht. Wenn das Regiment von dem Vorfall
563 686 1525 755 erfahrt, muß er quittiren. Eine Kugel vor den Kopf
548 724 1525 805 scheint der einzige ebrenvolle Ausweg aus dieser Affaire.
566 770 1522 841 Das Schicksal schenlt aber dem Lieutenant Gustl eine
558 818 1527 888 glücklichere Lösung der Sache: den couragirten Zivilisten
553 863 1522 930 trifft der Schlag. Der Tod dieses Mannes, des einzigen
557 897 1509 976 Zeugen seiner Schmach, befreit ihn aus seiner gefahr¬
563 947 1401 1009 vollen Verlegenheit: Lieutenant Gustl ist gerettet.
638 980 1512 1053 Ganz kurze Zeit nach der ersten Veröffentlichung
558 1024 1516 1098 wurde Dr. Arthur Schnitzler, dem Autor der „Liebelei“
548 1073 1514 1136 und anderer im Burgtheater zur Aufführung gelangter
550 1111 1511 1183 dramatischer Arbeiten, von vielen Seiten, auch von
552 1152 1507 1229 Freunden und Bekannten, profezeit, diese Publikation
555 1202 1515 1265 werde für ihn, als Angehörigen der Armee, üble Folgen
549 1243 1507 1312 nach sich ziehen. Doch maß Dr. Schnitzler diesen Vorher¬
558 1282 1510 1353 sagungen keinen Glauben bei, da er bei seiner Schil¬
554 1327 1507 1401 derung einer einzelnen Gestalt sich keiner Tendenz be¬
555 1373 1499 1438 wußt war und daher nicht annehmen konnte, man
545 1417 1510 1480 werde seine schriftstellerische Thätigkeit zum Substrate
546 1455 1497 1528 von ehrenräthlichen Untersuchungen machen. War doch
547 1496 1500 1576 auch sein Schauspiel „Freiwild“ anfangs in militärischen
540 1537 1505 1613 Kreisen nicht ohne Widerspruch ausgenommen worden,
539 1577 1502 1647 ohne daß jedoch dieser Umstand zum Anlasse zu irgend
547 1627 1500 1690 welchem Vorgehen gegen ihn genommen worden war.
549 1662 1290 1731 Bald jedoch trafen die Vorhersagungen ein.
623 1705 1503 1781 Ungefähr vier Wochen nach der Publikation des
546 1734 1502 1825 Aufsatzes erhielt Dr. Schnitzler von Seite eines militä¬
540 1798 1500 1858 rischen Comités eine Zuschrift, des Inhaltes, er möge
544 1832 1505 1906 sich äußern, ob er mit dem als Autor des „Lieutenant
533 1877 1499 1961 Gustl“ unterzeichneten Artbur Schnitzler identisch sei.
558 1942 1516 2014 Dr. Schnitzler antwortete auf diese Zuschrift in einem
554 1988 1505 2061 Schreiben, in welchem er betonte, daß er sich Nieman¬
551 2033 1508 2102 dem gegenüber verpflichtet fühle, über seine literarische
548 2070 1515 2146 Thätigkeit Rechenschaft zu geben. Im Uebrigen stehe er
553 2127 1512 2177 aber, da er nunmehr seinen prinzipiellen Standpunkt
553 2160 1503 2230 gewahrt habe, keinen Moment lang an, zu sagen,
548 2202 1320 2274 daß er der Autor des „Lieutenant Gustl“ sei.
621 2240 1502 2314 Bald darauf erhielt Dr. Schnitzler schriftlich den
554 2270 1508 2357 Auftrag, zu einer Voruntersuchung des Ehrenrathes zu
546 2325 1502 2393 erscheinen. Er lehnte jedoch diese Zumuthung mit der
557 2371 1501 2437 Begründung, er habe seinem „Lieutenant Gustl“ nichts
547 2412 1505 2488 hinzuzufügen und sei auch nicht in der Lage, das Ge¬
546 2460 1410 2517 ringste von dem was er geschrieben, wegzunehmen.
626 2496 1500 2556 In der Folge erhielt Dr. Schnitzler mehrere Vor¬
545 2526 1494 2608 ladungen vor das Ehrengericht. Er leistete jedoch aus
541 2582 1493 2663 den angeführten prinzipiellen Gründen keiner Vorladung
535 2619 654 2683 Folge.
611 2655 1494 2731 Nunmehr wurde Dr.=Schnitzler durch das
545 2700 1500 2781 Votum des Ehrenrathes seiner Offizierscharge verlustig
539 2762 1504 2823 erklärt. Das Urtheil bürfte bereits vor vier Wochen
542 2802 1495 2864 erflossen sein, und es wird von mancher Seite ver¬
547 2841 1491 2905 muthet, es sei verspätet intimirt worden, um solcher
546 2874 1496 2944 Art zu verhindern, daß es zum Gegenstande einer
540 2922 1493 2993 Interpellation im Abgeordnetenhause gemacht werde.
530 2965 1492 3038 Uebrigens soll, wie versichert wird, über die Frage, ob
538 3018 1492 3078 „Lieutenant Gustl“ zum Anlasse einer ehrenräthlichen
531 3052 1487 3117 Untersuchung gemacht werden sollte oder nicht, bei den
525 3098 1490 3170 maßgebenden militärischen Faktoren keineswegs Ein¬
527 3132 996 3193 müthigkeit geherrscht haben.
604 3178 1492 3249 Dr. Schnitzler ist seit drei Wochen auf einer Ver¬
529 3212 1480 3294 gnügungsreise und hält sich gegenwärtig ins Inns¬
521 3264 696 3320 bruck auf.
2270 859 2623 919 Telefon 12801.
1799 956 3080 1028 Alex. Weigl's Unternehmen für Zeitungs-Ausschnitte
2808 1010 2946 1071 Ausschnitt
1816 1023 2670 1165 * 205 „OBSERVEI
2749 1056 3092 1161 Nr. 98
1737 1155 3145 1240 I. österr. behördl. cone. Bureau für Zeitungsberichte u. Personalnachrichten
1917 1235 2972 1316 Wien, IX, Türkenstrasse 17.
2069 1307 2761 1388 — Filiale in Budapest: „Figyelé“
1755 1395 3142 1460 Vertretungen in Berlin, Chicago, Genf, Londe“, Newyork, Paris, Rom, Stockholm.
2810 1516 2853 1581 21
1746 1502 2224 1591 Ausschnitt aus,
2471 1515 2744 1616 #T86809
1746 1618 2113 1734 vom 7 4
2093 1654 2132 1730 6
1887 1821 2882 1922 Ein Telegramm aus Wien meldet uns: Der
1858 1878 2871 1966 erfolgreiche Dramatiker Dr. Arthur Schnitzser,
1859 1929 2867 2004 der auch Regimentsarzt der Reserve war,
1866 1957 2882 2045 wurde vom militärischen Ehrenrathe seiner
1867 2005 2876 2088 Officierscharge verlustig erklärt. Als
1865 2047 2868 2131 Grund des ehrenrathlichen Richterspruches wird an¬
1868 2090 2881 2169 gegeben, daß Schnitzler duch seine kürzlich veröffent¬
1868 2130 2881 2211 lichte Studie „Leutnant Gustl“ der Ehre des öster¬
1876 2161 2881 2247 reichischen Officiercorps nahe getreten und daß er
1873 2210 2873 2296 weiters auf eine in heftigem und persönlichen Tone
1881 2251 2873 2334 geschriebene Kritik dieser schriftstellerischen Arbeit nicht
1881 2285 2883 2368 reagirt habe. Die Maßregelung erregt in literarischen
1878 2347 2565 2429 Kreisen peinliches Aufsehen.
2203 2381 2709 2465 Bezugs-Bedingungen:
2778 2443 2841 2508 15.
1777 2440 2754 2520 Für 50 Zeitungsausschnitte (Artikel oder Notizen) . Kr.
2942 2464 3101 2531 inclusive
2778 2504 2841 2549 28
1861 2501 1932 2547 100
2707 2510 2755 2569 „
2432 2518 2484 2570 „
2568 2517 2605 2554 „
2842 2549 2877 2585 —
2786 2540 2847 2587 50.—
1860 2541 1923 2584 200
2332 2518 2382 2595 n
2550 2559 2590 2605 „
1795 2558 1840 2603 „
2949 2557 3092 2610 Zahlbar
1855 2581 1931 2623 500
2714 2576 2845 2639 „ 110.
2338 2588 2380 2641 „
2546 2592 2610 2643 „
2445 2563 2504 2634 7
1796 2595 1847 2639 „
2917 2595 3107 2654 im Voraus.
1798 2615 1935 2671 „ 1000
2705 2618 2850 2680 „ 200.—
2648 2622 2696 2675 920
2552 2636 2588 2673 „
2329 2628 2380 2676 „
1874 2667 3154 2723 Im Gegensatze zu anderen Bureaux für Zeitungsausschnitte ist das
1747 2716 3145 2770 Abonnement durch keine bestimmte Zeitdaver begrenzt; — auch steht es den
1746 2755 2987 2808 Abonnenten frei die aufgegebenen Themen zn ergänzen oder zu ändern.
1859 2826 3139 2883 Der „OBSERVER“ veranstaltet täglich einen Auszug enthaltend die
1752 2875 3140 2921 Inhaltsangabe aller wichtigen Mittheilungen der Wiener Morgen¬
1749 2914 3144 2968 blätter (Tagesjournale ausser „Neue Freie Presse“ und Wiener Zeitung“)
1747 2960 3130 3005 wodurch eine Uebersicht über das gesammte politische und wirthschaftliche Leben
1759 2993 3139 3054 des In- und Auslandes in drastischer Kürze geboten wird. Diese Mittheilungen
1751 3039 2519 3093 werden in Wien um 3 Uhr Früh verschickt.
2058 3108 2848 3169 Prospecte gratis und franco.
