3296 4128
577 195 935 296 Mungste
1791 239 2631 333 10. Leutnant Gustl
2472 296 2640 361 neneenene
2275 298 2393 358 an 2
1968 297 2156 365 an
521 275 1309 369 Radiumiherme der Weit!
767 377 1311 473 Verlungen Sie Prospekte
760 447 1312 518 von der Kurkommission!
766 600 1274 737 „OBSERVER
756 714 1312 804 Erstes österreichisches be¬
761 781 1319 859 hördlich konzessioniertes
769 836 1086 902 Unternehmen
769 873 1316 963 für Zeitungsausschnitte
539 929 819 1021 WIEN, I.,
537 990 1324 1093 Wollzeile 11 4 Telephon R 23-0-43
544 1132 883 1232 Ausschnift aus
948 1203 1042 1277 iere
1131 1220 1239 1288 7322
778 1229 1292 1333 neurs I Toastr Gorchchg 2
712 1324 1156 1417 12 0Kl. 1935
450 1393 2827 1469 emheieiia............
1642 1466 2833 1554 Blumen, Sweet=peas, das sind Erbsenblüten, das Happyend
1643 1529 2606 1593 herbeiführen. Ein Happyend mit viel Lampenfieber.
505 1473 1609 1623 in Mädchenschicksal und eine
1739 1547 2840 1629 Ernst Lothars Roman ist eigentlich eine halbe Kinder¬
1641 1614 2841 1679 geschichte. Tiefe und herbe Süßigkeit ergibt sich aus dem Leit¬
911 1603 1161 1729 Geige.
1636 1657 2840 1724 motiv. Kein Zufall, daß der Dichter seine kleine Geigerin gerade
1634 1690 2829 1766 mit der Beethoven=Romanze verschwistert. So viel verstecktes
837 1715 1228 1775 „Romanze F=Dur.“
1641 1758 2836 1814 Leid wird da aufgedeckt, winzige Seelenwinkel werden erleuchtet,
986 1770 1086 1858 Von
1641 1812 2839 1862 manchmal steigert sich der Tagebuchroman zu diffizilen, absichtlich¬
939 1835 1147 1920 H. v. T.
1643 1854 2838 1916 unabsichtlichen und gleichwohl durchsichtigen Aphorismen, zu
1648 1899 2834 1961 einer Kinderphilosophie auf höherer Ebene. Wenn die fünfzehn¬
540 1886 1626 1971 „Romanze F=Dur“, so heißt der neueste Roman Ernst
1645 1942 2825 2003 jährige Helga zum Beispiel notiert: „Wer weiß, ob ein Lind
423 1944 1624 2012 Lothars, der soeben im Zsolnay=Verlag erscheint, ein
1648 1989 2825 2052 nicht sogar eine bessere Ehre hat als die Großen? Denn bestimmt
439 1986 1622 2057 feines, wienerisches Buch, wunderbar in der Milieuzeichnung,
1642 2037 2831 2092 haben die Kinder noch viel weniger angestellt als die
431 2050 1629 2106 Ein Mädel ist verliebt in eine Geige — zunächst. Aus ihrer
1645 2070 2825 2138 Erwachsenen — deshalb kränkt es sie, find ich, auch viel mehr,
435 2096 1624 2152 geheimen Leidenschaft wird dann Erlebnis, das zu erschütternden,
1641 2111 2839 2188 wenn man sie ungerecht verdächtigt. Immer sagen die
435 2138 1632 2199 seelischen Konflikten führt. Die kleine Helga, die Heldin der sein
1642 2172 2834 2238 Erwachsenen gleich zu den Kindern: Das warst du! Das hast du
433 2185 1634 2238 versponnenen Geschichte, schreibt sich nämlich ein Tagebuch, das
1648 2221 2831 2280 gemacht! — auch wenn sie's gar nicht sicher wissen, nur weil
434 2238 1638 2299 heißt, Ernst Lothar, der Autor, komponiert es für sie. Offenbar
1654 2264 2823 2330 ie halt glauben, es ist nichts dabei und ein Kind kann sich
441 2283 1624 2336 dachte er an Artur Schnitzler dabei, denn wenn man das alles
1647 2324 2833 2375 sowieso nicht wehren. Aber wenn ein Erwachsener sich trauen
438 2328 1627 2384 ltest, mühmran malfhörlich in den „Leutnant Gustl“ denken,
1635 2363 2830 2426 möcht, einem anderen Erwachsenen zu sagen: Du hast Zuckerln
436 2380 1640 2440 den süßesten Kavalier der deutschen Literaturgeschichte. Nur ist
1643 2410 2829 2473 gestohlen, so käm eine Riesengeschichte heraus! Bei einem Kind
435 2426 1636 2482 das bei Ernst Lothar doch noch anders ihm gelang es nämlich,
1638 2455 2838 2514 dagegen trant man sich. Und dabei weiß das Kind genau so gut
442 2469 1636 2531 scheinbar primitive Aufregungen in Melodien zu verwandeln,
1640 2503 2832 2562 wie der Erwachsene, bei dem man sich aber nicht traut, daß es
439 2513 1634 2569 man spürt beim Lesen, wie da sorgfanligste, mit feinen Fingern
1648 2552 2839 2622 keine Zuckerln gestohlen oder daß es nicht getratscht oder daß es
433 2557 1634 2621 gelenkte Regie geführt wird, so daß aus einem anscheinend
1635 2594 2313 2673 das Licht nicht brennen gelassen ...“
437 2609 1626 2663 primitiven, menschlichen Vorfall ein großes Kunstwerk entsteht.
1737 2627 2838 2703 Wunderbar ist der Schluß, wenn geschildert wird, wie das
442 2652 1625 2705 Die kurzen, manchmal schmerzvollen, manchmal himmlischen
1656 2671 2836 2750 unverstandene Mädel zum erstenmal Künstlerin sein darf und
441 2701 1627 2761 Kapitel der duftigen, so zärtlichen Geschichte muten oftmals an
1641 2738 2842 2811 auf das Konzertpodium kommt. Alles an ihr, in ihr zittert. „In
442 2747 1625 2809 wie Volkslieder, die einem zutiefst ins Herz gehen. Das schönste
1650 2784 2833 2846 meinem Kopf“ schreibt die Helga in ihrer Jundmädchenbeichte,
439 2793 1622 2847 aber ist, daß die Handlung vom Dichter so sachte, sachte zu Ende
1636 2813 2798 2902 „war ein Rauschen wie von einem Wasserfall. Das kann ja#g#
424 2832 1623 2925 geführt wird, und daß deren Pointe darin besteht, daß ein paar
1726 2888 2921 2978 werden, hab ich mir gedacht. Ich hab das „Moderato“ ura der
1715 2972 2910 3027 „Ballade“ anfangen wollen — eisige Finger! Als ob ich nicht bei
1720 3012 2912 3063 mir wär. Dann hat es geläutet, und jemand wer, weiß ich nicht,
1722 3042 2913 3106 hat mich geholt und ich hab' immer nur gesagt: „Es geht nicht!
1729 3088 2909 3165 Ausgeschlossen: Es geht bestimmt nicht!“ und der Betreffende hat
1723 3147 2906 3203 geantwortet: „Aber Fräulein! Es wird schon gehen!“ Und dann
1729 3200 2912 3254 hat man mich irgendwo hinausgeschoben und ich bin auf der
1726 3243 2918 3306 Bühne gestanden — ganz genau weiß ich, daß ich mir gedacht
1729 3277 2912 3339 hab: ich hab' ja die Geige vergessen! Dabei hab' ich sie in der
1712 3332 2912 3391 Hand gehabt! Unten haben sie applaudiert und ich hab' mich
1719 3386 2902 3450 verbeugt. Am Klavier ist der Ratzl gesessen, aber wie in einem
1710 3428 2905 3480 Nebel. Er hat mich angeschaut und ich ihn. Dann hat er mit
1718 3471 2901 3527 dem Kopf genickt. Dann hab' ich den Bogen angesetzt. Dann hat
1713 3521 2910 3580 er zur „Romanze“ pröludiert. Dann hab' ich anfangen sollen.
1718 3568 2913 3626 Ausgeschlossen! hab' ich gedacht, ich weiß nicht eine Note. Dann
1713 3599 2902 3678 hab' ich angefangen, und nach dem Einsatz, beim ersten „Dolce“
1715 3646 2901 3725 hal' ich die Sweet=peas an meinem Kleid gesehen. Da hat das
1716 3705 2902 3760 Ohrenbrausen aufgehört. Ich hab' immer hingeschaut. Nur hin.
1721 3753 2907 3820 Da hab' ich mich spielen hören. Ich hab' die Augen zugemacht
1719 3793 2024 3872 und gespielt...“
1823 3844 2904 3911 Das Buch Ernst Lothars ist ein ganz großes Kunstwerk,
1721 3898 2901 3951 ein Buch, das Eltern lesen müßten, ebenso wie ihre jungen
1717 3937 2903 4008 Töchter und gleichfalls jeder, der sich nach wirklich guter
2820 241 3221 352 box 1/12
