3228 4068
388 -10 777 57 en een
1700 -10 2036 77 e
69 8 225 97 Kranse,
2554 16 2695 86 a. —
363 35 1111 95 Mersechrn und Sahe=Munten.  Für Zuckerfabriken.
361 62 1207 127 Maschinen für Spiritusfabriken, Brauereien und
1315 59 2366 151 WIEN, I., Kohlmarkt Nr. 8, WIEN.
2398 58 2859 147 Armee-Revolver (Mod. 95)
394 97 812 147 Thonwaaren=Fabriten.
69 87 160 166 e.
2433 116 2843 173 Patent: L. Gasser,
362 114 1200 173 Hydraulische Pressen u. ganze Anlagen für Oelfabriken.
84 106 362 189 (Patent Steckl),
1311 125 2351 190 Comptoir: XVI., Fesstgasse Nr. 17.
2409 147 2844 207 vom lehen k k. Rrichs-Kriegs¬
371 153 1201 217 Walzwerke, alle Zerlleinerungs=Maschinen und sonstige
75 138 359 224 chinen, Förder¬
385 180 756 248 Hartauß=Fabricate.
2404 189 2858 235 ministerium z. Linführung boi
1247 173 2416 256 Reichste Auswahl vorzüglicher Revolver, Jagd-, Scheiben- u.
75 197 353 251 Emaschinen für
357 172 678 259 Trausmisionen.
2396 192 2982 281 den k. k. Fustruppen un □
74 233 360 305 ie alle Maschinen
1427 218 2232 294 Salon-Gewehre, jagdrequisiten, Munition otc.
2518 238 2727 304 Tenommen.
362 214 1147 317 Hydraulische Aufzüge und elektrische Aufzüge.
351 264 744 330 Bayn=Ausrüstungen.
2510 279 2647 326 n
2568 278 2894 382 Teperfoste
76 297 778 377 Giessereien liefern:
2711 333 2913 384 erfeste
1340 325 2294 440 Die schönsten Uniformen
2519 349 2929 438 . Cassetien
67 360 1197 470 is, Röhrenguß, Maschinenguß, Kunstguf, Hartgust 2e.
2596 390 2906 459 Semohrseider Sore —
1703 399 1924 477 erzengt
2434 428 2759 487 gebrauchte # neue —
1074 434 1197 504 24542
71 435 909 515 sehr reichhaltiges Lager vorhanden.
1266 466 2357 552 P. Schlesinger, Wien, VI., Mariahilferstrasse 109, I. Stock.
2421 461 2713 547 fanerfesl
2622 435 2948 570 GE R
2806 502 2969 560 — bülgatte
421 480 1130 578 Niederlage: BRUNN,
85 494 267 579 EN,
1306 524 2342 596 Proisoourante und Zahlungsbedingnisse auf Verlangen gratis :gesendet.
2715 529 2975 596 S.BENGER
592 551 959 613 Kröna Nr. 22.
76 550 155 607 8.
1569 557 2058 637 — Telophon 6069. —
2241 540 2386 616 24280
2689 575 2957 660 WPPLINCERSTRAR
177 568 269 650 atrem
445 570 1093 648 AEASC! A MLEEA LALTUEHIETNEREREDR RANEFTE MTTNTEARN
796 626 922 695 mennnaen
70 680 634 739 hel haben:2 und wenn
634 682 1828 733 gar nicht wahr...? — Nicht wahr, haha, nicht wahr!
1813 685 3011 735 glück, daß wir nach Wien heruntergekommen sind .:
616 717 690 786 3
65 705 645 796 Kaffe Gebrauch macht, gebt's
697 727 1812 788 Ich hör's ja noch . es klingt mir noch im Ohr:...
1807 729 3031 814 der Pokorny sitzt noch immer in Sambor und kann noch
69 770 644 844 Alle die geborenen Mörder
645 772 1817 833 und ich spür's ja in den Fingern, wie ich seine Hand von
1804 768 2994 849 zehn Jahr' dort sitzen und alt und grau werden:..
81 824 642 892 möcht's auch stehen:.
643 826 1819 886 meinem Säbelgriff hab' wegbringen wollen. zu# Ein
1807 820 3002 911 aber wenn ich dort oben geblieben wär', wär' mir das
73 864 653 932 kciers“::: Wie schreiben
638 870 1818 940 Kraftmensch ist er, ein Jagendorfer. a.: Ich bin doch
1815 886 3002 948 nicht passirt, was mir heut' passirt ist: . : und ich möcht'
83 917 647 985 totive sind in Dunkel ge¬
648 915 1827 973 auch kein Schwächling ... der Francisci ist der Einzige
1807 926 2991 1001 lieber in Galizien alt, und grau werden, als daß..:
75 967 546 1036 inem Sarge trauern.
644 967 1823 1043 im Regiment, der stärker ist als ich. :.. — Die Aspern¬
1813 975 3007 1038 als was? als was?! — Ja, was ist denn? Was ist
80 1005 656 1083 ir ist immer, als wenn ich
1579 1018 1819 1083 — Wenn
635 1016 1603 1087 brücke. ::. Wie weit renn' ich denn noch?
1811 1015 2999 1094 denn? — Bin ich denn wahnsinnig, daß ich das immer
127 1059 649 1124 möcht' :.: aber es
642 1067 1822 1138 ich so weiterrenn', bin ich um Mitternacht in Kagran.#
1811 1068 2999 1158 vergess' 24 — Ja, meiner Seel', vergessen thu' ich's jeden
77 1111 649 1178 nbringen, es bleibt mir ja
637 1114 1821 1191 haha! — Herrgott, wie froh sind wir gewesen, wie wir
1807 1115 2990 1181 Moment:;: ist das schon, je erhört worden, daß sich
496 1154 637 1215 nicht
350 1157 408 1211 1
184 1156 382 1214 kann's
642 1159 1822 1221 im vorigen September dort eingerückt sind, noch zwei
1810 1162 3001 1244 Einer in ein paar Stunden eine Kugel durch'n Kopf
173 1192 641 1269 morgen Früh der
89 1207 146 1260 das
634 1214 1810 1271 Stunden, und Wien::: todtmüd' war ich, wie wir an¬
1811 1212 2998 1294 jagen muß, und er denkt an alle möglichen Sachen, die
93 1247 185 1306 nir
165 1234 640 1315 ihr Mandat; zurück.
641 1257 1821 1325 gekommen sind::: den ganzen Nachmittag hab' ich ge¬
1803 1266 2994 1331 ihn gar nichts mehr angeh'n? Meiner Seel', mir ist
98 1295 648 1363 können dir nicht secun¬
643 1300 1809 1361 schlafen wie ein Stock und am Abend waren wir schon beim
1807 1310 1960 1376 grab
1937 1302 3002 1391 so, als wenn ich einen Rausch hätt'! Haha!
79 1337 637 1416 Schuft, wenn ich's ihnen
633 1342 1809 1407 Ronacher.. der Kopetzky, der Ladiuser und . wer war
1805 1369 2988 1430 Ein schöner Rausch! Ein Mordsrausch! Ein Selbst¬
82 1371 640 1457 Kerl wie ich, der dasteht
635 1395 1801 1463 denn nur noch mit uns? — Ja, richtig, der Freiwillige,
1801 1398 2118 1471 mordsrausch!
2097 1415 2993 1485 — Ha! Witze mach' ich, das ist sehr
92 1433 638 1500 heißen läßt:: morgen
639 1449 1812 1513 der uns auf den Marsch die jüdischen Anekdoten erzählt
1802 1463 2986 1524 gut! — Ja, ganz gut aufgelegt bin ich — so was muß
154 1490 640 1556 tja zu dumm, daß ich
640 1497 1806 1555 hat....: manchmal sind's ganz nette Bursche, die Ein¬
1802 1507 2996 1567 doch angeboren sein ... wahrhaftig, menn ich's Einem
92 1532 642 1606 ein Mensch erzählt's nicht
629 1541 1805 1601 jährigen::: abeer sie sollten Alle nur Stellvertreter
1806 1553 2993 1618 erzählen möcht' er würd' es nicht glauben. — Mir scheint,
79 1568 643 1647 erzählen.. seine Frau
635 1576 1807 1646 werden — denn was hat das für einen Sinn? Wir
1802 1578 2996 1658 wenn ich das Ding bei mir hätt' :... jetzt würd' ich ab¬
76 1614 637 1697 weiß es das ganze Kaffee¬
627 1625 1810 1701 müssen uns jahrelang plagen, und so ein Kerl dient ein
1807 1644 2993 1721 drücken — in einer Secunde ist Alles vorbei. .: Nicht
83 1672 428 1741 's wissen..:
402 1679 643 1750 der Herr
629 1698 1806 1744 Jahr und hat genau dieselbe Distinction wie wir :.. es
1803 1701 2998 1769 Jeder hat's so gut — Andere müssen sich monatelang
166 1714 634 1795 und selbst, wenn er
631 1729 1815 1802 ist eine Ungerechtigkeit! — Aber was geht mich denn das
1802 1741 2993 1813 plagen ... meine arme Cousin', zwei Jahr' ist sie ge¬
96 1760 642 1843 nicht davon, so sagt er's
633 1787 1810 1844 Alles an? Was scheer' ich mich denn um solche
1808 1788 2988 1868 legen, hat sich nicht rühren können, hat die gräßlichsten
77 1820 631 1891 s übermorgen nicht sagt,
634 1823 1811 1890 Sachen? — Ein Gemeiner von der Verpflegsbranche ist
1803 1832 2990 1902 Schmerzen g'habt — so ein Jammer!:.: Ist es nicht
71 1864 643 1937 nn ihn heute Nacht der
626 1873 1813 1952 ja jetzt mehr als ich ..: ich bin ja überhaupt nicht mehr
1803 1871 2990 1962 besser, wenn man das selber besorgt? Nur Obacht geben,
74 1914 643 1986 #a ich weiß es. .: Ich
631 1919 1810 1973 auf der Welt :.: es ist ja aus mit mir :: Ehre ver¬
1802 1925 2986 1995 heißt's, gut zielen, daß Einem nicht am End' das Mal¬
83 1963 637 2032 den Rock trägt und den
630 1962 1810 2038 loren, Alles verloren!::: Ich hab' ja nichts Anderes
1803 1971 2994 2054 heur passirt wie dem Cadet=Stellvertreter im vorigen
99 2011 624 2082 f auf ihm sitzt! 2:: So,
624 2023 1804 2073 zu thun, als meinen Revolver zu laden und. ... Gustl,
1800 2023 2990 2081 Jahr .:.. der arme Teufel, gestorben ist er nicht, aber
107 2063 636 2127 — Was ist weiter dabei?
627 2066 1810 2124 Gustl, mir scheint, du glaubst noch immer nicht recht
1804 2069 2988 2147 blind ist er geworden . . . was mit dem nur gescheh'n
86 2111 633 2176 mich der Doctor mit 'n
625 2107 1816 2183 d'ran? Komm' nur zur Besinnung... es gibt nichts
1802 2128 2989 2192 ist? Wo er jetzt lebt?— Schrecklich, so herumlausen wie
110 2155 636 2225 ist schon einmal dage¬
626 2167 1803 2225 Anderes::. wenn du auch dein Gehirn zermarterst: es
1797 2170 2998 2222 der, der — das heißt: herumlaufen kann er nicht, g'führt
106 2194 627 2273 arme Kerl, der hat eine
630 2206 1813 2271 gibt nichts Anderes! — Jetzt heißt's nur mehr, im letzten
1802 2216 2990 2290 muß er werden — so ein junger Mensch, kann heut' noch
76 2252 637 2306 par in drei Tagen hin:..
632 2237 1812 2313 Moment sich anständig benehmen, ein un sein, ein
1803 2256 2990 2324 keine Zwanzig sein . .. seine Geliebte hat er besser ge¬
75 2288 633 2373 rd gestürzt und hat sich
628 2306 1807 2363 Officier sein, so daß der Oberst sagt: Er ist ein braver
1796 2309 2990 2368 troffen . gleich war sie todt:. unglaublich, weß¬
83 2351 633 2410 schließlich und endlich: es
632 2354 1809 2408 Kerl gewesen, wir werden ihm ein treues Angedenken be¬
1799 2354 2998 2426 wegen sich die Leut' todtschießen! Wie kann man über¬
92 2391 636 2465 hnicht, für mich nicht! —
618 2379 1805 2455 wahren.:. Wie viel Compagnien rücken denn aus beim
1801 2398 2913 2481 haupt eifersüchtig sein?::. Mein Lebtag hab' ich
74 2440 631 2510 nähmen. Gott, was
629 2446 1802 2506 Leichenbegängniß von einem Lieutenant?::. Das
1794 2444 2989 2527 was nicht gekannt:.: die Steffi ist jetzt gemüthlich in
62 2482 634 2558 Dem Ringheimer hat ein
627 2486 1148 2560 müßt' ich eigentlich
1131 2498 1796 2567 wissen::  haha! Wenn
1786 2497 2992 2579 der Gartenbau=Gesellschaft, dann geht sie mit „ihm“ nach
72 2543 633 2594 ner Frau erwischt hat, eine
626 2534 1795 2604 das ganze. Bataillon ausrückt oder die ganze
1794 2546 2992 2615 Haus . .. nichts liegt mir dran, gar nichts! — Hübsche
77 2585 638 2661 quittirt und sitzt irgendwo
631 2591 1797 2653 Garnison, und sie feuern zwanzig Salpen ab, davon
1792 2594 2983 2679 Einrichtung hat sie — das kleine Badezirimer mit der
79 2627 633 2702 . .; daß es Weiber gibt,
627 2620 1799 2699 wach' ich doch nimmer auf!. — Vor dem Kaffeehaus da
1799 2643 2987 2710 rothen Latern' — wie sie neulich in dem grünseidenen
67 2680 636 2748 lang — Meiner Seel',
634 2685 1799 2754 bin ich im vorigen Sommer einmal mit dem Herrn
1794 2682 2981 2754 Schlafrock hereingekommen ist ... den grünen Schlafrock
72 2729 640 2801 enn er wieder nach Wien
625 2737 1804 2799 v. Engel gesessen nach der Armee=Steeple=Chase ..
1799 2715 2976 2809 werd' ich auch nimmer seh'n — und die ganze Steffi auch
87 2777 630 2846 Gustl: aus, aus, abge¬
625 2782 1798 2844 komisch, den Menschen hab' ich seitdem nie wieder ge¬
1800 2788 2980 2868 nicht: .. und die schöne, breite Treppe in der Gußhaus¬
77 2812 635 2892 Punktum und Streusand
622 2818 1798 2897 seh'n :.. warum hat er denn das linke Aug' verbunden
1796 2828 2987 2903 straße werd' ich auch nimmer hinaufgeh'n... das
78 2865 635 2954 b's, die Geschichte ist ganz
626 2879 1802 2937 gehabt? Ich hab' ihn immer d’rum fragen wollen, aber
1790 2886 2981 2940 Fräul'n Steffi wird sich weiter amüsiren, als wenn gar
68 2915 557 2994 gentlich ganz ruhig..
629 2922 1798 2984 es hätt' sich nicht gehört.:.: Da geh'n zwei Artille¬
1796 2926 2991 3011 nichts gescheh'n wär' . :: nicht einmal erzählen darf sies
620 2974 1799 3032 risten:.. die denken gewiß, ich steig“ der Person da
1793 2982 2984 3033 wem, daß ihr lieber Gustl sich umgebracht hat ... aber
76 3006 627 3093 ein, ganz ruhig : . aber,
630 3017 1799 3082 nach:.. muß sie mir übrigens anseh'n.::: O schreck¬
1801 3025 2974 3074 weinen wird s’ schon —— ah ja, weinen wird s’.::: Ueber¬
88 3064 642 3132 hab' ich doch nicht ge¬
631 3062 1804 3130 lich! — Ich möcht' nur wissen, wie sich so Eine ihr Brot
1799 3063 2976 3139 haupt, weinen werben gar viele Leut'.: Um Gottes¬
71 3104 635 3183 gen muß, weil so ein.:.:
623 3112 1803 3179 verdient.:: da möcht' ich doch eher... obzwar in der
1797 3118 2981 3178 willen, die Mama! — Nein, nein, daran darf ich nicht
86 3161 633 3233 recht verstanden ... am
629 3162 1801 3224 Noth frißt der Teufel Fliegen ::. in Przemysl — mir
1794 3169 2981 3235 denken — ah nein, daran darf absolut nicht gedacht wer¬
72 3198 637 3284 s gesagt . . . ich war ja
632 3203 1797 3269 hat's nachher se gegraut, daß ich gemeint hab', nie wieder
1789 3223 2973 3298 den . .. an zu Haus wird nicht gedacht, Gustl, ver¬
70 3267 584 3333 Krei und der Hitz'.:
626 3276 2982 3317 rühr' ich ein Frauenzim.ner an. :.. Das mar eine gräß= standen? Nicht mit dem allerleisesten Gedanken. Das
72 3320 2985 3386 esen, und es ist Alles. liche Zeit da oben in Galizien#eigentlich ein Mords=ist=nicht schlecht, jetzt bin ich gar im Prater: mitten
1950 3668 2465 3781 MSASCHN SAe neer h uheu Aie giahe
