3248 4128
248 93 389 197 10.
438 91 1070 170 Leutnant Gust
1270 91 1673 188 box 1/10
438 151 1096 212 0
486 275 1732 372 Jemand der nicht die Novelle geiesen hatte, und jetzt diesen
374 353 1716 422 Aufsatz der „Neuen Freien Presse“ liest, muss einfach glauben, dass
371 408 1723 474 Dr. Arthur Schnitzler ein militärischer Don Quixote oder verborter
376 460 1711 510 Säbelmensch ist, und der Officiersehrenrath ihn deswegen der
362 513 1193 570 Verletzung der Ehre schuldig erkannt habe.
488 538 1714 620 Aber derjenige, der die Novelle gelesen hat, wird finden, dass
359 600 1716 661 die Auffassung der „Neuen Freien Presse“ den schriftstellerischen In¬
368 650 1720 712 teutionen des Dr. Arthur Schnitzler geradezu ins Gesicht schlägt und
368 702 1714 758 dass die „Neue Freie Presse“ iyren eigenen Mitarbeiter verleugnet, der
359 753 1723 815 gewiss ganz erstannt war, zu lesen, dass seine Novelle die Tendenz
362 798 1468 869 einer Verherrlichung“ der Officiersehrennothwehr habe.
481 832 1725 910 Dr. Schnitzlers Novelle hat die klarliegende Tendenz, nicht etwa
354 890 1712 965 die Officiersehrennothwehe zu verherrlichen, aber auch nicht sie lächer¬
367 943 1711 1011 lich zu machen oder anzufeinden, sondern den verkehrten Ehrbegriff,
360 986 1721 1078 richtiger gesagt, die burschikose Ehrempfindelei zu geißeln.
362 1036 1053 1111 Ein Satyriker als Arzt der Seele.
486 1083 1345 1151 Der Inhalt der Novelle ist kurz folgender:
479 1146 1720 1211 Gustl ist ein „guter" Bursche, aber ein oberflächlicher, eitler
366 1197 1713 1251 Mensch, der nur auf Außerlichkeiten Gewicht legt und daher mehr
367 1246 1724 1305 der Officiers uniform als dem Officiersberufe anhängt,
363 1297 1714 1351 und mehr das Urtheil der Kameraden scheut, als achtet, und der
371 1343 1714 1403 tiefen Ehr= und Berufstreue entbehrt. Dieser Lientenant Gustl, der
368 1394 1719 1455 kurz vorher förmlich muthwillig einen ernsten Berufsmenschen,
360 1441 1721 1501 einen Militärarzt, zum Duell forderte, wird von einem Civilisten
363 1491 1717 1552 (Bäckermeister), den er übrigens zuerst angerempelt hat, insultiert,
376 1541 1715 1594 und versucht denselben daraufhin niederzusäbeln. Der Bäcker ist aber
366 1587 1711 1642 zufällig bedeutend stärker als der „Gustl“, und hält ihm die Hand
379 1613 1726 1696 so schraubenfest umklammert, dass er von seinem Säbel nicht Gebrauch
370 1693 1722 1743 machen kann. Als der Bäcker sich dann rasch entfernt, überkommt
369 1734 1719 1793 Gustl die ganze Schwere des Vorfalls: Jemand hat ihn insultiert,
360 1786 1721 1835 und er hat von seinem Seitengewehr nicht Gebrauch machen können.
369 1832 1715 1895 (Ein Vorkommnis, dass mutatis mutandis selbst einen ruhigen und
371 1878 1715 1936 vernünftig und ehrlich denkenden Officier passieren könnte.) Was
372 1930 1546 1984 nun? Gustl nimmt sich vor, von eigener Hand zu sterben!
484 1981 1717 2046 Die Schilderung der Gedankenreihen des zum Selbstmorde ent¬
372 2011 1719 2096 schlossenen Gustl ist, nebenbei gesagt, von einer sehr hohen, künstlerischen,
363 2088 1727 2138 hochinteressanten Zeichnung, wodurch das Werk einen bleibenden
374 2137 1718 2204 Wert behalten wird, und also weit über die Erzeugnisse der Tages¬
373 2180 1724 2232 literatur hinausgeht. Man lernt die Anschauungen und die Triebe
367 2235 1719 2302 eines Theiles unserer Jugend kennen, welche von Phrasen über Beruf
363 2281 1722 2333 und Ehre erfüllt ist, ohne Beruf und Ehre ernstlich zu kennen
372 2332 1721 2388 und zu lieben. Und auch die Ehre des Berufes ist ihnen nur inso¬
366 2376 1722 2434 ferne heilig, als niemand ihre Verletzung „kennt". Denn sobald
370 2432 1722 2491 Gustl hört, dass der Bäcker in der Nacht einem Schlagflusse erlegen
372 2475 1722 2523 ist, bevor er jemandem eine Mittheilung vom Vorkommnisse machen
367 2525 1718 2582 konnte, gibt er sofort den Selbstmordgedanken auf, und freut sich un¬
365 2577 1709 2623 bändig auf die Austragung seiner schon früher contrahierten „Ehren“¬
369 2621 1713 2686 Affaire mit jenem Militärarzt. (Also Gustl“ hat schon wieder „Ehre“.)
378 2669 1720 2732 Das Buch hat also einen ethischen Hintergrund, und würden
375 2724 1725 2777 wir uns freuen, wenn es unsere Jugend mit Aufmerksamkeit lesen
373 2768 1712 2826 und beherzigen würde, denn das Buch geißelt nichts anderes, als
366 2818 1720 2898 die Oberflächlichkeit der modernen Jugend, ihre „Ehrempfindelei“
365 2872 1379 2923 welche Ehre äußerlich schätzt, nicht aber diese selbst.
487 2918 1722 2992 Solche Charaktere wie Gustl finden sich in allen Ständen,
367 2982 1723 3043 und haben wir in der „Heeres=Zeitung“ erst vor kurzer Zeit die
366 3022 1722 3091 Titelsucht der studierenden Jugend der Technik gegeißelt, welche den
369 3069 1711 3134 Gipfel ihrer Berufswünsche in einem — Doctortitel verwirklicht sieht.
483 3115 1719 3193 Dass Dr. Schnitzler, trotzdem die Species „Gustl“ sich
361 3178 1707 3237 auch bei Studenten, bei jüngeren Advocaten und im Richternachwuchse 2c.
369 3232 1711 3296 zahlreich vorfindet, einen jungen Officier sich als Vorwurf wählte,
366 3276 745 3339 ist nicht damit zu
832 3273 1709 3339 en, dass die Species „Gustl“ im Nach¬
795 3298 834 3329 —
362 3330 1718 3389 wuchse des Officiercor besonders vorherrsche, das behauptet oder
361 3372 1706 3441 deutet Schnitzler nirgends an, sondern damit, dass sich das künstle¬
362 3421 1718 3493 rische Problem in der exponierten und Ehrpflicht streng heischenden
370 3468 1709 3528 Stellung eines Officiers schärfer darstellen lässt, und ebenso sich die
368 3524 1707 3582 nothwendigen Conflicte schärfer ausprägen lassen. (Und es sind also
368 3575 1710 3625 nicht die besten Freunde des Officierstandes, welche diese Novelle
371 3618 1711 3681 derwegen verfolgt wissen wollen, weil sie einen „Lieutenant“ geißelt.)
359 3665 1710 3736 Übrigens ist es das Recht des Schriftstellers, sich seine Modelle aus
366 3712 1705 3774 dem Leben zu holen. Würde nicht unser öffentliches Leben von der
363 3763 1719 3819 Verallgemeinerungsseuche beherrscht sein, es würde schwerlich jemandem
367 3810 1709 3871 beigefallen sein, „in Lientenant Gustl“ etwas anderes, als eine sehr
370 3866 1720 3932 gut gezeichnete Type einer gewissen Jünglingsart zu
375 3913 1715 3986 Enden, und am wenigsten eine Verunglimpfung des Officierstandes
1885 289 3114 369 Weiters erachten auch wir es für unrichtig, dass der Autor
1772 348 3104 417 eine publicistische Polemik gegen sein Werk mit dem Säbel beant¬
1764 407 3120 467 worten müsste. Die competente Abwehr ist hier nicht der Säbelhieb,
1772 459 2442 534 sondern der geistige Schwertstreich.
1879 522 3115 583 Und dass wir trotzdem nicht dazu gelangen, den ehrenräthlichen
1764 579 3115 632 Spruch als unrichtig zu bezeichnen? Weil wir die Acten nicht kennen,
1764 624 3111 682 und wir niemals ohne Grundlage urtheilen. Es kann zum Beispiel
1760 675 3111 734 ganz gut sein, dass bei der anscheinend bloß publicistischen Affaire eine
1764 725 3119 790 persönliche mitspiele, und dergleichen. Auch ist ein ehrenräthlicher
1770 774 3115 835 Spruch, ähnlich einem Geschwornenverdicte, schwer controlierbar, da
1761 823 2800 878 keine Entscheidungsgründ für ihn angegeben werden.
1881 876 3110 935 Sollte aber die Annahme der Tagesblätter richtig sein, was wir nur
1761 932 3110 989 zur nachfolgenden akademischen Erörterung supponieren, dass nämlich
1768 982 3109 1043 Dr. Schnitzler der Verletzung der Standesehre bloß deswegen schuldig
1768 1032 3115 1086 erkannt wurde, weil er die Novelle veröffentlichte und weil er auf
1759 1066 3121 1139 eine heftige schriftstellerische Polemik nicht mit der Herausforderung
1762 1123 3114 1178 zum Zweikampfe reagierte, so würde dieser Spruch ein neuerlicher
1764 1175 3113 1237 Beweis sein für die von uns schon lange propagierte Resormbedürf¬
1764 1221 3121 1273 tigkeit der Bestimmungen über das ehrenräthliche Verfahren, insbe¬
1765 1266 3119 1333 sondere durch Zulassung einer beruflichen Vertheidigung und der
1776 1310 3113 1379 Überprüfung der ehrenräthlichen Beschlüsse durch
1769 1368 3120 1434 eine Berufungsinstanz, wie sie das ehrenräthliche Verfahren
1776 1417 3119 1463 vom Jahre 1871 in der ehrenräthlichen Berufungscommission that¬
1788 1462 3125 1531 ächlich kannte. Diese Oberinstanz hätte sich wohl darauf zu
1770 1510 3121 1563 beschränken, zu beurtheilen, ob Nichtigkeiten oder schwere Verstöße
1765 1563 3112 1618 gegen das formelle Verfahren vorgekommen sind und ob erhebliche
1768 1614 3114 1675 Bedenken gegen die Richtigkeit der dem Beschlusse zu Grunde gelegten
1767 1652 3117 1723 Thatsachen bestehen (in Analogie der dem bürgerlichen Obersten Ge¬
1770 1706 3120 1772 richts= als Cassationshofe nach § 362, Abs. 3 St. P. O., auch gegen
1774 1755 3120 1821 Geschworenenverdicte zustehenden Befugnis.) Dabei sei bemerkt, dass es
1780 1806 3109 1862 onst keine Standesinstitution gibt, welche nicht eine Überprüfungs¬
1766 1853 3113 1915 instanz für Beschlüsse des standesehrenräthlichen Verfahrens hätte.
1767 1904 3109 1967 So steht zum Beispiel gegen die Beschlüsse des Disciplinargerichtes
1764 1946 3114 2017 der k. k. Richter, beziehungsweise k. k. Notare eine Berufung zu.
1767 1998 3047 2056 Und da könnte man doch glauben, dass Notate und Richter,
3041 2008 3112 2061 die
1763 2046 3043 2100 ex professo das Gesetz und die Verarbeitung der Thatsachen
3040 2063 3121 2123 zu
1773 2102 3116 2161 einem Urtheile oder ihre Subsumption unter die gesetzlichen Bestim¬
1767 2146 3109 2210 mungen oder gewisse Begriffe (Ehrbegriffe) genügend kennen, sich doch
1767 2195 3109 2256 weniger irren werden, als die darin doch gewiss nicht so sattelfesten
1764 2244 3114 2304 Officiere. Und siehe, Richter und Notare haben eine höchste Ehren¬
1776 2294 3117 2362 spruchinstanz und die Officiere nicht! Und da eine Berufungsinstanz
1778 2350 3107 2414 chon einmal für das officiersehrenräthliche Verfahren in Österreich
1771 2390 3115 2437 bestand, so können die Reformgegner nicht einmal die sonst nahe¬
1769 2436 3106 2495 liegende hohle Einwendung erheben, es entspräche nicht dem Begriffe
1760 2487 3121 2572 eines „kamaradschaftlichen“ Ehrenrathes, dass man dagegen „Beru¬
1770 2532 2046 2608 fung“ einlege.
1879 2577 3117 2662 Unsere Officiere werden von der überwältigenden Majorität
1766 2637 3112 2711 der Bevölkerung als ehrenhafte, berufstreue, ritterliche und
1767 2683 3111 2753 gebildete Männer anerkannt. Also selbst eine gewollte Persiflage
1762 2738 3114 2803 eines Officiers könnte berechtigterweise noch nicht die Auslegung
1766 2787 3103 2848 finden, als wäre damit das ganze Officiercorps gemeint oder auch
1767 2845 3113 2907 nur sein gesammter, junger Nachwuchs. Kein anständiger Mensch
1774 2887 3111 2957 hat zum Beispiel es unternommen, trotz der geradezu grauenerregenden
1760 2931 3112 2999 Verkommenheit einzelner, sogar höherstehender, französischen Officiere
1769 2991 3108 3043 anlässlich der Dreifuß=Affaire, verallgemeinernd das ganze fran¬
1762 3032 3117 3090 zösiche Officiercorps des Meineides und der Fälschung für fähig zu
1766 3083 3103 3137 halten. Man hat vielmehr nur gesagt, dass es zu bedauern sei, dass
1761 3131 3110 3197 die in einem jeden großen Standeskörper vorkommenden, elenden Crea¬
1767 3183 3111 3241 turen in Frankreich durch ein unglückliches Schicksal zu so hohen
1765 3226 3109 3297 Stellen gelangten, dass sie Schaden anrichten und nicht leicht amoviert
1882 3324 3108 3403 „Lieutenant Gustl“ ist nicht gegen das Officiercorps gemünzt,
1759 3394 3113 3452 aber auch nicht eine Verherrlichung der Officiersehrennothwehr, sondern
1756 3444 3108 3499 eine scharfe, aber gesunde Satyre auf jene seichten Ehren¬
1757 3490 3104 3558 und Duellmänner der Moderne, deren äußere Berufsehre des inneren
1768 3540 3105 3597 moralischen Horts entbehrt. Die Novelle ist gegen die Falsch¬
1761 3592 3103 3658 münzerei der Ehre gerichtet, welcher zum Beispiel Doctor
1761 3637 3105 3691 Weisl in seinem Vortrag über „Ehre und Ehrennothwehr“ ge¬
1763 3688 3116 3763 dachte, der er den Wahlspruch auf einem Schilde des königlichen
1763 3734 3116 3808 Schlosses in Wien entgegenstellte: „Mein Herz den Frauen, mein
1765 3782 2890 3865 Leben dem König, Gott meine Seele, die Ehre für mich.“
2959 3846 3038 3895 — 8—
1757 3926 1928 4011 24—
