3296 4000
1286 193 1708 291 box 1/10
272 202 1089 281 10. Leutnant Gust!
827 266 1127 318 —
1047 814 1282 901 verläs
360 980 578 1048 ebensowenig
632 965 1687 1051 ruht bereits nicht nur die wirtschaftliche, sondern auch
349 1029 566 1092 inserer Lehr¬
631 1029 1685 1084 die politische Macht in den Händen der Trustgewaltigen.
361 1075 574 1141 nethoden in
638 1085 1697 1135 Eins ergiebt sich ja immer aus dem andern. Sie machen
359 1129 577 1186 ere nieder¬
629 1128 1688 1177 die Wahlen, sie haben ihre Puppe Mac Kinley, der ein
355 1167 571 1230 Bau= und
630 1173 1688 1242 Meister ist im blinden Gehorsam, glatt gegen die Kandidaten
353 1224 575 1282 Licht bringt,
639 1230 1684 1281 der Farmer und der anderen unterjochten Kleinen durch¬
350 1274 564 1337 c uns ein¬
644 1275 1686 1327 gedrückt. Wie lange noch und auch uns zurückgebliebene
369 1316 567 1378 ch unendlich
640 1328 1689 1389 Mitteleuropäer wird das Schicksal der mit ihrer Freiheit so
360 1371 575 1437 kbar macht;
637 1376 1453 1430 urgewaltig renommierenden Yankees zu Teil?
373 1419 574 1484 Ziffer der
675 1424 1692 1487 Deshalb hat das Urteil des Gerichtshofes, der eine augen¬
355 1468 569 1525 ed, denn sie
641 1466 1682 1516 blicklich noch als ungesetzlich betrachtete kleine Erpressungs¬
367 1514 564 1576 Ehrenschilde
634 1518 1688 1576 Maßnahme der Ringmänner mit Gefängnis pönte, allgemein
366 1568 544 1630 venheimer.
634 1567 1695 1622 befriedigt, und deshalb gefällt es den wehrlosen Opfern der
647 1611 1684 1666 Syndikate nicht daß Gnade für Recht ergangen ist in einem
631 1660 1684 1721 Fall, wo die Rücksichtslosigkeit in der Auswucherung des
643 1713 1694 1779 Verbrauchers sich bis zu verbrecherischer Bedrohung steigerte.
634 1757 1690 1811 In zehn Jahren werden wir solche Urteile wie das Nürnberger
368 1748 581 1823 eilung der
639 1814 1697 1864 nicht mehr haben, und dann werden eifrige Direktoren
374 1812 569 1869 amens des
633 1854 1690 1913 auch keiner Begnadigung mehr bedürfen. Denn in zehn
381 1863 565 1927 n Händler,
642 1909 1691 1967 Jahren haben die Syndikatsleiter zuversichtlich die gesetz¬
386 1909 568 1967 its bezog,
638 1958 1686 2020 gebenden Körperschaften auch bei uns soweit in der Hand,
389 1957 579 2018 folgedessen
637 1999 1682 2055 daß sie so unbequeme und erwerbstörende Erpressungspara¬
375 2003 571 2063 lt worden.
631 2055 1583 2123 graphen aus dem Strafgesetzbuche ausmerzen können.
393 2056 575 2119 ignisstrafe
1338 2098 1664 2164 Richard Nordhausen.
384 2148 568 2211 n Luitpold
1134 2140 1206 2202 690
386 2197 572 2256 i der Ver¬
391 2244 574 2305 icht ehrlich
851 2227 1476 2315 An der heulenden Kurve.
395 2292 571 2349 Rechte der
638 2301 1691 2372 (Uas ist das, die heulende Kurve? Sie sehen mich erstannt
398 2339 569 2408 rZeit er¬
641 2371 1685 2427 an. Und mit Recht. Sie können nicht wissen, daß ein
393 2392 573 2450 so waren
645 2413 1683 2467 spekulativer Gastwirt sein Restaurant „An der heulenden
393 2434 566 2501 U ein all¬
630 2467 1683 2514 Kurve“ betitelt hat. In regelmäßigen Zwischenräumen biegen
392 2484 563 2544 inkönnen.
637 2517 1681 2569 nämlich hier die elektrischen Wagen der „Großen Berliner“
425 2539 569 2595 Gnaden¬
634 2565 1687 2626 um die Ecke und erzeugen ein ohrenzerreißendes Geräusch,
414 2584 570 2641 halb der
636 2621 1695 2665 ein lebendiger Beweis für die Fortschritte der modernen
414 2629 571 2697 riedigung
630 2661 1694 2711 Technik, die ich regelmäßig studiere, wenn ich auf den Wagen
635 2708 1694 2761 meiner Linie bei einem Glase Bier warte. „Aussicht auf
420 2730 574 2791 dagegen
634 2754 1695 2811 Besserung ist wohl nicht vorhanden?“ frage ich den Wirt.
413 2780 499 2839 dlich.
633 2798 1690 2851 Er zuckt die Achseln: „Ich habe schon öfter Beschwerde ge¬
410 2830 569 2888 olkswirt¬
637 2859 1685 2912 führt, aber da ich keinen Stadtrat ... Hier begann die
412 2873 568 2941 Syndikate
640 2903 1502 2963 Kurve zu heulen und erstickte jedes Zwiegespräch.
409 2928 565 2983 n konnte,
429 2971 577 3035 künchner
680 2992 1694 3058 „Na, der „Woche“ haben sie es in der Schweiz ordentlich
432 3018 570 3077 in, daß
644 3054 1692 3124 gegeben,“ sagte ein Kollege schmunzelnd zu mir, der auch
431 3072 573 3124 oduktion
644 3099 1099 3167 auf seinen Wagen wartete.
429 3115 582 3174 Ewigkeit
670 3143 1688 3216 „Jeder Leser hat das Recht, gegen das Blatt zu de¬
440 3164 573 3225 Trutz,
644 3213 1694 3258 monstrieren, durch das er sich verletzt glaubt. Nur sollten
433 3216 571 3269 t; vom
642 3249 1683 3308 sich die Kollegen, die sich im Interesse ihrer Verleger darüber
432 3262 574 3320 ündernd
634 3294 1694 3355 freuen, einmal fragen, ob es klug ist, seine Freude so un¬
640 3343 1009 3411 verhohlen zu zeigen.“
437 3360 570 3418 auf die
682 3374 1685 3461 „Ach was! Die „Woche“ ist ja ein völlig farbloses Blatt,
432 3408 573 3465 beinahe
638 3440 1379 3511 das noch nie eine Meinung vertreten hat.“
499 3454 570 3518 Das
683 3501 1687 3553 „Ich dachte, gerade weil sie es gethan hat, ist der Ent¬
444 3509 567 3562 zenten¬
644 3536 1428 3603 rüstungsrummel gegen sie insceniert worden.
451 3554 577 3614 cherlich
675 3583 1691 3646 Hierksetzte die Kurve mit wohlthätigem Geheul ein und
455 3604 571 3657 etenen
637 3640 1310 3707 überbob meinen Kollegen der Antwort.
445 3647 575 3713 ndikats
478 3749 571 3797 wo¬
632 3723 1694 3797 Schnitzler hat auf eine persönlich zugespitzte Kritik der
476 3790 568 3848 Dort
623 3793 1688 3849 Meichswehr“ nicht reagiert,“ hörte ich an einem Nebentisch
456 3843 618 3949 muiten
641 3876 1690 3925 Kenntnis der geschichtlichen Thatsachen bei Günther alle
647 3920 1695 3983 zerkennung, sondern auch sein Streben, sie übersicht¬
2581 824 2767 899 Seite 3.
1760 969 2804 1037 einen jungen Herrn sagen. Er sprach in überlegenem Tone
1761 1037 2814 1107 und seine à la Haby himmelwärts gerichteten Bartspitzen
1755 1082 2241 1146 gaben ihm das Recht dazu.
1787 1126 2815 1187 „Wie hoch taxieren Sie den Pulververbrauch, wenn jeder
1755 1178 2815 1228 Schriftsteller auf abfällige Urteile über seine Werke mit der
1760 1228 2814 1302 Pistoie antworten muß?“ fragte ein älterer Mann den An¬
1763 1258 2271 1331 hänger der Schnur#kartbinde.
1796 1325 2135 1385 „Wie hoch? Aeh —
1792 1361 2799 1437 „Ja. Ich halte Duelle aus einem derartigen Anlaß für
1763 1437 2802 1487 groben Unfug. Uebrigens, wenn sich jemand durch Schnitzler
1763 1476 2803 1529 bereits getroffen fühlt, warum soll dieser dann noch
1766 1517 1925 1585 chließen!“
1795 1556 2762 1643 Die Kurve war unhöflich genug, hier nicht einzusetzen.
1793 1674 2805 1743 „Ist der Konsistorialrat Reicke eigentlich versetzt ober nicht?“
1789 1732 2808 1806 „Ich weiß es nicht. Jedenfalls geben seine Vorgésetzten
1791 1820 1937 1885 „Wieso?
1796 1876 2543 1931 „Sonst hätte man ihn doch nicht versetzt.“
1794 1931 2806 1999 Durch das Geheul der Kurve war ein An deutlich zu ver¬
1753 1976 1887 2041 nehmen
1804 2054 2809 2135 „Die neuen Heringe sind da, schmeißt das Ausland raus!“
1762 2118 2812 2174 Mit diesem Ausruf soll eines Tages die frühere Besitzerin
1753 2168 2807 2221 der „Kölnischen Zeitung“ den Setzersaal betreten haben, um
1752 2212 2801 2276 Raum für die Inserate zu schaffen, worin das Eintreffen der
1752 2260 2801 2316 nützlichen Salzfische angekündigt wurde. Leider ist es über
1753 2313 2813 2366 diesen Ausruf zu keinem Prozeß gekommen und kein Gericht
1753 2359 2807 2427 hat festgestellt, ob er wirklich gefallen ist und ob das Rhei¬
1759 2413 2809 2463 nische Blatt wirklich in seinem Auslandsteil einmal von
1754 2449 2800 2506 den Flossenträgern abgehangen hat, deren Zukunft im Wasser
1751 2503 2796 2564 liegt. So wuchert denn die Legende weiter, und die Gerichts¬
1751 2555 2799 2607 verhandlung um die „goldene Hand“ ist auch so verlaufen,
1750 2607 2807 2654 daß niemand weiß, ob der von dem Korrespondenten Gehl
1750 2653 2804 2712 versorgte Auslandsteil, ohne daß die Redaktion eine Ahnung
1759 2704 2806 2758 davon hatte, durch die Gelder der De Beers Compagnie
1762 2747 2797 2791 seine Richtung erhalten hat. Hoffentlich erhält das Publikum
1754 2800 2794 2851 im Fortgange des Prozesses darüber kndige Aufklärung,
1755 2848 2800 2901 sonst setzen sich am Ende wunderliche Vorstellungen über
1760 2891 2801 2949 die Haltung der Zeitung fest und verdichten sich zu dem
1784 2982 2312 3064 Und wieder heulte die Kurve.
1787 3088 2815 3165 Das Geräusch war wirklich unerträglich, und ich hätte
1762 3154 2798 3211 gewiß keine Silbe von dem verstanden, was am Nachbar¬
1763 3194 2801 3256 tische geraunt und gewispert wurde, wenn nicht der eine
1766 3251 2373 3308 Partner schwerhörig gewesen wäre.
1784 3300 2802 3350 „Ich mache es auch so!“ schrie er, „bevor ich auf die Reise
1760 3348 2340 3413 gehe, kündige ich meinem Diener.
1799 3393 2555 3448 „Pst, pst! Ich meinte ja nicht Ihre Reise.“
1785 3444 2814 3509 „Ich fahre aber bestimmt nach dem Nordkap!“ rief der
1752 3490 2001 3554 Schwerhörige.
1792 3534 2811 3606 „Es ist ja von Ihrem Diener gar nicht die Rede, ich
1760 3585 2220 3639 meinte den Minister ....
1790 3624 2814 3699 Die verwünschte Kurve! Welchen Namen mochte er nur
2569 3689 2776 3750 Paul Roland.
1756 3686 2025 3747 genannt haben.
2254 3731 2293 3793 35
1754 3880 2801 3926 Fingerzeige liefern, um selbständig das Einzelne weiter zu
1756 3920 2802 3973 verfolgen. Die Litteraturangaben am Schlusse der Haupt¬
