3296 4128
833 166 1058 238 Gustl
1251 164 1650 248 box 1/11
235 173 792 246 10. Leutnant
832 226 1078 271 „
394 231 777 287 „0
683 838 1358 940 Das Kleine Journal, Berlin
1106 1257 1366 1348 22 12.03
676 1290 1369 1466 Cheater und Runst.
728 1459 1276 1533 Arthur Schnitzler=Abend.
515 1511 1555 1569 In dem gestern durch den „Verein zur Förderung der Kung¬
429 1557 1554 1618 im Rathaussaale veranstalteten Arthur Schnitzler=Abendtmt
434 1605 1549 1656 Josef Giampictro, das beliebte Mitglied des Kleinen und
427 1654 1552 1710 Neuen Theaters, ##. Vorleser auf. Der treffliche Künstler brache
430 1696 1558 1762 eine längere Studie „Lentnant Gustl“ von Schnitzhr
432 1736 992 1799 zum Vortrag, in welcher
999 1741 1545 1800 er alle Vorzüge seicr
442 1776 569 1832 scharfen
578 1787 1514 1843 und treffenden Charakterisierungs=Kunst
441 1825 1550 1877 hellste Licht zu setzen wußte. Leutnant Gustl muß der A#¬
437 1870 1555 1927 führung eines Oratoriums beiwohnen, weil ihm ein Kamernd
432 1909 1544 1972 ein Billet dazu geschenkt hat. In fein humoristischer Weise
433 1954 1548 2019 schildert Schnitzler den Gedankengang des Offiziers, der sich im
428 1999 1553 2050 Geiste mit tausend anderen Sachen befaßt, da er sich in der
432 2041 1552 2107 Aufführung herzlich langweilt. Wie alle Aufführungen, so nimmt
432 2087 1546 2152 auch diese ihr Ende, da passiert dem Leutnant das Malheur, in der
424 2133 1543 2189 Garderobe einen Streit mit einem Zivilisten zu bekommen. Der
425 2170 1554 2228 Zwischenfall geht allerdings vorüber, ohne daß jemand von dem
428 2217 1546 2275 Konflikt Notiz genommen hat, der Leutnant ist indessen beschimpft
419 2263 1550 2317 worden, ohne den Schimpf gleich blutig rächen zu können und
425 2302 1540 2373 steht nun vor dem Selbstmord, da er fürchtet, der
417 2352 1545 2408 Zivilist würde über den Vorfall nicht reinen Mund halten.
419 2391 1540 2457 Die Gedanken des Offiziers jagen sich nun sprungweise in tollster
416 2432 1551 2495 Folge. Der Ernst der Situation, der ihn zu allen möglichen
429 2480 1550 2524 letzten Bestimmungen treibt, gleichgiltige und zwecklose Er¬
420 2518 1551 2577 örterungen, humoristische Reflexionen, wehmütige Erinnerung an
425 2560 1547 2630 seine Angehörigen, all diese Empfindungen kommen in scharf
425 2608 1543 2671 beobachteter Form im Monolog des Leutnants zum Ausdruck.
419 2646 1545 2713 Und dieser tausend wechselnden Empfindungen schmiegte sich
426 2696 1546 2761 Giampietro's Vortrag in gerabezu vollendeter Weise an. Es
415 2736 1535 2806 war bedauerlich, daß der längere Zeit in Anspruch nehmende
420 2783 1539 2849 Vortrag an den Schluß der Veranstaltung gelegt worden
424 2824 1536 2892 war, ein großer Teil der Zuhörer mußte der vorgerückten Stunde
421 2865 1540 2932 wegen den Saal vor Schluß verlassen. Dr. Ludwig Bauer
418 2911 1541 2982 aus Wien eröffnete den Abend mit einem längeren Vortrag
417 2953 1532 3019 über Schnitzlers dichterischen Werdegang. Dr. Gustav Manz
419 2998 1537 3065 brachte einige Gedichte Schnitzlers und im Verein mit Friederike
418 3043 1546 3105 Stritt aus Dresden einige Szenen aus des Dichters, wie
413 3083 1538 3150 Dr. Bauer ausführte, reifsten Werk „Der Schleier der Bea¬
416 3128 1218 3195 trice“ in ausgezeichneter Weise zur Vorlesung.
1369 3134 1573 3211 A. M.
1653 2017 1699 2061 n
1646 2134 1698 2201 u.
1627 2264 1681 2331 er¬
1612 2315 1680 2383 i
1620 2459 1689 2516 sar
1601 2639 1690 2706 uro¬
1602 2692 1681 2752 ssar
1601 2735 1683 2783 inal
1588 2778 1682 2847 gicht
1576 2950 1691 3024 inar¬
1628 3009 1688 3059 —
2306 1075 2846 1149 Pre.. Pesten die argrnschingte
1713 1117 2841 1191 Summe (70000 Gulden) sicher übersteigen werden, auch auf reich¬
1706 1169 2838 1219 liche Privatbeiträge gerechnet. Da am 15. Juli 1906 das drei¬
1724 1211 2839 1266 h#ed#jöhrige Jubiläum von Rembrandts Geburt gefeiert werden
1727 1268 2849 1305 ##, wird Sorge dafür getragen werden müssen, daß die „Nacht¬
1726 1294 2855 1347 ##iche an diesem=Tage in dem ausschließlich für sie zu erbauenden
1706 1331 2231 1394 Enal unter gebracht sein kann.
1715 1379 1847 1417 DL-AHRTTNTTAAMN
2073 1423 2503 1501 Theater und Musik.
1843 1490 2854 1546 Rathaussaale sprach gestern Dr. Ludwig Bauer (der
1745 1536 2848 1582 Fener Gast des Vereins zur Förderung der Kunst) vor ansehn¬
1685 1571 2849 1615 F#chm Publikum über den Dichter Arthur Schnitzler, den der
1727 1610 1841 1659 Lebner
1973 1613 2855 1665 wohl in Übereinstimmung mit den Berliner
1911 1617 1973 1655 —
1716 1643 2854 1700 Literaturfreunden — für den ernstesten und wirksamsten Ver¬
1709 1693 2847 1739 leter der neuen Wiener Literaturbewegung hält. Der
1716 1731 2850 1772 Vortrag bildete eine dankenswerte Ergänzung zu den mehr
1721 1761 2847 1818 #gemein gehaltenen Ausführungen über Jung =Wien, die
1722 1806 2848 1853 Dr. Bauer jüngst geboten hat. Eine individuell erfaßte lebendige
1717 1843 2836 1893 Gestalt sagt uns mehr als ein leicht hingeworfener verschwimmen¬
1721 1871 2842 1926 der Ge altenzug. Von dem Hintergrunde der politisch=kulturellen
1723 1925 2841 1972 Verhäunisse Österreichs, an dem allerdings hie und da ein Strich
1730 1962 2842 2005 u robust geriet, hob sich in dem gestrigen Vortrage das Bild
1725 1997 2841 2049 Schnitzlers in festen Umrissen und mit bestimmtem Ausdrucke ab.
1722 2036 2845 2084 Der Redner erledigte zunächst den Anteil des Milieus an der Ent¬
1728 2081 2844 2127 wickelung des Dichters um die Natur ohne Beimischun, den
1730 2104 2843 2167 Fremden und die im gesamten Wienertum mitwirkenden Elemente
1712 2156 2841 2196 herauszugestalten. Er zeigte wie der dichterische Charakter in dem
1731 2191 2832 2237 ich die Neigung zu leichtem anmutigem Spiele mit Nachdenklich
1715 2231 2842 2275 keit und Forschertrieb vermischt, sich halb unbewußt von „literari¬
1728 2264 2851 2319 schen Walzern“ zu ernsten Gestaltungen erhob. So sehr sich die
1717 2310 2851 2356 Begabung vertiefte, blieb sie in einer gewissen Enge: das Ideal des
2656 2345 2850 2402 ichter bis
1719 2344 2545 2389 kraftvollen Mannes mit großen Zielen ist
1711 2384 2842 2427 heute nicht aufgegangen. Aber erst in der Varation des Ver¬
1714 2422 2849 2467 hältnisses der Liebe zum Leben, denn in der Dichtung, die von
1715 2465 2837 2513 der Beziehung der Liebe zum Tode handelt, hat er Wesentliches
1727 2502 2842 2552 ind Eigenartiges hervorgebracht, das Echteste in seinem Drama:
1734 2539 2845 2585 Der Schleier der Beatrice", das in seiner dichterischen Schön¬
1727 2582 2842 2625 heit noch nicht voll erkannt ist. An diese interessanten Aus¬
1720 2611 2849 2664 führungen schloß sich eine Reihe von Vorträgen aus Schnitzlers
1725 2656 2841 2705 Werken. Dem Reserenten, der dem zweiten Teil des Abends
1729 2701 2850 2748 icht beiwohnte, wird mitgeteilt, daß Herr Giampietro mit dem
1725 2734 2843 2778 Vortrag der Novelle „Leutnant Gustl“, die durch ihre feine
1722 2775 2840 2821 Kunstform, ihre Kulturfarbe und ihr Schicksal weithin bekannt ge¬
1721 2810 2508 2873 worden, den stärksten Eindruck machte. A. K.
1752 2874 2798 2944 — Im königl. Opernhause wird morgen, Mittwoch, „Mang#
1712 2929 2759 2972 Oper in vier Akten und sechs Bildern von Massenet mit
1716 2963 2857 3027 Farrar in der Titelrolle wiederholt. Die Damen D#trcch.
1711 2998 2009 3062 Mathant. 0
