3248 4096
215 149 1044 244 10. Leutnant Gust
1228 161 1647 255 box 1/12
394 193 1071 263 aene e en Ker de n. un e en ten e 1
1152 834 2006 949 Schnitzler and the Military Censorshiß
2206 864 2309 937 242
961 938 2299 1034 Sie werden aufgefordert zu dieser Schlußversammlung umso
861 1024 2298 1081 gewisser persönlich zu erscheinen, oder einen geeigneten Ver¬
861 1069 2295 1144 teidiger zu entsenden, als sonst die Schlußverhandlung und
867 1124 2291 1181 Beschlußfassung bloß auf Grund der Untersuchungsakten vorge¬
863 1175 2302 1242 nommen werden würde. Beigefügt wird, daß es Ihnen gestattet
865 1231 2295 1290 wird in Begleitung Ihres Verteidigers zu erscheinen und daß eine
859 1285 2304 1356 etwaige Verteidigungsschrift in jedem Falle entgegen genommen
861 1323 1873 1387 und im Ehrenrate vorgelesen werden wird.
858 1380 1431 1439 Adjustierung: en parade.
937 1454 2300 1522 Once more, under date of April 2sth, Schnitzler declined to
866 1506 1054 1580 appear:
972 1565 2301 1654 Mit Bezug auf die an mich gerichtete Aufforderung zur
861 1640 2281 1699 Schlußverhandlung in der meine Novelle Leutnant Gustl'
869 1692 2295 1741 betreffenden ehrenrätlichen Untersuchung persönlich zu er¬
868 1742 2292 1803 scheinen oder einen geeigneten Verteidiger zu entsenden, habe
872 1791 2291 1855 ich nur wiederholt zu bemerken, daß mir nicht bewußt ist,
867 1840 2295 1905 inwiefern obgenannte Novelle als eine jener Unterlassungen
868 1898 2291 1957 oder Handlungen gedeutet werden könnte, die einer ehren¬
870 1950 2294 2016 rätlichen Behandlung zu unterwerfen sind, und daß daher für
866 2007 2302 2064 mich auch heute, wie im Verlauf des ganzen Verfahrens, kein
871 2049 2300 2102 Anlaß zu irgend einer Außerung zu dieser Angelegenheit vor¬
863 2100 1006 2170 liegt.“
946 2145 2301 2242 For a long time Schnitzler heard nothing at all as to the
868 2235 2307 2313 outcome of this final meeting. On June ist, while taking his
872 2290 2302 2357 breakfast in a café in Salzburg, he picked up the Neue Preie
862 2357 2306 2441 Presse. Astonished to see the leading article featuring his
864 2419 2298 2493 name, he learned that he had been deprived of his commission.
867 2471 2311 2533 It was not until several weeks later that the following letter
871 2529 2182 2597 from the Kommando was forwarded to him in Innsbruck:
880 2588 1887 2665 Seiner Hochw. Herrn Dr. Arthur Schnitzler
1742 2652 2227 2721 Wien am 14. Juni ’or
947 2693 2311 2767 Das k.k. Landwehroberkommando in Wien hat Sie mit dem
868 2763 2305 2820 Erlasse vom 1. Juni l. J. Präs. 646 auf Grund des vom hiesigen
875 2812 2300 2873 Ehrenrate am 26.4.1001 gefaßten Beschlusses, mit welchem Sie
867 2870 2296 2925 der Verletzung der Standesehre für schuldig erkannt wurden,
876 2916 2303 2968 Sie gemäß dem § zo und 33 der Vorschrift für das ehrenrätliche
879 2966 2298 3036 Verfahren in der k.u.k. Landwehr Ihres Offizierscharakters für
877 3017 2291 3076 verlustig erklärt. Hiervon werden Sie unter gleichzeitiger Aus¬
875 3058 2303 3125 felgung der beglaubigten Abschrift des Ehrenratsbeschlusses,
871 3118 2301 3180 dessen Empfang zu bestätigen ist, verständigt. Ihre Offiziers¬
877 3165 2292 3221 ernennungsdekrete sind gleichfalls mit der erwähnten Empfangs¬
867 3213 1588 3278 bestätigung anher einzusenden.
