3276 4037
1301 146 1649 235 box 1/9
277 146 1109 232 10. Leutnant Gustl
679 205 1125 271 . erene e e e ense eterertet.
366 574 1490 667 einmal ein weltbewegendes Genie käme, das zu seiner
369 636 1500 714 Entwicklung auch der Freiheit bedürfte, gegen Officiers¬
364 691 1498 760 corps und Armee loszuwettern, dann brauchte dieses
358 729 1484 801 Genie nur darauf zu verzichten, die Ehrenzeichen des
363 780 1492 851 Officiers zu tragen, es brauchte sich nur mit dem Grade
361 825 1500 882 eines Reserve=Infanteristen oder Sanitätssoldaten zu be¬
359 868 1504 948 scheiden und es könnte sich ruhig entfalten ins Blitzblaue
360 917 1493 992 hinein. Insbesondere Herr Arthur Schnitzler hätte es so
363 961 1492 1036 leicht gehabt. Er hätte nur unterlassen müssen, so hohen
356 1004 1489 1084 Werth auf den Beibehalt des Officierscharakters zu legen,
360 1047 1493 1127 daß er selbst nach vollstreckter Landwehr=Dienstpflicht
355 1095 1502 1173 freiwillig in der Evidenz der Landwehr blieb, und kein
350 1152 1476 1222 Officiers=Ehrenrath der Armee hätte ihm wegen seines
363 1200 1350 1259 „Lieutengnt Gustl“ etwas anhaben können.
1344 1206 1485 1266 Herr
354 1241 1482 1311 Schnitzler hätte schon vor fünf Jahren in durchaus
353 1283 1477 1361 normaler Weise aus der Machtsphäre des Militarismus
352 1331 1474 1404 gelangen, er hätte schon vor fünf Jahren als porte=épée¬
349 1374 1478 1444 loser Staatsbürger seinen „Lieutenant Gustl“ schreiben
347 1430 1472 1499 und ihn seither avanciren lassen können, außertourlich
350 1459 872 1534 bis zum „Oberst Gustl“.
914 1477 1494 1543 Warum hat er seinem
349 1512 1480 1588 dichterischen Genius so lange Zwang angethan? Warum
342 1552 1487 1633 mußte er so viele Jahre lang Landwehr=Oberarzt in der
353 1602 1492 1674 Evidenz bleiben, trotzdem ihn kein Mensch dazu zwingen
346 1647 1501 1727 konnte? Weil sich der Federhul und der Offieiersfäbel¬
339 1689 1475 1762 mitunter doch ganz hübsch machen? Ja, dann ist aber
338 1742 1481 1806 eine Annehmlichkeit wol auch einer Rücksicht werth. Wer
347 1792 1478 1847 als Officier prunken möchte, muß sich auch als Officier
340 1826 1475 1903 fühlen und wer das nicht kann oder nicht will, dem
273 1880 1221 1939 i# nimmt man mit vollem Recht den Säbel ab.
267 1929 315 1979 el
427 1927 1469 1996 Nein, der Fall Schnitzler ist durchaus nicht geeignei,
274 1974 1480 2036 je eine „große politische Frage“ aufzurollen, wie es die
270 2029 1479 2083 u „Neue Freie Presse“ so gerne sähe. Der Fall Schnitzler
271 2071 1480 2137 i ist nichts als das typische Beispiel einer Carambolage
265 2117 317 2164 1
340 2109 1469 2182 kleinlicher literarischer und persönlicher Eitelkeit. Der
335 2153 1463 2222 Schriftsteller Dr. Arthur Schnitzler gefiel sich außer¬
275 2198 1468 2267 st ordentlich mit Sturmhut und Schleppfäbel und der
277 2256 1467 2310 ie Oberarzt in der Evidenz der Landwehr Dr. Arthur
269 2295 339 2353 s
336 2294 1462 2362 Schnitzler gefiel sich nicht minder gut im Rüstzeug des
267 2340 319 2404 1
338 2335 1458 2399 liberalen Kämpen, der den Officiersehrbegriff auf
271 2394 310 2450 d
330 2383 1464 2448 seine Stahlfeder spießt. Und das ist um eine Eitelkeit
326 2434 1462 2504 zu viel, um die Eitelkeit des Schleppsäbels und Sturm¬
332 2480 1353 2546 hutes. Die hat der Officiers=Ehrenrath amputirt.
766 2572 1025 2677 Inland.
413 2636 1457 2731 Wien, 21. Juni. (Nach der Kaiserreise.) Der
277 2720 1460 2771 1 „P. Lloyd“ erörtert in einer Wiener und in einer Prager
329 2765 1463 2828 Correspondenz die Eindrücke der Kaiserreise nach Böhmen
327 2808 1465 2875 in politischem Belange. In dem Wiener Briefe wird be¬
322 2858 1465 2919 merkt: Es sei zweifellos ein politischer Erfolg der Kaiser¬
323 2898 1459 2970 reise zu verzeichnen. Vor Allem darum, weil bei dem Völker¬
306 2943 1456 3021 conglomerat, aus dem Oesterreich besiehe, der Kaiser das
317 2989 1460 3063 einigende Band repräsentire, das alle Länder und Stämme
316 3047 1462 3101 umschlinge und zu einem Staatsgebilde zusammenhalte. In
321 3089 1462 3157 Gemeinschaft mit den Loyalitätsversicherungen haben auch
314 3132 1451 3195 bemerkenswerthe Kundgebungen des österreichischen Patriotis¬
315 3177 1448 3253 mus stattgefunden, deren politischer Werth und politische
319 3224 1451 3298 Bedeutsamkeit angesichts der Vorgänge in den letzten Jahren
322 3280 1447 3350 nicht zu unterschätzen sei. Die friedlichen Elemente unter
323 3323 1459 3393 den Czechen und unter den Deutschen haben Oberwasser be¬
319 3372 1449 3439 kommen, und der objective Beurtheiler der Dinge habe den
321 3421 1458 3487 Eindruck, daß diese Disposition der Geister, wenn sie energisch
320 3466 1445 3528 ausgenützt werde, dazu führen könnte, dem weiteren Umsich¬
320 3511 1449 3563 greifen des nationalen Radicalismus in beiden Lagern Ein¬
313 3556 1448 3622 halt zu thun. Zusammenfassend könne man sagen: Neben der
315 3610 1453 3672 neuerlichen Bekräftigung der Verehrung und Anhänglichkeit
305 3659 1455 3708 für die Person des Monarchen habe dessen Reise nach Böhmen
306 3701 1452 3761 auch das staatliche Empfinden der Bevölkerung gestärkt und
321 3741 1449 3825 die friedlichen Dispositionen der besonnenen Elemente in
314 3785 764 3856 beiden Lagern gefestigt.
404 3830 1441 3904 „n den Meager aus #aochischer Huelle herrührenhen
2239 798 2592 872 Telefon 12801.
1770 903 3053 984 Alex. Weigl’s Unternehmen für Zeitungs-Ausschnitte
2773 967 2916 1022 Ausschnltt
2116 986 2669 1118 „OBSERVER
2808 1009 3048 1119 Nr. 13
1712 1111 3118 1175 I. österr. behördl. conc. Bureau für Zeitungsberichte u. Personalnachrichten
1886 1174 2947 1253 Wien, IX, Türkenstrasse 17.
1956 1253 2741 1344 — Filiale in Budapest: „Figyelö“-
1802 1248 1887 1347 3
1713 1344 3118 1414 Vertretungen in Berlin, Chicago, Genf, London, Newyork, Paris, Rom, Stockholm.
1717 1455 2201 1532 Ausschnitt aus:
2427 1526 2929 1643 dr.echiee. Carresnende
1700 1593 1959 1689 vom47
1923 1858 2878 1949 Theater, Kunst und Literatur.
1916 1928 2922 2002 (Arthur Schnitzler gemaßregelt.) Der mili¬
1893 1976 2921 2047 tärische Ehrenrath hat dem Schriftsteller Dr. Arthur
1894 2026 2905 2101 Schnitzler wegen seiner Novelle „Lieutenant Gustl“
1894 2074 2922 2135 den Officierscharacter abgesprochen. Es
1891 2120 2922 2183 ist gewiß, daß unsere Armee vor allen sie herab¬
1875 2166 2918 2243 setzenden Angriffen geschützt werden soll und muß.
1870 2248 2937 2336 Aber die Disciplinirung eines Dichters wegen einer
1864 2310 2909 2382 von ihm geschaffenen unsympathischen Figur, die
1865 2370 2908 2430 zufällig dem Soldatenstande angehört, ist eine be¬
1754 2418 3074 2489 Für 5 dauerliche Maßregel, die den Interessen des Militärs finclusive
1770 2469 1822 2518 „
1826 2457 3052 2512 10ebenso wenig dienlich sein kann, wie denen der Literatur.] Porto.
1822 2498 2741 2567 20ArEi
1761 2499 1813 2555 „
2909 2509 3062 2559 Zahlbar
2679 2516 2862 2588 110.—
2295 2542 2345 2582 1
2880 2548 3078 2607 im Voraus
2730 2569 2820 2622 200.—
1769 2566 1907 2627 „ 1000
2634 2562 2686 2613 8
2521 2551 2569 2632 3
2416 2564 2522 2638 9.—
2301 2578 2349 2633 „
1845 2614 3106 2671 Im Gegensatze zu anderen Bureaux für Zeitungsausschnitte ist das
1717 2666 3115 2720 Abonnement durch eine bestimmte Zeitdauer begrenzt; — auch steht es den
1727 2702 2958 2770 Abonnenten frei die aufgegebenen Themen zu ergänzen oder zupändern.
1831 2777 3114 2841 Der „OBSERVER“ veranstaltet täglich einen Auszug enthaltend die
1726 2825 3106 2872 Inhaltsangabe aller wichtigen Mittheilungen der Wiener Morgen¬
1718 2868 3110 2909 blätter (Tagesjournale ausser „Neue Freie Presse“ und „Wiener Zeitung“)
1733 2904 3113 2953 wodurch eine Uebersicht über das gesammte politische und wirthschaftliche Leben
1730 2946 3120 2990 des In- und Auslandes in drastischer Kürze geboten wird. Diese Mittheilungen
1730 2988 2491 3047 werden in Wien um 9 Uhr Früh verschickt.
2022 3059 2821 3142 Prospecte gratis und franco.
