3248 4128
1254 172 1662 267 box 1/10
242 181 1077 279 10. Leutnant Gustl
444 242 1092 302 250
829 700 1196 759 Telefon 12801.
366 791 1655 895 Alex. Weigl’s Unternehmen für Zeitungs-Ausschnitte
1375 857 1527 915 Ausschult!
310 889 575 1009 105
1394 865 1659 1007 Nr. 18
704 881 1338 1014 „OBSERVER“
303 999 1662 1082 I. österr. behördl. conc. Bureau für Zeitungsberichte u. Personalnachriel.
489 1080 1555 1168 Wien, IX/1. Türkenstrasse 17.
683 1155 1366 1251 - Filiale in Budapest: „Figyelö“ —
308 1234 1639 1312 Vertretungen in Berlin, Chicago, Genf, London, Newyork, Paris, Rom, Stock
318 1362 801 1448 Ausschnitt aus:
898 1379 1616 1521 Das Literarische Scho, Berhin
326 1521 479 1581 vom
570 1529 864 1616 a. s1 190
610 1826 1503 1897 Ein paar Vorkommnisse von der Art, die das
525 1884 1496 1935 Reporterdeutsch mit dem Eigenschaftswort „sensationell“
525 1925 1491 1982 zu schmücken liebt, haben auch in der Presse ihr Echo ge¬
536 1955 1500 2011 funden. Das eine war die Versetzung des berliner
529 2001 1498 2054 Konsistorialrats Georg Reicke nach Königsberg, die all¬
536 2042 1497 2098 gemein als eine Maßregelung für Reickes Zugehörig¬
529 2077 1495 2129 keit zum Vorstand des Goethebundes und vielleicht auch
532 2122 1505 2171 für seine litterarische Thätigkeit — er ist mit einigen
531 2167 1506 2208 Dramen und kürzlicht mit einem Band Lyrik hervor¬
736 2193 1502 2243 aufgefaßt wurde. Eine Art Seitenstück war
670 2204 739 2242 —
532 2205 674 2255 getreten
527 2238 1494 2290 der Fall Arthur Schnitzlers in Wien (s. unter „Nach¬
529 2274 1500 2325 richten“), den das militärische Ehrengericht wegen seiner
534 2319 1497 2363 Novelle „Leutnant Gustl“ des Offizierscharakters ver¬
439 2331 517 2385 50
363 2327 450 2398 Für
538 2357 1483 2415 lustig erklärte. Prof. Alfred Klaar, der in der „Voss. Ztg.
387 2395 422 2435 „
530 2392 1504 2446 beide Vorfälle erörtert, bemerkt zu dem zweiten u. a.:
460 2411 520 2455 200
530 2435 1502 2482 „In dem Falle Arthur Schnitzler tritt der innere
446 2449 516 2496 500
380 2429 444 2513 7
537 2473 1503 2524 Widerspruch derartiger Maßregelungen besonders kraß
388 2490 525 2556 „ 1000
536 2517 1488 2567 zu Tage. Das Heer ist seit der Einführung der allge
541 2543 1502 2598 meinen Wehrpflicht in Deutschland und in Oesterreich das
345 2577 532 2634 Abonneme
546 2590 1498 2640 Volk in Waffen; es schließt prinzipiell die ganze wehr¬
346 2625 528 2685 Abonnente
545 2625 1456 2682 ähige Bevölkt ung in sich, und das tritt ja auch
1440 2668 1509 2715 zu
536 2665 1443 2715 dem Falle, um den es sich handelt, deutlich genug
544 2710 1505 2755 Tage; denn Arthur Schnitzler ist, wie männiglich be¬
458 2710 530 2760 Der
541 2746 1515 2800 kannt, seinem wesentlichen Berufe nach Schriftsteller
349 2734 529 2802 Inhaltsan
1444 2784 1511 2831 als
536 2779 1443 2834 und leistet nur, — da er Doktor der Medlzin ist —
359 2794 521 2840 blätte
534 2827 1511 2875 Regimentsarzt in der Reserve seiner Militärpflicht Ge¬
354 2834 505 2879 wodurch
534 2859 1504 2910 nüge. Wenn nun thatsächlich Volk und Heer identisch
359 2871 496 2920 des In¬
551 2903 1513 2949 ind, und andererseits jedes Ehrengericht eines Regiments
357 2907 531 2966 werden in
538 2938 1512 2990 über die Zulässigkeit einer litterarischen Produktion
538 2979 1517 3028 einen scharfen, praktisch wirksamen Urteilsspruch fällen
543 3023 1516 3068 kann — ist da nicht mit inemmale die ganze von
542 3057 1512 3106 Männern der besten Jahre ausgehende Litteratur der
544 3095 1516 3146 Anschauung der Regimenter unterstellt?“ — Aufsehen
541 3129 1508 3185 erregte gleichzeitig in anderes Vorkommnis, die Ermordung
536 3184 1508 3228 der Frau Dagny Przybyszewska, die in Tiflis ein ge¬
542 3219 1514 3264 waltsames Ende fand (vgl. den „Polnischen Brief“).
553 3261 1516 3310 Als eine Folgeerscheinung gewisser dekadenter Litteratur¬
549 3296 1515 3340 bewegungen will ein Mitarbeiter der „N. Fr. Presse“
542 3334 1521 3386 (13221) diese „Tragödie der freien Liebe“ betrachtet
539 3371 1518 3421 wissen, die ihre litterarischen Dokumente in Przybys¬
538 3411 1519 3462 zewskis dreibändigem Roman „Homo sapiens“ und
551 3453 1502 3501 der angeblichen Antwort darauf, Strindbergs „Inferno“.
542 3469 1514 3535 besitzt. Ein anderer Eingeweihter erzählt im „N. W.
550 3529 1520 3577 Tagbl.“ (162) von dem „schwarzen Ferkel“, einer
543 3569 1513 3619 kleinen Weinkneipe in der berliner Neuen Wilhelmstraße,
548 3611 1514 3657 wo sich anfangs der Neunzigerjahre das Hauptquartier
548 3641 1525 3695 der nordischen Schriftsteller befand: Strindberg, Holger
547 3685 1515 3734 Drachman, Gunnar Heiberg, Christian Krogh, die
547 3725 1526 3773 Maler Munch und Thaulow u. a. Die jetzt ermordete
538 3768 1529 3834 Frau Dagny, geschiedene Przysbyszewska, der Herkunft
977 3808 1073 3866 Sitm
541 3807 837 3869 nach Norwegerin
542 3854 838 3922 „Aspasia“ dieses
1538 2312 1655 2384 inclus
1566 2372 1644 2416 Porf
1550 2404 1633 2458 Zahl
1527 2450 1634 2508 im V/
1512 2525 1590 2575 itte
1511 2606 1593 2658 dern.
1518 2668 1613 2750 thal
1540 2733 1586 2784 M
1513 2773 1579 2816 ner
1505 2791 1597 2858 aftlic
1521 2849 1602 2905 ditt
1765 2508 1802 2560 1
1710 2557 1800 2639 Abor
1710 2625 1798 2678 Abor
1712 2746 1808 2799 Inha
1712 2792 1791 2841 bI:
1715 2832 1783 2880 wo
1713 2899 1787 2974 wer
1760 2368 1802 2423 #1
2259 721 2630 794 Telefon 12801.
1797 828 3094 918 Alex. Weigl's Unternehmen für Zeitungs-Ausschnitte
2805 898 2954 949 Ausschnitt
1762 876 3104 1037 Mats „OBSERVER“ Nr. 73
1732 1038 3154 1130 I. österr. behördl. conc. Bureau für Zeitungsberichte u. Personalnachrichten
1913 1108 2980 1204 Wien, IX/1, Türkenstrasse 17.
2118 1184 2780 1269 Filiale in Budapest: „Figyel5“ —
1731 1258 3140 1349 Vertretungen in Berlin, Chicago, Genf, London, Newyork, Paris, Rom, Stockholm.
1727 1363 2216 1453 Ausschnitt aus:
2209 1372 2915 1507 Dest- und Heeres-Zeitung WI.
1734 1514 2171 1608 vom / 1 707
2530 1559 2907 1659 G S
2580 1650 3038 1784 SSN
2119 1805 2721 1932 „Lieutenant Gustl.“
1897 1881 3142 1974 Dr. Arthur Schnitzler hat in der belletristischen Weihs
1785 1943 3148 2029 nachtsbeilage der „Neuen Freien Presse“ eine Novelle unter obigem
1791 1979 3145 2071 Titel veröffentlicht, die nachher in Buchform erschienen ist. Wegen
1791 2041 3142 2127 dieser Novelle und eines anlässlich derselben gegen ihn gerichteken,
1786 2089 3144 2182 heftigen publicistischen Polemik, auf die er aus unbekannten Gründen
1783 2145 3144 2223 nicht reagierte, soll Dr. Schnitzler kürzlich vom Officiersehrenrathe
1793 2197 3144 2271 der Verletzung der Standesehre schuldig erkannt worden sein, was den Ver¬
1787 2229 3154 2327 lust seiner Charge eines Regimentsarztes i. d. R. involvieren würde. Die
1791 2278 3141 2369 Tagesblätter befassten sich selbstredend mit dieser Angelegenheit je nach
1794 2341 3158 2421 ihrem Parteistandpunkte, wobei übrigens das sehr erfreuliche Moment
1803 2381 3140 2469 verzeichnet werden kann, dass selbst weniger armeefreundliche Blätter.
1803 2428 3147 2530 z. B. die „Arbeiterzeitung“ die Ehrenfestigkeit unseres Officierscorps
1799 2477 3149 2566 uneingeschränkt zugeben. Eine unbegreifliche Haltung nimmt jedoch
1800 2529 3161 2616 die „Neue Freie Presse“ selbst ein. Sie bekämpft den Spruch
1810 2585 3160 2662 des Ehrenrathes. Jedoch wie? Sie bemüht sich, die incriminierte
1799 2627 3160 2714 Novelle geradezu als eine Verherrlichung des Officiersstandes hinzu¬
1814 2684 3152 2763 stellen, und leistet sich das Wagnis, den Satz: „Ein österrei¬
1811 2724 3142 2821 chischer Officier muss von=eigener Handesterben
1809 2775 3162 2864 wenn der lebt, der ihm straflose Insulte zugeführt
1808 2820 3163 2914 hat“ förmlich als den Grundgedankeneder ganzen Novelle erscheinen
1816 2875 3169 2964 zu lassen. Dabei fügt sie noch den Satz zu: „Lieutenant
1817 2929 3171 3005 Gustl schwankt keinen Aughenblick und will die
1815 2975 3179 3052 Schmach büßen, dass er seinen Beleidiger nicht
1820 3026 2825 3110 auf dem Fleck niederschlageß konnte.“
1938 3095 3171 3184 NB. „Österreichische“ Officiere gibt es nicht, sondern k. und k., k. k. und
2680 3144 3138 3219 Aumerkung der Redartton“
1822 3170 2112 3249 k. ung. Officiere.
