3248 4096
2692 83 3080 176 box 1/11
2275 95 2481 163 Gust
1660 92 2235 172 10. Leutnant
1858 154 2507 203 „
355 186 1445 371 Seutapll#t u. Mu“
977 424 1324 517 30
376 445 611 532 V. 26
1735 597 1831 652 208
1811 696 2929 756 Helden unsere Sympathie gewinnt, ist der Hauptbeweis
643 690 1753 766 deutschen Wald und seinem Elfengeflüster webt in dem
1814 744 2925 808 dichterischer Genialität, die er in diesem psychologischen
647 743 1760 807 Gedicht von der Vermählung König Waldmeisters mit
1813 794 2189 857 Essay gegeben hat.
644 802 1754 851 Prinzeß Rebenblüte. Das kleine Epos, das so anmutig
639 835 1761 892 und leicht von dem pflanzenausraufenden Botanikus zu
1869 823 2922 898 Graf Leo Tolstoi: Aufruf an die Mensch¬
647 881 1756 936 den Märchengeistern eines Sommernachtstraums hinüber¬
1803 887 2931 945 heit. Einzig bevollmächtigte Uebersetzung von Wladimir
643 922 1762 984 spielt, ist eine mit lyrischen Juwelen durchflochtene Kette
1817 941 2920 995 Czumikow. (Verlegt bei Eugen Diederichs, Leipzig. 1901).
640 967 1759 1028 lieblichster Naturempfindungen. Eines dieser lyrischen
1877 983 2924 1030 Tolstois mehrere „Aufrufe an die Menschheit" sind
643 1013 1752 1069 Gedichte ist in Baumgartners Komposition einst auch in
1813 1020 2931 1079 für Rußland sehr berechtigte Notschreie. Wir jedoch in
646 1056 1755 1112 Konzertsälen beliebteste Zugabe gewesen: „Noch ist die
1812 1062 2924 1121 der Schweiz können mit ihnen nichts anfangen, sie passen
1181 1096 1758 1154 mit dem Refrain: „Noch sind
647 1110 1098 1167 blühende goldene Zeit“
1809 1106 2920 1164 nicht auf die Zustände unserer demokratischen Republik,
645 1143 1758 1207 die Tage der Rosen.“ Wer uns illusionsbedürftigen
1810 1151 2932 1206 die zwar gewiß auch der fortwährenden Entwicklung zum
639 1191 1751 1243 Menschlein so was ins Herz singt, dem glauben wir gerne
1809 1194 2926 1255 noch fernen socialen Ideal bedürfen, aber zu dieser Ent¬
648 1236 1752 1290 Und darum sind auch für das Poem des toten Dichters
1810 1232 2927 1294 wicklung auch den einzig rechten Talisman besitzen: den
636 1279 1756 1357 noch „die Tage der Rosen“, wie diese 75. Auflage beweist.
1814 1279 2930 1338 Stimmzettel in der Hand des freien und unterrichteten
1816 1332 2927 1384 Bürgers. Wir sind also nicht der Ansicht, daß unsere
710 1342 1760 1396 Leutnant Gustl. Von Arthur Schnitzler.
1817 1368 2927 1424 Leser die beiden ersten Aufsätze dieses Büchleins: „Muß
609 1378 1760 1440 Illustriert von M. Coschell. (Berlin, Verlag S. Fischer.
1811 1413 2902 1476 es denn wirklich so sein?" und „Wo ist der Ausweg?
638 1431 773 1484 1901.)
1817 1459 2922 1517 zu lesen brauchen. Das dritte Stück der nur etwas über
709 1460 1759 1524 Eine „Novelle“ hat Schnitzler den Prosamonolog ge¬
1819 1512 2923 1562 100 Seiten starken Schrift kann dagegen allgemeines In¬
799 1508 1754 1569 den er vom 13.—17. Juli 1900, also in vier
649 1517 793 1574 nannt,
1805 1546 2917 1598 teresse beanspruchen. Es enthält unter dem Titel „Ge¬
650 1554 1762 1613 Tagen, hinschrieb. Dem Inhalte nach ist es eine Offi¬
1806 1588 2929 1643 danken über Gott“ aphoristische Ideen, wie sie dem
645 1598 1758 1662 zierstragödie. Freilich, dicht vor der Katastrophe wird
1813 1632 2922 1686 Dichter und Denker nicht bloß von seinem suchenden Ver¬
642 1646 1753 1697 noch glücklich abgeschwenkt. Leutnant Gustl braucht sich
1817 1680 2934 1735 stand, sondern vor allem von seinem Herzensbedürfnisse
641 1697 1754 1745 nicht totzuschießen, wie er es diese ganze schreckliche
1815 1722 2926 1778 eingegeben wurden und die er etwa so niederschrieb, wie
644 1727 1751 1786 Nacht hindurch für seine Pflicht gehalten. Denn am Mor¬
1816 1764 2925 1820 man in ein Tagebuch Eintragungen macht. Am merk¬
654 1773 1751 1841 gen erfährt er, daß der dicke, starke Bäckermeister, der
1805 1813 2561 1873 würdigsten schien uns folgende Stelle:
647 1829 1755 1878 ihn beim Hinausgehen aus dem Konzert ganz leise einen
1891 1836 2927 1913 Einer der am meisten alle unsere metaphysischen Be¬
649 1858 1761 1926 „dummen Buben genannt hatte und der nun allen Leuten
1813 1886 2929 1958 griffe verwirrenden Aberglauben ist der Aberglaube, daß
654 1921 1751 1959 erzählen könnte, daß Gustl nicht im stande war, ihn so¬
1815 1940 2924 1995 die Welt erschaffen sei, daß sie aus nichts entstanden
651 1958 1754 2008 fort niederzustechen, denn er hielt mit eiserner Faust die
1809 1993 2633 2056 sei und daß es einen Gott=Schöpfer gäbe.
642 1997 1750 2051 Hand und den Degengriff des Leutnants umklammert,
1875 2030 2930 2095 „Eigentlich haben wir nicht die geringste Veranlassung
722 2047 1754 2112 daß dieser fatale Bäckermeister beim Nachhauseweg
1808 2072 2935 2129 und es auch gar nicht nötig, uns Gott als Schöpfer zu
640 2080 1740 2142 einem Schlaganfall erlegen ist. „Also doch eine Novelle
1812 2114 2920 2173 denken (die Chinesen und Inder kennen diesen Begriff
684 2122 1758 2178 sagt der Leser. Ja, nur nicht in der Form. Nichts
1810 2169 2924 2214 nicht), dagegen kann der schöpferische Gott mit dem
642 2174 1752 2225 wird erzählt. Nie ergreift der Verfasser das Wort.
1810 2199 2928 2258 christlichen Gott zusammen gar nicht gebacht werden, mit
649 2221 1762 2268 Jedes epische Moment ist mit sauberer Technik in den
1813 2252 2924 2299 dem Golt Vater, dem Gott-Geist, dem Gott, von dem ein
642 2257 1758 2309 Monolog des Leutnants hineingewirkt. Und dieser Mono¬
1812 2284 2926 2343 Teilchen in mir lebt, das mein Leben ausmacht, ein
646 2299 1755 2355 log, im Konzert anhebend, das der Leutnant mit einem
1814 2325 2923 2393 Leben, dessen Zweck es ist, dieses Teilchen zum Ausdruck
647 2340 1753 2399 geschenkten Billet besucht und in dem er sich schier zu
1805 2380 2032 2447 zu bringen.
647 2391 1748 2443 Tode langweilt, ist das wundervollste anatomische Prä¬
1877 2389 2933 2479 „Der Gott=Schöpfer ist gleichgültig und läßt die Leiden
648 2425 1762 2487 parat einer österreichischen Leutnantsfeele. „So seht ihr
1808 2455 2928 2516 und das Böse zu. Der Gott=Geist aber erlöst von dem
1061 2472 1755 2535 scheint der Dichter dem Durchschnitt
641 2478 940 2536 inwendig aus“
1809 2508 2932 2565 Leiden und vom Uebel und ist immer das vollkommene Gute.
645 2518 1753 2575 dieser Herren zuzurufen; er weiß natürlich, daß es auch
1897 2556 2926 2606 Einen Golt=Schöpfer giebt es nicht. Es giebt ein Ich,
640 2569 1754 2624 andere giebt, bessere und schlechtere, gescheitere und
1809 2587 2932 2649 das durch die mir verliehenen Werkzeuge der Sinne die
643 2608 1756 2661 noch dümmere als sein Leutnant Gustl. Aber offenbar
1811 2629 2926 2690 Welt erkennt und innerlich seinen Gott-Vater kennt. Er
648 2646 1752 2709 stellt Gustl den häufigsten Typus vor. Zu diesem Typus
1815 2668 2927 2740 ist der Anfang meines geistigen Ichs. Die äußere Welt
643 2696 1756 2752 gehört wahrscheinlich auch der Widerspruch von Seite 32
1811 2730 2438 2792 aber bildet nur meine Grenzen.
642 2743 1762 2791 und Seite 80. Auf Seite 32 sagt sich Gustl, er müsse
1875 2752 2928 2831 Diese Trennung der Gottesidee von der Weltschöpfer¬
657 2779 1760 2841 ich töten, auch wenn der Bäckermeister, der ihn beschimpft
1812 2807 2922 2866 idee würde allerdings das wesentlichste Hindernis weg¬
644 2834 1764 2884 hat, diese Nacht noch sterben sollte und also niemand von
1817 2859 2928 2911 räumen, das gerade Menschen von hoch entwickelter siti¬
648 2868 1762 2923 der Geschichte erführe. Denn: „Ich weiß es . . . und ich
1806 2900 2933 2958 licher Feinfühligkeit von Gott entfernt, indem sie ihn für
645 2909 1757 2964 bin nicht der Mensch, der weiter den Rock trägt und den
1811 2941 2929 2998 eine in Blut und Schleim und Kot hineingezwängte Welt
641 2954 1571 3012 Säbel, wenn ein solcher Schimpf auf ihm sitzt!
1814 2982 2926 3048 der Grausamkeit und der vernunftwidrigsten Leiden ent¬
644 2990 1758 3052 muß ich es thun, und Schluß!“ — Auf Seite 80 hingegen
1807 3036 2931 3087 weder verantwortlich machen oder dann gänzlich leugnen
646 3048 1763 3097 denkt er nicht mehr von fern an diesen Zwang im eigenen
1808 3069 2924 3128 müssen. Aber wie man philosophisch und logisch es recht¬
644 3086 1753 3146 Gewissen. Der Bäcker, der einzige Zeuge seiner Beschim¬
1816 3108 2935 3173 fertigen kann, den Weltschöpferbegriff vom Gottesbegriff
1059 3129 1764 3188 — juhe! weitergelebt. Auf den
635 3136 1062 3195 pfung, ist tot. Also
1813 3157 2922 3217 loszulösen, ist uns nicht klar und Tolstoi selbst giebt hier¬
651 3176 1754 3228 Abend bestellt er sich seine Stephanie und vorher noch, um
1811 3200 2931 3259 über keine andere Andeutung, als den Hinweis auf alte
647 3213 1759 3274 4 Uhr nachmittags, hat er ein Säbelduell mit einem Dok¬
1807 3249 2920 3312 asiatische Religionssysteme, die dies fertig gebracht haben.
636 3266 1755 3320 tor. Den wird er „zu Krenfleisch“ zusammenhauen, er
1817 3289 2932 3349 Auch scheint er sich selbst zu widersprechen, wenn er an
645 3308 1138 3376 ist so gut aufgelegt dazu.
1811 3338 2374 3393 einer andern Stelle schreibt:
697 3336 1756 3401 Der Monolog durchläuft alle möglichen Stimmungen
1871 3380 2927 3440 „Unbegreiflich, wie ich früher die unanfechtbare Wahr¬
645 3398 1762 3449 und Gemütszustände. Im Anfang wirkt die wahrhaft
1809 3412 2928 3478 heit nicht sehen konnte, daß jenseits dieser Welt und unseres
638 3435 1745 3496 klassische Verachtung des Leutnants für die Konzertlang¬
1812 3461 2934 3524 irdischen Lebens irgend jemand da ist, irgend etwas, das
646 3480 1762 3541 weilerei höchst belustigend, auch seine Reminiscenzen an
1807 3507 2927 3565 weiß, wozu diese Welt existiert in der wir, wie die
635 3528 1753 3585 ein Souper bei einer reichen jüdischen Bankierfamilie
1805 3550 2911 3608 Blasen im Wasser, aufkochen, zerplatzen und verschwinden.“
635 3568 1751 3629 und die Ausbrüche seines unverfälschten, aber doch mehr
1877 3588 2925 3660 Es ist doch sehr wahrscheinlich, daß „der jemand, der
646 3610 1759 3675 nur konventionellen Antisemitismus machen den Eindruck
1805 3640 2935 3707 da weiß, wozu diese Welt existiert“ dies nur weiß, weil
644 3654 1754 3712 einer fröhlichen Satire. Nachher wird die Sache bäng¬
1814 3680 2934 3744 er sie geschaffen hat. Wir müssen bekennen: Tolstoi,
641 3698 1759 3759 licher. Der arme Fuchs sitzt im Eisen und man fürchtet,
1808 3726 2935 3787 der große Dichter und edle Reformator seines Volkes,
646 3742 1756 3800 es werde ihn erwürgen. Man kann dem Leutnant näm¬
1805 3769 2931 3831 imponiert uns als Philosoph wenig. Mit seinem prophe¬
635 3784 1756 3846 lich bei all seiner Thorheit nicht ganz gram werden. Er ist
1805 3813 2928 3874 tischen Gebaren ist er für seine Russen ein Zünde=Denker,
640 3838 1749 3892 ja nicht das Produkt seines freien Willens. Daß Schnitz¬
1808 3863 2514 3922 aber für uns kein Zu=Ende=Denker.
646 3880 1749 3951 ler dieses Menschliche so herausgebracht hat, das seinem
1766 3935 2215 3996 Jent & Co. in Bern.
1357 3945 1744 3993 Druck und Verlag von
