3296 4128
1250 116 1653 214 box 1/10
233 129 1059 217 10. Leutnant Gust
426 176 1086 244 an un un e en e en e en e tenetenen e e un
656 378 1383 468 — Filiale In Budapest: „Figyelö“ —
318 462 1750 544 Vertretungen in Berlin, Chicago, Genf, London, Newyork, Paris, Rom, Stockholm.
323 532 1842 647 Ausschnitt aus: Zagt nter9 Tu
329 718 870 824 vom 1017720
1529 1160 2725 1211 litterarischen Produkte mit einer Aufmerksamkeit verfolgen, die sich
1523 1199 2724 1251 wesentlich von der Nonchalance der Zeitungsleser unterscheidet. Sie
1538 1245 2728 1302 haben sein Lieutenants=Feuilleton ein halbes Jahr lang mit dem mili¬
1545 1290 2719 1339 ärischen Ehrenkodex in der Hand durchbuchstabiert und sie entdeckten am
1534 1336 2730 1390 Ende dieser liebevollen Prüfung, daß sie Herrn Schnitzler wohl nicht
690 1308 1152 1397 Wiener Beief.
1533 1377 2718 1429 zum Verluste seines Schriftstellerruhms, immerhin aber zum Verluste
563 1368 1279 1457 (Von unserem Wiener Korrespondenten.)
1542 1421 2734 1477 seiner militärisch=ärztlichen Charge verurteilen können. Dieses Verdilt
398 1420 1455 1510 Pikante Ueberraschung. — Gesellschaftliche Eitelkeit.
1541 1463 2733 1511 wurde kürzlich, 6 Monate nach Verübung des Feuilleton=Deliktes aus¬
1021 1462 1489 1544 Wien, Mitte Juli 1901.
1538 1499 2725 1563 gesprochen und Schnitzler ist für seine ganze Zukunft des Glückes be¬
1545 1546 2729 1602 raubt, bei Waffenübungen zur Erholung von seiner Berufsthätigkeit
325 1560 1507 1622 die melancholische Klage laut, daß die geistige Arbeit, die zur Be¬
1542 1594 2723 1654 diverse an Kolik oder Schuhdruck laborierende Vaterlandsverteidiger
319 1618 1513 1665 lehrung oder Erheiterung des Zeitungspublikums dient, nur Eintags¬
1535 1634 2183 1706 von ihren Leiden befreien zu dürfen!
323 1663 1511 1720 irfol#e bringt und daß die beste Leistung, die heute in den Spalten der
1609 1674 2737 1744 Die Sache erregt Aufsehen, weil die Engyerzigkeit gewisser
318 1704 1453 1759 Blätter das Licht der Welt erblickt, oft morgen schon vergessen
1550 1730 2734 1785 Standesanschauungen noch selten so grell zur Geltung kam, wie dies¬
1460 1749 1509 1798 sich
317 1744 1436 1802 Diese für den Journalisten recht schmerzliche Erfahrung erweist
1534 1770 2724 1827 mal und das allgemeine Erstaunen ist um so größer, weil die Militär¬
327 1791 1457 1853 aber doch nicht immer als zutreffend. Gerade in Oesterreich sind
1535 1821 2731 1877 behörden eben neuestens die gegen den Duellzwang gerichteten Kund¬
332 1833 1517 1886 Ausnahmen von der Regel keineswegs selten. Der Autor einer Be¬
1538 1864 2738 1919 gebungen einzelner Offiziere mit milder Sanftmut ungeahnde, ließen.
327 1880 1511 1933 trachtung, die von seinen Gesinnungsgenossen durchflogen und dann
1542 1909 2734 1962 Diese Kundgebungen wurden aber von hocharistokratischen Gentlerzen
332 1923 1514 1974 mit einem Worte kühler Anerkennung ad acta gelegt wird, erlebt manch¬
1542 1953 2723 2008 veranstaltet, die ihre Schneidigkeit schon oft am Spieltische und im
333 1969 1508 2018 mal noch nach Wochen die Freude, daß die Gegner seiner Ansichten ihn
1548 1985 2735 2040 apseren Rigen um die Gunst der Balleteusen bewährten. Herr
332 2010 1518 2064 mit posthumen Schmähungen überhäufen. Einem Andern ist die pikante
1550 2037 2738 2093 Schnitzler ist dagegen nur ein armseliger bürgerlicher Arzt, welcher
334 2052 1511 2097 Ueberraschung beschieden, daß die Staatsanwe“schaft nach Mo¬
1544 2076 2729 2134 das geringe Maß von Rücksicht, das er beanspruchen durfte, völlig
333 2094 1521 2142 naten ihm ihr gutes Gedächtnis für Zeitungslekti: Lekundet, indem sie
1547 2130 2737 2183 verscherzte, indem er sich als „k. u. k. Regimentsarzt i. d. R.“ nicht
328 2139 1518 2191 ihm wegen eines Artikels, der bereits zur Makusatur wurde, eine aus¬
1547 2169 2730 2240 entblödete, für Zeitungen zu schreiben und wit Journelisten zu ver¬
327 2182 1511 2232 giebige Geld= oder Freiheitsstrafe zuwendet. Eine besonders eindring¬
1545 2213 1675 2282 kehren.
332 2224 1519 2268 liche Probe für den nachhaltigen Effekt einer Journalisten=That wurde
318 2263 1508 2312 aber jüngst dem Wiener Schriftsteller Dr. Arthur Schuinten geliefert
1630 2261 2744 2314 Cine ebenso zarte und schonungsbedürftige Pflanze wie der mili¬
325 2310 1517 2359 dessen Romane und Bühnendichtungen auch außerhalb der Grenzen
1542 2301 2732 2355 tärische Ehrbegriff ist die gesellschaftliche Eitelkeit gewisser Kreise. In
329 2347 1525 2398 Oesterreichs bekannt sind. Der tüchtige und begabte Erzahler spendet
1542 2341 2745 2403 einer unserer bedeutendsten Provinzstädte wurde vor zwei Jahren ein
333 2383 1529 2449 häufig den Tagesblättern kleinere Arbeiten und er veröffentlichte in der
1545 2390 2741 2446 humanitäres Unternehmen geschaffen, welches dem schönen Zwecke der
333 2435 1529 2481 Weihnachtsnummer eines hiesigen Journals ein Feuilleton, das in
1541 2428 2740 2493 Retting und Beschützung armer, von ihren Eltern „rlassenen oder
2047 2475 2739 2525 bei der Gründung der Anstalt wettelferte
327 2479 1521 2530 harmloser und fesselnder Form das Thema der Offiziersduelle be¬
1558 2466 2001 2539 nißhendelter Kinder dient.
327 2522 1534 2577 handelt. Er schilderte ohne jeden derben Ausfall das Erlebnis eines
1563 2521 2726 2568 ie gesge Elite jener Stadt ####er hätigung edler Inftrwillignt.
1553 2563 2730 2614 Ein vom Komite herausgegebenes Album enthielt poetische Belträge
321 2556 1527 2619 jungen Offiziers, der in einem menschenleeren Neben=Korridor eines
1554 2595 2733 2656 der männlichen und weiblichen Gönner. Die Verfasser dieser lyrischen
326 2606 1525 2661 Kongertsaales in Konflikt mit einem Zivilisten gerät und schließlich
1553 2646 2733 2699 Ergüsse erzählten der Mitwelt mit hinreißender Beredsamkeit, wie
331 2648 1530 2701 von dem ihm an Körperkraft überlegenen Gegner handgreiflich insultirt
1551 2684 2732 2738 ihnen das Herz bei dem Gedanken an die hilflosen und gequälten
326 2697 1525 2747 wird. Der arme Lieutenant hat nach den strengen Standesnormen
1555 2732 2742 2784 Kleinen blutete, wie ihr Kummer erst gelindert war, nachdem sie ihr
336 2733 1517 2785 keinen anderen Ausweg vor sich, als den des Selbstmordes. Er trifft
1542 2774 2729 2824 klingendes Schärflein gespendet — kurz, was sie für vortreffliche Men¬
336 2780 1522 2833 bereits die Vorkehrungen für seinen Abschied von dem irdischen Jam¬
1561 2819 2730 2874 chen stien, die ihre höchste Befriedigung einzig in der Linderung
333 2819 1520 2872 merthale; da erhält er die Nachricht, daß sein Beleidiger laum eine
1566 2861 2732 2915 remden Elends finden . . . Und nun kam ein sehr hoher Herr in die
335 2861 1529 2916 Stunde nach dem Raufhandel durch einen Gehirnschlag in das Jenseits
1559 2899 2738 2958 Stadt, welche das Glück hat, diese prächtigen Philantropen zu beher¬
335 2909 1527 2978 befördert wurde, womit die angetastete Ehre des Offiziers repaxiert
1550 2949 2738 3006 bergen. Der hohe Herr hatte auch einen Besuch der erwähnten Anstalt
343 2957 1149 3021 ist, da kein Dritter von dem Raufhandel wußte.
1551 2989 2747 3047 in sein Programm aufgenommen. Bei diesem Besuche sollten ihm
416 2983 1530 3055 Man wird nicht leugnen können, daß diese Geschichte dem Leser
1550 3039 2742 3091 die Förderer des Instituts vorgestellt werden. Die Zeit hiefür war
340 3043 1532 3097 als eine Satyre auf den militärischen Ehrbegriff erscheinen sollte. Sie
1559 3082 2749 3133 aber kurz bemessen und die persönliche Ansprache des erluuchten Gastes
338 3096 1526 3144 wurde vom Pudlikum, das sich eben jetzt sehr lebhaft mit der Frage
1559 3121 2744 3175 lonnte daher nur wenigen Auserwählten beschieden sein. Das Komite
342 3138 1530 3187 der Offizierszweikämpfe beschäftigt, sympattisch gewürdigt und gonz
1559 3166 2738 3217 hatte die Liste dieser Bevorzugten auszuarbeiten und die Einladungen
336 3172 1517 3230 nach der Gepflogenheit binnen vierundzwanzig Stunden prompt ver
1560 3216 2735 3262 für der engern Cercle, der in einem kleinen Salon stattfand, zu versen¬
331 3221 1536 3274 gessen. Dauerndes Interesse wurde dem Feuilleton und seinem Ver¬
1557 3247 2747 3303 den. Am Tage nach der Feier meldeten sämtliche edelsinnige Förderer,
347 3261 1527 3316 fasser aber von einer anderen Seite gewidmet, nämlich von einer hohen
1555 3290 2747 3343 die eine solche Einladung nicht erhielten, ihren Austritt aus dem Ver¬
347 3302 1525 3354 Militärbehörde. Für diese ist Herr Arthur Schnitzler nicht der ge¬
1550 3334 2737 3392 ein an. Das Humanitätsgefühl, dessen diese Wackeren sich so eifrig
352 3347 1519 3396 schätzte Romancier und Dramatiker, sondern einzig der k. k. Regiments¬
1558 3382 2755 3433 rühmten, war spurlos verschwunden und nur der herbste Groll wohnte
350 3385 1525 3451 Arzt in der Reserve, welche Würde er seit seiner Freiwilligen=Dienstzeit
1553 3420 2758 3472 noch in den Gemütern der Schwergekränkten. Wenn man seine Hu¬
348 3432 1529 3480 bekleidet. Seine hohen Vorgesetzten haben ihm bewiesen, daß sie seine
1548 3603 2723 3657 #anilät nicht einmal im Frack oder im Seidenkleide zur Schau tragen
1544 3643 2742 3699 tarf. dann verlohnt es sich wirklich nicht, human zu sein und für ver¬
1541 3686 2386 3762 lassene Kinder zu schwärmen, dachten diese Edlep.
