3296 4096
145 1532 297 1612 sch über¬
146 1601 290 1656 gasschen
138 1637 302 1698 ber ich
158 1688 287 1743 braucht
140 1731 297 1785 den Ton
151 1769 304 1828 s Denk¬
162 1813 293 1873 Riesige
159 1862 297 1916 Das ist
132 1892 292 1963 icht der
131 1949 292 2008 ange es
147 2041 300 2094 sicht und
138 2083 301 2136 ils der
128 2126 298 2183 schmacks¬
131 2168 298 2244 udervoll
144 2260 298 2335 worden.
150 2318 290 2371 und be¬
156 2359 291 2414 istorial¬
171 2406 299 2473 Schach¬
177 2451 296 2506 Der
191 2496 300 2546 , als
181 2532 300 2591 dem
198 2627 301 2679 llen,
196 2669 298 2725 ätter
166 2715 300 2772 Charge
167 2760 305 2815 es gab
197 2846 291 2903 ist es
184 2892 295 2949 mon
195 2935 301 2989 itera¬
217 2979 293 3034 auf
227 3025 301 3076 hat
213 3062 299 3117 nicht
236 3153 303 3205 Er
224 3197 299 3245 Ver¬
200 3239 300 3294 ogen,
199 3282 298 3339 Ent¬
207 3325 304 3376 visser
193 3413 308 3470 ihn
206 3455 295 3501 nter¬
200 3499 305 3553 er ist
229 3622 311 3709 7
277 185 1140 266 10. Leutnant Gustl
1041 247 1130 291 en
683 238 935 303 1 Man — —
528 251 616 303 —. —
480 251 533 298 —.
350 1528 1230 1614 einander stellen lassen. Nun ist auch noch der Fall
339 1600 1240 1655 Geyger=Klinger dazu gekommen: eine häßliche Ge¬
345 1646 1242 1710 schichte, man mag sie drehen und wenden, so viel
334 1698 1236 1747 man will. Daß Klinger gewöhalich in Fährnisse
338 1737 1240 1793 geräth, wenn er zur Feder greist, weiß man aus
340 1781 1238 1842 früheren Anlässen, weiß auch, daß er im Leben
350 1817 1237 1869 dieselben excentrischen Neigungen besitzt, die sich in
342 1866 1236 1915 seiner geniaten Künstlerschaft häufig documentiren.
344 1913 1231 1970 Er hätte besser gethan, seinen Angriff in andere
331 1957 1229 2010 Formen zu kleiden. Und der Angegriffene? Man
342 1991 1236 2049 wird sich nicht verhehlen können, daß die Abwehr
343 2041 1237 2107 Geygers eine recht schwächliche ist... Eine häßliche
347 2084 600 2145 Geschichte
379 2119 1217 2183 Vor einigen Tagen starb hier ein Schriftsteller,
338 2161 1225 2226 den keine Literaturgeschichte nennt und der doch von
345 2216 1227 2274 Hunderttausenden gelesen worden ist: Dr. Julius
335 2263 1228 2316 Conard. Er hat an fünfzig Colvortageromane
339 2293 1230 2354 geschrieben, vielleicht auch mehr, deren Titel schon
334 2352 1223 2406 bezeichnend für ihren Jahalt waren: „Die Apostel
335 2394 1228 2462 der Finsterniß", „Der Jäger von Königsgrätz oder
334 2436 1223 2487 der siebentägige Krieg“, „Die unsichtbaren Rächer“
339 2485 1222 2541 u. s. w. Der Mann besaß einen enormen Fleiß.
340 2523 1223 2579 Um seine Fomilie zu erhalten, arbeitete er Tag
342 2562 1236 2616 und Nacht, bis er schließlich erblindete. Die Ver¬
336 2614 1232 2672 leger seiner Lieferungsromane machten glänzende
344 2658 1220 2707 Geschäfte, und der arme Autor darbte und darbte.
336 2700 1225 2751 Er besaß Talent und hätte sich wohl gern einmal
339 2747 1224 2805 aus der trüben Sphäre der Hintertreppenliteratur
336 2790 1221 2839 zu reineren Höhen der Kunst aufgeschwungen; aber
343 2836 1228 2884 der Kampf mit den Alltagssorgen lähmte schließlich
343 2877 1226 2935 seine Kraft. Nun ist er, achtzig Jahre alt, ge¬
340 2922 1231 2971 storben, ein Opfer des Literatenelends, wie man es
335 2969 969 3034 in unsern Tagen kaum noch kennt.“
1305 177 1715 283 box 1/10
1699 604 2001 791 Aeue
2612 623 2895 810 7
2274 721 2403 787 508
2161 841 2586 946 Bei Bechlarn.
1571 924 2026 1004 Walddunkle Donauberge
2449 942 2964 1015 Da war zu stolz, zu weichen
1579 995 2165 1052 Schau'n träumend in das Land;
2453 1003 2954 1064 Mein Volß der Aeberzahl:
1580 1033 2144 1105 Hier=#ud're sacht, mein Ferge,
2449 1042 2956 1117 Hell von Germanenstreichen
1576 1084 2086 1161 Der Ort hält mich gebaunt.
2452 1092 2947 1170 Scholl König Etzels Saal!
1577 1140 2152 1219 Hier ragt ein Horst von Aaren,
2453 1150 2980 1236 Wie scheuchte doch in Schuren
1567 1199 2030 1267 Der Ostmark alte Wehr:
2455 1215 2894 1277 Oft meiner Söhne Speer
1565 1253 1948 1305 Die gute Bechelaren
2453 1265 2924 1314 Der Hunnen und Avaren
1562 1298 1934 1374 Des edlen Rüdiger.
2453 1307 2972 1384 Rauögierig-wimmelnd Heer!
1571 1355 2090 1435 Mir ist, derch ihre Rüstern
2440 1373 2960 1445 And — mußten sie erliegen
1568 1416 1982 1486 And alten Eichen dort
2449 1433 2925 1497 Ruhmvoller war ihr Fall
1572 1462 2126 1540 Rauscht trauervolles Füstern,
2453 1475 2928 1542 Als ihrer Feinde Siegen:
1566 1514 1972 1585 Wie Nibelungenwort.
2452 1526 2886 1597 Wohin, wohin das all'?
1569 1563 2191 1661 Das klagt: „0 Zeit des Ruhmes,
2444 1573 2865 1661 Wir alten Donaubeege
1564 1628 2010 1700 0 Sieg im Pölkerstreit,
2452 1648 3027 1709 Steh'n trauerschwer und bang:
1565 1682 2026 1752 0 Zeit des Heldentumes,
2449 1691 3100 1770 Wir schau'n den Sieg der Zwerge:
1562 1721 2136 1807 Wie bist du weit — wie weit!
2443 1740 2982 1816 Wie lange noch — wie lang?
1598 1778 1755 1854 Bressau.
2851 1795 3088 1869 Felix Dahn.
2239 1974 2347 2056 1
1973 2104 2704 2211 Der Fall Schnitzler').
1828 2184 2842 2265 Eine unbefangene Betrachtung von Theodor von Sosnosky.
1600 2249 3194 2326 Bücher haben ihre Schicksale. Eine Novelle, die der Tagespresse einer Weltstadt
1477 2298 3185 2393 Antaß zu leidenschaftlichen Leitartikeln gibt, das ist ein Schicksal, das einem belle¬
1486 2358 2589 2411 tristischen Buche noch kaum je widerfahren sein dürfte.
1610 2404 3186 2476 Dieser außerordentliche Fall hat sich jüngst in Wien ereignet und das Buch,
1485 2446 3190 2526 das sich dieses Ausnahms=Schicksals rühmen darf, ist Arthur Schnitzler's
1483 2499 3183 2570 Novelle „Lientenant Gustl“ (Berlin, S. Fischer). Sie hat für ihren Autor die
1481 2547 3183 2616 bedeutsame Folge gehabt, daß er von einem militärischen Ehrenrate seiner militärischen
1481 2597 2924 2675 Charge (als k. k. Landwehr=Oberarzt in der Evidenz) entkleidet wurde.
1603 2641 3184 2713 Die liberale Presse sah hierin einen Uebergriff des ihr verhaßten „Militarismus“
1485 2676 3185 2768 und benützte die schöne Gelegenheit, gegen ihn zu Felde zu ziehen, dabei vielleicht
1484 2751 3186 2812 von der süßen Hoffnung erfüllt, den „Fall Schnitzler“ zu einer Haupt= und Staats¬
1483 2794 3180 2868 aktion und neuen Auflage der „Affaire Dreyfus“ aufzubauschen, was ihr in Anbetracht
1483 2843 3181 2916 der bevorstehenden Sauergurkenzeit sicherlich doppelt willkommen gewesen wäre. Die
1475 2891 3177 2966 antiliberale Presse dagegen wetterte gegen die liberale und „jüdische“ Frech¬
1479 2938 3177 3010 heit, die sich an der Ehre der Armee vergreife und pries den Beschluß des Ehren¬
1473 2993 3177 3075 rats als einen durchaus gerechten Akt der Abwehr derartiger armeefeindlicher
1479 3029 1707 3109 Tendenzen.
1586 3083 3191 3179 Eine unbefangene, objektive Beurteilung und Erörterung dieses Falles hätte
1471 3140 2713 3215 man in der gesammten Wiener Tagespresse vergebens gesucht.
1597 3198 2833 3296 *) Wir müssen voraus, ken, daß wir mit einzelnen Behauptungen und
2861 3215 3183 3300 Folgerungen dieses
1478 3263 1995 3326 Artikels nicht einverstanden sind
2091 3265 3172 3338 vir werden auch an den betreffenden Stellen unseren Einwand zur
1479 3309 3178 3371 Geltung bringen. Trotzdem gewähren wir der Arbeit sehr gerne Raum in unserem Blutte, da sie — entgegen
1473 3348 2826 3411 den über diesen Gegenstand veröffentlichten Aufsätzen — mit Unbefangenheit und
2840 3357 3178 3422 Fachkenntnis an ihre
1480 3385 1793 3455 Aufgabe herantritt.
2830 3401 3139 3466 Die Schriftleitung.
3040 676 3230 845 2
