3296 4128
150 3055 224 3117 Für
164 3117 198 3153 #
165 3156 213 3200 „
161 3194 206 3234 91
162 3224 209 3287 91
117 3304 227 3366 Abont
112 3353 232 3420 Abonr
113 3463 218 3530 Inhal
120 3521 220 3569 hlüt
119 3559 226 3603 wodur
124 3596 222 3649 des I1
119 3636 225 3697 werder
1257 135 1602 223 box 1/9
222 142 1056 214 10. Leutnant Gust
676 347 1106 411 1relT. Btunes.
1139 353 1622 420 Glahner (Tane) 1. 9:2.
560 367 1603 457 First Fruit (K. Cannon) 2. Rigo (O. Madden) 3. Ferner: Flori¬
553 427 670 467 form,
688 426 876 473 Champagne.
879 429 1615 484 — St. James Palaco Stakes.
1680 435 1781 505 115
550 498 1614 565 Tournée durch die Vere gten Staaten von Amerika
1679 522 1779 575 ford 1
555 546 1603 611 engagiert. Die Dauer der Tournée ist auf drei Monate
1681 563 1748 607 alls
1939 555 2002 611 so
1897 559 1943 608 18
549 576 786 641 abgeschlossen.
2080 550 3150 643 * „Leutnant Gustl“ heißt die Novelle, die, wie tele¬
1681 601 1770 652 dieser
2032 586 3150 688 graphisch aus Wien gemeldet, ihrem Verfasser Arthur
1667 640 1777 692 schritte
1892 643 1996 702 likum
2039 652 3144 740 Schnitzler- die Offizierscharge gekostet hat. Als Grund des
1675 682 1766 731 Hefte
1923 690 1990 749 Ver¬
664 658 1510 761 Kunft und Wissenschaft.
2032 702 3146 777 ehrenräthlichen Richterspruches wird angegeben, daß Schnitzler
1666 721 1778 769 verblü
606 740 1599 819 Arthur Schnitzler, der beliebteste Schriftsteller Jung¬
1665 759 1785 818 mußte
2030 746 3140 829 durch die kürzlich veröffentlichte novellistische Studie „Leutnant
1737 796 1794 847 se
545 784 1607 858 Le#ens, der zugleich Regimentsarzt der Reserve war, ist, wie
2015 781 3138 870 Gustl“ der Ehre des österreichischen Offizierkorps nahe getreten
1666 838 1755 890 durch
2020 824 3146 914 sei und daß er auf eine in heftigem und persönlichem Tone
550 825 1597 902 uns ein Wiener Privattelegramm meldet, vom
1893 868 1992 921 a der
1670 877 1779 925 andere
2021 874 3150 954 geschriebene Kritik dieser schriftstellerischen Arbeit in einem
541 892 1600 953 militärischen Ehrenrathe seiner Offiziers¬
1671 915 1772 965 bedeut
1889 915 1987 967 )des
2019 913 3138 997 Tagesblatt nicht reagirt habe. Der thatsächliche Inhalt der
543 924 1594 1009 charge verlustig erklärt worden. Als Gründe
1666 952 1774 1003 schaffen
1894 951 1996 1009 uirden
2018 955 3136 1044 Studie ist in gedrängter Kürze folgender: Leutnant Gustl hat
1675 994 1775 1040 Strah
535 983 1592 1056 des ehrenrätlichen Richterspruches wird angegeben, daß
1904 999 1986 1050 zwei
2017 996 3129 1081 im Konzert einen Zusammenstoß mit einem energischen Zivilisten.
1661 1031 1768 1081 Loslös
544 1032 1588 1111 Schnitzler durch die kürzlich veröffentlichte novellistische
1876 1042 1987 1099 steten.
2025 1040 3139 1128 Es kommt zu Beleidigungen. Der Leutnant will den Säbel
1669 1070 1770 1116 die so
1881 1084 1980 1141 turm
543 1075 1592 1154 Studie „Leutnant Gustl“ der Ehre des österreichischen
2021 1084 3134 1171 ziehen, aber der Zivilist hindert ihn daran durch überlegen¬
1671 1102 1777 1159 gesetzte
1874 1124 1981 1184 inaus.
532 1131 1585 1203 Offiziertorps zu nahe getreten sei, und daß er auf eine in
2021 1126 3137 1218 Körperkraft. Lentnant Gustl verbringt eine qualvolle Nacht.
1660 1148 1780 1198 Oberfl.
1898 1179 1980 1226 mar¬
1653 1186 1764 1239 Gewic
541 1171 1587 1253 heftigem und versönlichem Tone geschriebene Kritik dieser
2025 1167 3129 1260 Wenn das Regiment von dem Vorfall erfährt, muß er
1874 1211 1937 1262 ten
1664 1226 1767 1276 st uu
2014 1213 3134 1304 quittiren. Eine Kugel vor den Kopf erscheint als einziger
542 1222 1587 1306 schriftstellerischen Arbeit in einem Tagesblatt nicht reagiert
1881 1254 1980 1313 thisch
1661 1269 1762 1313 baren
2017 1258 3137 1329 iobler Ausweg aus der Sache. Das Schicksal schenkt aber
528 1274 1581 1351 habe. Der thatsächliche Inhalt der Studie ist in gedrängter
1909 1302 1976 1356 eine
1657 1304 1767 1352 wieder
2003 1297 3133 1391 dem Leutnant Gustl eine glücklichere Lösung der Sache: den
532 1311 823 1381 Kürze folgender:
1658 1341 1761 1392 Parise
2013 1351 3117 1432 euragirten Zivilisten trifft der Schlag. Dieser Schlag „er
599 1361 1583 1436 Lientnant Gustl hat im Konzert ein Renkontre mit einem
1654 1381 1756 1431 zuerst
1883 1385 1978 1436 ggen¬
2008 1393 3117 1470 machina“ befreit den Leutnant Gustl aus aller Verlegenheit.
1647 1420 1768 1465 Gas e
528 1411 1583 1479 energischen Zivilisten. Es kommt zu Injurien. Der Leutnant
1882 1430 1976 1484 llten,
2015 1428 3120 1515 iemand weiß, was geschehen ist. Der einzige Zeuge seiner
1656 1456 1762 1511 UImgel
524 1451 1581 1527 will den Säbet ziehen, aber der Zivilist hindert ihn
1890 1471 1977 1522 wirk¬
2006 1473 3119 1566 Schmach ist todt: der Leutnant ist gerettet. Der Spruch
1652 1496 1767 1558 Glasg
532 1503 1576 1566 daran mit Gewalt. Lentnant Gustl verbringt eine qualvolle
1902 1515 1973 1565 nach
2012 1520 2863 1600 rregt in Wien natürlich das größte Aufsehen.
1650 1534 1747 1582 dann,
539 1538 1578 1621 Nacht. Wenn das Regiment von dem Vorfall erfährt, muß
1893 1556 1975 1614 Diese
1654 1576 1755 1624 nahm,
525 1591 1569 1653 er quittieren. Eine Kugel vor den Kopf erscheint als einziger
1918 1608 1973 1651 vor
1644 1613 1766 1662 erklärt
2722 1587 2914 1685 W
527 1628 1571 1706 nobler Ausweg aus der Afsäre. Das Schicksal schenkt aber dem
1874 1643 1955 1700 iger
1647 1651 1770 1697 kleine
2071 1626 3114 1719 * Coquelin als Handlungsreisender. Ein drolliges
531 1676 1576 1746 Lentnant Gustl eine glücklichere Lösung der Sache. Den gewalt¬
1875 1688 1965 1737 r der
1649 1691 1776 1747 selbst k.
2003 1686 3121 1776 Abenteuer aus seinem Leben erzählte, wie eine englische Zeitschrift
527 1720 1580 1788 tätigen Zivilisten trifft der Schlag. Dieser Schlag ex machina
1642 1732 1769 1780 röhren,
1877 1732 1975 1782 wurf
1994 1727 3106 1810 verichtet, jüngst Coquelin, der berühmte französische Schauspieler,
1639 1768 1762 1819 Leuchte
528 1759 1566 1833 befreit den Leutnant Gustl aus aller Verlegenheit. Niemand weiß,
1897 1773 1972 1823 viel
2007 1769 3113 1858 er bekanntlich zur Zeit mit Sarah Bernhardt in Her Majesty's
1645 1807 1767 1858 Körper,
1876 1815 1963 1866 strig
527 1811 1567 1891 was geschehen ist. Der einzige Zeuge seiner Schmach ist tot:
2006 1810 3104 1892 Theatre in London Triumphe feiert: „Ich war überarbeitet und
1634 1846 1762 1898 hielten
524 1844 939 1905 Leutnant Gustl ist gerettet.
1879 1858 1963 1908 des
1997 1864 3099 1947 beschloß daher, eine Zeitlang das Theater zu verlassen, um in
1647 1885 1761 1940 zusende
1874 1898 1958 1953 rdils
591 1886 1564 1971 Die neuesten Forschungen über die Körperstrahlung,
1999 1899 3113 1993 inem einsamen Ort auf dem Lande zu vegetiren. Ich fand denn
1635 1925 1771 1970 vor ein
498 1934 1569 2009 # über die wunderbaren Eigenschaften der Uranium=Ver¬
1867 1946 1972 1999 artet
1992 1941 3106 2025 auch in der Mitte Frenkreichs ein Plätzchen, wie ich es münschte,
1639 1963 1770 2011 das mn
522 1974 1561 2050 bindungen, des Radiums und verschiedener anderer Elemente,
1920 1991 1966 2037 die
1632 2001 1768 2052 ebenfall
1999 1996 3099 2063 ind ich war bald in einem einfachen, aber doch bequemen Hotel
525 2016 1559 2083 wie sie besonders von Beequerel und dem Pariser Ge¬
1885 2025 1960 2081 rsetzt
1635 2043 1741 2083 wurde
1991 2027 3101 2115 für Handlungsreisende gut untergebracht. Da ich nicht bekannt
513 2051 1564 2123 lehrtenehepaar Curie aufgedeckt worden sind, haben wiederum
1872 2072 1965 2131 ing“.
1637 2077 1779 2128 Physike.
1985 2079 3112 2157 zu sein wünschte, trug ich mich in das Fremdenbuch als „Frédérie
512 2095 1565 2178 zu großen Ueberraschungen geführt. Der Physiker Ruther¬
1628 2118 1772 2175 deckt, d
1880 2125 1962 2170 dung
1993 2119 3097 2202 Febure, Reisender für Weine, Spirituosen u. s. w. ein. An der
1900 2162 1962 2211 die
1988 2162 3097 2249 Table d’hôte wurde ich bald mit den anderen im Hotel weilenden
1896 2200 1960 2253 Sie
1990 2205 3099 2284 Fremden bekannt. Mein Nachbar rechts reiste für eine Firma,
1886 2247 1961 2298 und
1994 2250 3086 2329 eren Spezialität „Delikatessen“ waren; mein Nachbar links ge¬
1978 2291 3090 2374 hörte der Tuchbranche an, ein Anderer befaßte sich mit Oelen,
1952 2309 3102 2430 lein Vierter mit einer Neuheit für Säuglingsflaschen. Diese
1278 2649 2255 2737 Garderobe. Während er stößt und gestoßen wird,
2294 2657 3121 2758 ist gestorben. Der Lieutenant darf weiter#
417 2592 1064 2769 „Lieutenant Gustl.“
1262 2720 2267 2774 kommt er mit einem alten Handwerksmeister in
2295 2728 2620 2787 Finita comedia
360 2743 1241 2821 Ein militärischer Ehrenrath hat den Dichter
1279 2768 2140 2840 Conflict. Gustl schimpft; der Alte antwortet;
2156 2767 2262 2837 Gustl
2392 2757 3049 2835 Die Satire dieses Ausklanges
243 2803 1136 2893 Arthur Schnitzler der Regimentsarzt=Charge
1188 2818 1247 2877 für
1273 2830 2130 2883 greift an den Säbel; der Alte kommt ihm
2139 2821 2263 2880 zuvor,
2289 2815 3105 2891 und trifft. Aber sie ist nicht leichtfert
241 2851 563 2923 verlustig erklärt.
1265 2874 2265 2930 hält ihm Säbel und Hand fest und sagt: „Wenn
2288 2876 3148 2934 tiefernst. Sie trifft nicht die Armee, und wer
363 2890 1233 2971 Den Anlaß zu diesem Schritt bot eine
1267 2918 2266 2982 Sie nicht sehr schön ruhig sind, erzähl' ich die
2294 2922 3185 2979 will, nicht einmal den militärischen Ehrbegriff
1168 2960 1247 3024 die
236 2959 1141 3027 psychologische Novelle „Lieutenant Gustl“,
1273 2965 2263 3020 Geschichte morgen dem Corpscommando!“ Der Alte
2295 2977 3202 3031 zeigt nur, wie toll und sonderbar das übermät
244 3013 1244 3060 Schnitzler in der Weihnachtsbeilage der „Neuen
1270 3016 2262 3070 entfernt sich; Gustl nimmt mechanisch seine Gar¬
2283 3018 3246 3098 waltende Schicksal mit uns Menschen Vall spiel
255 3056 1231 3116 Freien Presse“ veröffentlichte. Ferner soll es Schnitzler
1272 3061 2263 3121 derobe und geht. Er blickt in sein offenes Grab.
2762 3095 2813 3167 *
247 3112 1234 3167 verübelt worden sein, dass er auf eine in persönlich
1273 3107 2258 3167 Als Officier, dessen Waffe die Hand eines anderen
253 3150 1235 3219 gehässigem Tone gehaltene Kritik des „Lieutenant
1271 3160 2255 3219 in der Scheide zurückgehalten hat, ist er entehrt.
2403 3148 3254 3231 Kurz nachdem „Lieutenant Gustl“ erschiene
241 3207 1230 3270 Gustl“ welche in einem Wiener Militärblatte er¬
1274 3206 2252 3262 Er muss sich erschießen. Und so, im Angesicht des
2279 3210 3264 3282 war, publicierte ein Wiener Militärblatt eine gistig
246 3249 727 3326 schien, nicht reagiert hat.
1258 3262 2251 3320 Todes, wandelt Lieutenant Gustl durch die Stadt.
2281 3256 3256 3326 Kritik. Das Feuilleton wollte mit viel Grobher
1261 3303 2257 3366 Er nächtigt im kühlen Prater auf einer Bank. Un¬
2286 3314 3259 3368 aber wenig Beweiskraft den österreichischen Lieut
357 3326 1160 3414 Die Geschichte dieses Lieutenant Gustl
1161 3347 1234 3416 ist
1262 3356 2252 3411 aufhörlich wälzen sich die Gedanken durch seinen
2284 3362 3255 3417 nant vor Schnitzler in Schütz nehmen. Schnitzle
244 3397 1232 3467 bald erzählt. Er bekommt von einem Freund eine
1272 3403 2252 3460 Kopf. Schließlich ist er mit sich und dem Leben
2294 3406 3230 3460 eagierte nicht darauf. Er antwortete auf das
243 3447 1238 3502 Concertfreikarte. Im großen Musikvereinssaal gibt
1274 3448 2200 3504 ertig. Er geht in sein Stammcafé frühstücken
2285 3453 3237 3536 Rede stehende Angriffsfeuilleton nicht und überl
249 3498 1230 3560 er sich redliche Mühe, die aufgeführte Messe schön
1267 3502 2257 3561 sein Henkersmahl. In diesem Local verkehrt aber
2283 3507 3188 3562 es der Welt, zu richten. Dieser Tage erschien
237 3543 1231 3608 zu finden. Vergebens! Er langweilt sich. Während
1265 3551 2261 3615 auch der alte Handwerksmeister, der ihn beleidigt
2290 3553 3172 3623 „Lieutenant Gustl“ in Buchform, und ub
246 3594 1233 3648 er so hinmeditiert über das, was er sieht und an¬
1275 3602 2251 3658 at. Und mit dem Kaffee serviert der Kellner dem
2282 3607 3163 3671 zur gleichen Zeit stieß ihn der Ehrenrath
250 3640 1232 3708 hören soll, offenbart er eine ganz erstaunliche Flach¬
1262 3647 2251 3706 Lieutenant Gustl die Nachricht, dass der Alte, vom
2281 3653 3074 3709 Regiments aus der Reihe der Officiere.
247 3691 1228 3751 heit und Oberflächlichkeit des Denkens und Meinens.
1265 3700 2263 3751 Schlage gerührt, plötzlich verschieden ist. Lieutenant
2402 3698 3127 3767 So haben wir denn zu den vielen
346 3745 1235 3805 Mit dem Concert sind auch seine allgemeinen
1261 3742 2257 3801 Gustl lebt auf. Die Schatten des nahenden Todes
2285 3745 3132 3807 barkeitsdogmen unseres öffentlichen Lebens ei
237 3787 1231 3863 Betrachtungen zu Ende, und er drängt sich zur
1264 3798 2246 3870 weichen von seiner Stirn; der Zeuge seiner „Schande“
2288 3797 3142 3849 bekommen: die Infallibilität des Lieutenant
