3248 4128
198 141 1056 237 10. Leutnant Gustl
1225 135 1640 243 box 1/10
379 209 1057 267 HAAWIATTTAIATWUI
850 897 1221 956 Telefon 12801.
378 999 1664 1068 Alex. Weigl's Unternehmen für Zeitungs-Ausschnitte
1388 1049 1539 1109 Ausschaltt
1420 1101 1534 1190 Nr.
641 1106 1333 1215 „OBSERVER
381 1113 562 1225 70
314 1199 1658 1279 I. österr. behördl. conc. Bureau für Zeitungsberichte u. Personalnachric
499 1266 1572 1374 Wien, IX/1, Türkenstrasse 17.
698 1336 1351 1446 Filiale in Budapest: „Figyelé“
329 1404 1654 1504 Vertretungen in Berlin, Chicago, Genf, London, Newyork, Paris, Rom, Stock
324 1555 822 1630 Ausschnitt aus:
334 1694 498 1773 vomV
494 1664 757 1824 (Sihh
637 2009 1484 2103 (Tientenant Gustl in Troppau.) Be¬
549 2084 1496 2158 nanntuch wurde vor kurzer Zeit der Schrift¬
553 2117 1492 2216 steller Dr. Arthur Schnitzler in Wien von
563 2168 1492 2253 einem militärischen Ehrenrathe der Officiers¬
553 2215 1489 2310 charge verlustig erklärt, weil er in einer No¬
568 2264 1498 2353 velle, betitelt „Lieutenant Gustl“, die in der
558 2314 1502 2403 Weihnachtsnummer der „N. Fr. Pr.“ erschienen
559 2368 1506 2449 war, den Officiersstand lächerlich gemacht ha¬
574 2406 1509 2516 ben sollte. Eine Lieutenant Gustl=Affaire spielte
577 2462 1501 2551 sich nun, wie die „Freie Schles. Presse“ mit¬
367 2509 565 2579 Für 50 7
570 2513 1504 2600 theilt, Dienttag nachts auch in Troppau ab. In
459 2561 528 2609 100
576 2576 1509 2658 zwölften Nachtstunde erschien eine Gesellschaft
391 2599 527 2655 „ 200
578 2615 1506 2696 von Civilisten mit einem auf Krankheitsurlaub
450 2638 538 2682 500
392 2661 537 2741 „ 1000
588 2664 1502 2744 in Troppau weilenden Lieutenant des 30.
580 2713 1501 2807 Inft.=Regts. im ersten Stockwerk des Hotels
356 2773 573 2829 Abonnement
593 2762 1502 2849 „Schwan“. Dem Hotelier schien die Unterhal¬
346 2815 558 2882 Abonnenten
587 2813 1515 2893 tung der Gesellschaft zu laut zu sein, und er
586 2864 1510 2960 wies sie deshalb unter Hinweis auf das Ruhe¬
460 2877 539 2953 Der
361 2944 578 3006 Inhaltsang:
585 2922 1509 3028 bedürfniß der Gäste zurecht. Die Gesellschaft er¬
358 2981 557 3035 blätter
581 2992 1508 3082 widerte darauf und der Lieutenant griff, wie
359 3019 575 3071 wolurch ein
360 3059 571 3110 des in- uni
583 3041 1519 3123 der Hotelier zu sehen glaubte, nach dem Sä¬
353 3095 546 3158 werden in
577 3102 1520 3178 bel. Er kam demselben deshalb zuvor und ent¬
577 3139 1518 3221 riß ihm die Waffe, die er benützte, um sich
584 3196 1521 3272 den Rückzua über die Stige ins Parterre zu
592 3242 1528 3322 decken und übergab dan den Säbel auf der
586 3284 1528 3368 Wachttube der Polizei. Wie das genannte Blatt
589 3340 1521 3418 erfährt, versuchte der entwaffnete Lieutenant in
596 3387 1531 3465 Begleitung seines Bruders, den Säbel auf der
594 3429 1523 3533 Wachstube wieder A. erhalten jedoch ab¬
629 3506 887 3583 wiesen und
924 3488 1536 3589 Dah Würgernmei¬
876 3542 1539 3638 mwuntheißt, die Anzeige an das
955 3596 1330 3688 g erstattet haben.
1549 2492 1647 2580 inelus
1561 2568 1644 2612 Port
1554 2605 1655 2656 Zahll
1528 2646 1657 2715 im Vol
1612 2707 1657 2775 is
1518 2761 1604 2812 steht
1615 2766 1651 2833 1
1509 2863 1649 2935 nthalten
1545 2932 1648 2979 Mor
1519 2968 1644 3013 ner Zei
1524 3003 1637 3051 stliche
1524 3032 1651 3111 Mitthei
2294 915 2661 987 Telefon 12801.
1825 1041 3106 1099 Alex. Weigl's Unternehmen für Zeitungs-Ausschnitte
2840 1080 2993 1154 Ausschollt
1779 1099 2117 1240 N0105
2119 1107 3104 1229 „OBSERVER“ Nr. 42
1764 1237 3174 1314 I. österr. behördl. conc. Bureau für Zeitungsberichte u. Personalnachrichten
1940 1299 3010 1408 Wien, IX/. Türkenstrasse 17.
2143 1391 2818 1472 Filiale in Budapest: „Figyelö“ —
1777 1448 3176 1532 Vertretungen in Berlin, Chicago, Genf, London, Newyork, Paris, Rom, Stockholm.
1771 1581 2250 1670 Ausschnitt aus:
2408 1583 3012 1743 „Arbeiter Zeitung
1775 1710 2200 1819 vo ##/###7%
2136 2074 2693 2162 Kleine Militärzeitung.
1859 2129 2903 2208 Der Schuß beim Neugebäude. — Die Teschener Säbelaffaire.
2895 2124 2957 2213 —
1860 2184 2209 2241 Der Ohrfeigenoberst.
2278 2196 2909 2258 Die Soldatenselbstmorde in Olmütz.
1855 2221 2966 2295 Noch ein Soldatenselbstmord. — Lieutenant Gustl in Troppau.
1949 2282 2887 2370 Der Erschossene vom Neugebäude agnoszirt.
2186 2344 2632 2414 Im Rausch erschossen.
1939 2365 2944 2462 „Lientenant Gustl“ in Troppau. Wie noch unsere Leser
1828 2451 2928 2507 wissen werden, wurde vor kurzer Zeit der Schriftsteller Dr. Arthur
1835 2488 2933 2558 Schnitzler in Wien von einem militärischen Ehrenrathe der
2984 2551 3140 2616 inclusive
1827 2540 2940 2643 Offizierscharge verlustig erklärt, weil er in einer Novelle, betitelt
3004 2606 3123 2652 Porto.
1822 2604 2944 2687 „Lieutenant Gustl“ den Offiziersstand durch die Erzählung der Er¬
2992 2637 3140 2695 Zahlbar
1821 2648 2939 2740 lebnisse des Lientenants Gustl lächerlich gemacht haben sollte. Eine
2968 2683 3159 2739 im Voraus.
1825 2691 2938 2784 Lieutenant Gustl=Affaire spielte sich nun, wie die „Freie Schlesische
2955 2755 3189 2809 itte ist das
1823 2737 2931 2835 Presse“ mittheilt, Dienstag Nachts auch in Troppau ab. In der
2960 2797 3185 2856 steht es den
1823 2793 2926 2878 zwölften Nachtstunde erschien eine Gesellschaft von Zivilisten mit
2950 2840 3042 2907 lern.
1812 2837 2926 2923 einem auf Krankheitsurlaub in Troppau weilenden Lieutenant des
1813 2878 2920 2978 30. Infanterieregimen im ersten Stockwerk des Hotels Schwan.
2934 2897 3196 2985 Intheltend die
1812 2920 2930 3025 Dem Hotelier schien die Unterhaltung der Gesellschaft zu laut zu
2938 2964 3190 3020 Morgen¬
1811 2969 2922 3069 sein, und er wies sie deshalb unter Hinweis auf das Ruhe¬
2939 2999 3182 3056 ener Zeitung“)
1802 3024 2918 3108 bedürfniß der Gäste zurecht. Die Gesellschaft erwiderte darauf und
2938 3042 3189 3096 aftliche Leben
2951 3082 3196 3151 Mittheilungen
1801 3062 2926 3157 der Lieutenant griff, wie der Hotelier zu sehen glaubte, nach dem
1802 3112 2919 3201 Säbel. Er kam demselben deshalb zuvor und entriß ihm die
1803 3157 2915 3250 Waffe, die er benützte, um sich den Rückzug über die Stiege ins
1797 3204 2917 3303 Parterre zu decken, und übergab dann den Säbel auf der Wacht¬
1798 3256 2920 3355 stube der Polizei. Wie das genannte Blatt erfährt, versuchte der
1797 3308 2919 3396 entwaffnete Lieutenant in Begleitung seines Bruders, den Säbel
1801 3346 2917 3447 auf der Wachtstube wieder zu erhalten, wurde jedoch abgewiesen
1797 3395 2901 3477 und meldete den Vorfall sodann dem Garnisonsinspektions¬
1796 3439 2905 3553 offizier. Das Bürgermeisteramt soll, wie eo heißt, die Anzeige an
1793 3484 2474 3572 das Stationskommando erstattet haben.
