3276 4037
261 66 1090 157 10. Leutnant Cust
1289 83 1637 181 box 1/9
595 118 1110 195 eninn eninen un enen nen enence.
313 393 1616 515 sche Bedürfnis, einer so crassen Verzerrung des Officiers¬
315 474 1603 552 lebens durch eine kleine Skizze nach der Natur entgegen¬
316 527 1605 602 zuwirken, veranlasste mein von Ihnen in so liebenswürdiger
316 571 996 641 Weise reproduciertes Feuilleton.
431 619 1607 708 Den Spott und Hohn, den ich mir dadurch von Seite
308 664 1619 758 des militärischen Fachmannes der Wage“ zugezogen, trage
308 719 1601 799 ich mit Resignation, oder besser mit dem ganzen Stolze
313 770 1604 852 meiner schwarzgelben, also völlig rückstandigen Persönlich¬
309 822 1602 904 keit. Ich yähle mich nämlich in Wahrheit zu jenen gänzlich
308 870 1606 948 veralteten Meuschen und Schriftstellern, welehen der Vorwurf
306 919 1604 989 einer verknöchert-schwarzgelben Gesinnung ein Ehrentitel ist.
305 964 1607 1048 Ich bin nun einmal „schwarzgen###m Scheitel bis
312 1018 1594 1096 zur Sohle und bleibe es bis an mein Levensende. Das ver¬
304 1073 1601 1142 stehen die Männer von Geist selbstverständlich nicht, aber
306 1112 1601 1202 ihr mitleidiges Lächeln erdulde ich längst mit männlicher
303 1162 1594 1240 Fassung. Es muss auch solche Känze geben. Vielleicht ver¬
306 1211 1601 1288 einsanten wir immer mehr, aber unsere schwarzgelbe Farbe
297 1260 1607 1340 ist Natur, die lassen wir uns nicht nehmen, wir brauchen
297 1317 1598 1392 sie heutzutage besser denn je, gerade weil sie seiten zu
298 1351 609 1425 werden droht.
416 1403 1598 1472 Dass mein Lientenant Demeter getreu nach dem Leben
299 1457 1591 1544 gezeichnet ist, haben Sie richtig festgesteilt; mindestens 80
297 1515 1585 1587 getreu, wie jener fabelhafte Lieutenant Gusti, dessen Begen¬
299 1556 1570 1622 bild — ein sehr blasses, sehr armseliges wahrscheinlich! —
294 1611 1588 1681 er geworden ist. Es gab und gibt wirklich „solche Käuze“
293 1642 1583 1725 im Officiersnachwuchs, ja so dachten die Meisten von uns,
299 1705 1589 1773 so reich an Idealen, die man heute belächelt, waren wir und
291 1755 1583 1823 sind wohl auch noch die Nachwachsenden von heute. Den
295 1793 1577 1870 „Lieutenant Gustl“ hätten wir allerdings nicht verstanden; er
289 1839 878 1906 verstünd: uns ebenso wenig.
406 1887 1592 1959 Da möchte ich aber, ohne viel Weisheit und Tiefsinn
301 1928 1585 2018 auszukramen, doch ein kleines Wörtchen zu dem Thema
284 2004 1583 2073 „Officiersnachwuchs“ einfliessen lassen. Suchen wir
284 2043 1576 2117 nicht gar so weit nach den Ursachen des verminderten
299 2088 1579 2153 Officiersnachwuchses. Nicht materielle Nachtheile, nicht
297 2128 1573 2210 Mangel an Aussichten u. dgl. allein hemmen oder mindern
290 2181 1567 2259 den Zudrang zum Soldatenberufe. Auch das Erblassen des
290 2233 1567 2308 Idealismus in unserer Jugend und das planmässige literari¬
277 2282 1568 2356 sche Einwirken auf die Ertödtung, dieses Idcalismus haben
285 2324 1569 2401 einen guten Theil daran. Ohne eine tüchtige Dosis von
284 2371 1567 2457 Idealismus geht es eben nicht. Mit dem speculativen Abwägen
287 2424 1554 2494 von materiellen Vortheilen und Aussichten trägt man wahr¬
284 2463 1561 2555 lich keinen guten Geist in einen Stand, der nun einmal kein
284 2518 1573 2604 Speculationsberuf ist und dem modernen Realismus nie
286 2567 783 2637 dienstbar wertien kann.
389 2617 1559 2698 Das ist meine gewiss höchst naive und veraltete An¬
283 2655 1561 2741 sicht, und so viel ich in diesem Sinne dem zersetzenden
281 2712 1560 2795 Realismus unserer Tage entgegenzuwirken vermag, thue ich
281 2769 1556 2836 es. Die „Lieutenants Gasil“ werden das nicht verstehen und
281 2810 1560 2902 über den alten Schwärmer zur Tagesordnung übergehen, aber
280 2870 1567 2941 es gibt ja noch einige Licutenants anderer Couleur, und
282 2912 1456 2989 diese werden mich, den alten Soldatenvater, begreilen.
382 2951 1427 3032 So—das wollte vom Herzen weg. Undenun 40
301 3007 1452 3072 ärmsten Dank für Ihr tapferes Eintreten zu Gansten
373 3051 646 3127 rbesserlichen
773 3096 1081 3192 schwarzgelben
1145 3156 1514 3232 Oscar Teuber
448 3291 1478 3397 örmhen und Ausrustungssorten
653 3368 1202 3449 erzeugt solidest u. elegaht
1340 3594 1449 3688 #10
597 3631 708 3734 R
2301 744 2658 833 Telefon 12801.
1834 847 3117 912 Alex. Weigl's Unternehmen für Zeitungs-Ausschnitte
2839 906 2985 973 Araschnitt
2173 930 3123 1063 „OBSERVER“ Nr. 86
1666 1041 1747 1094 4
1684 1048 3171 1132 T. österr. behördl. conc. Bureau für Zeitungsberichte u. Personalnachrichten
1956 1117 3015 1208 Wien, IX/1, Türkenstrasse 17.
2100 1196 2809 1291 — Filiale in Budapest: „Figyeló“ -
1770 1290 3176 1355 Vertretungen in Berlin, Chicago, Genf, London, Newyork, Paris, Rom, Stockholm.
1773 1393 3118 1492 Ausscan ans. Jeiman #erelel Su¬
1779 1550 1925 1616 vom
2486 1515 2877 1640 Topk Ae
1922 1540 2114 1627 241
2055 1561 2260 1671 2 22
1969 1823 2064 1884 Wug..
2090 1821 2521 1907 Wird sich trösten.
2002 1887 2648 1948 Wien, 21. Juni. Der bekannte mo¬
1966 1930 2647 1985 derne Novellist und Dramatiker Arthur
1966 1971 2649 2016 Schnitzler ist aus den Reihen der Reserve¬
1961 2012 2651 2051 Offiziere in der österreichischen Armee
1966 2049 2648 2089 ausgestoßen und durch ein militärisches
1960 2083 2649 2126 Ehrendericht infam degradirt worden,
1970 2119 2648 2158 weil er eine Novelle veröffentlichte, in
1966 2156 2659 2200 der er das Duellwesen lächerlich gemacht
1970 2191 2647 2238 hat. Schnitzler, der nicht nur Schrift¬
1958 2228 2648 2275 steller, sondern auch praktischer Arzt in
1956 2257 2644 2309 Wien ist, hat auch in der Offizierstra¬
2668 2286 2737 2360 .
1965 2295 2460 2349 aödie „Freiwild“ energisch
2457 2304 2649 2354 gegen den
1962 2332 2552 2404 Duell=Unfug Stellung genommen.
1884 2322 1951 2397 50
2818 2344 2909 2399 15.—
1807 2341 1887 2409 Für
2725 2345 2788 2403 Kr.
2970 2354 3136 2424 inclusive
2813 2391 2904 2436 28 —
1882 2379 1956 2434 100
2116 2406 2152 2443 „
2743 2395 2790 2456 „
2990 2410 3104 2458 Porto.
2812 2431 2895 2476 50.—
1886 2425 1958 2473 200
2354 2430 2396 2494 „
2583 2437 2635 2485 „
1813 2434 1854 2479 11
2468 2435 2514 2495 „
2982 2445 3129 2498 Zahlbar
1880 2462 1959 2509 500
2790 2465 2890 2512 110.—
2582 2478 2631 2525 „
2931 2479 3140 2548 im Voraus
1830 2502 1968 2575 „ 1000
2467 2510 2517 2556 „
2102 2480 2156 2570 7
1904 2550 3178 2613 Im Gegensatze zu anderen Bureaux für Zeitungsausschnitte ist das
1780 2585 3183 2644 Abonnement durch keine bestimmte Zeitdauer begrenzt; — auch steht“ es den
1777 2640 3024 2694 Abonnenten frei die aufgegebenen Themen zu ergänzen oder zu ändern.
1889 2699 3178 2780 Der „OBSERVER“ veranstaltet täglich einen Auszug enthaltend die
1781 2760 3169 2807 Inhaltsangabe aller wichtigen Mittheilungen der Wiener Morgen¬
1785 2804 3170 2857 blätter (Tagesjournale ausser „Neue Freie Presse“ und „Wiener Zeitung“)
1775 2844 3171 2887 wodurch eine Uebersicht über das gesammte politische und wirthschaftliche Leben
1778 2880 3185 2935 des In- und Auslandes in drastischer Kürze geboten wird. Diese Mittheilungen
1785 2926 2550 2975 werden in Wien um 9 Uhr Früh verschickt.
2076 2983 2885 3076 Prospeste gratis und franco.
