3276 4037
254 143 815 227 10. Leutnant
858 146 1068 220 Gust
1277 151 1610 238 bos 1/9
895 334 1030 392 „erg
892 365 1539 442 ganzjäbrig 56 K
1027 445 1381 519 Für das Ausland:
962 500 1462 553 Mit täglich einmaliger Postversendung
894 542 1518 591 für Deutschland vierteljährig 15 K, für alle
891 581 1518 634 anderen dem Weltpostvereine augehörigen Länder
1067 605 1331 661 vierteljährig 18 K.
996 686 1401 763 Check=Conto 810.721.
1311 844 1505 931 1901.
409 947 1536 1020 in die Armee; am wenigsten in einen bevorzugten
414 993 1546 1078 Stand mit den besonderen Ehren= und Männlichkeits¬
404 1048 1537 1125 merkmalen, wie es der Officiersstand, diese ur=arische
412 1088 1540 1173 Einrichtung, ist. Der Officiersstand hat daher recht
407 1136 1527 1200 und er thut gut, wenn er sich — wo immer möglich —
406 1185 1544 1262 so lange nicht ein Gesetz dem Juden die Zugehörigkeit
402 1235 1541 1303 zur Armee verwehrt, der in seinem gesunden Körper
392 1282 1531 1360 Zersetzung und Fäulniß verbreitenden jüdischen Ein¬
397 1328 1139 1398 dringlinge erwehrt und sie abschiebt.
495 1381 1525 1464 Um zu sehen, wie der Jude den Officiersstand,
386 1424 1537 1511 diese ihm instinctiv widerliche, weil arische, vom semiti¬
393 1474 1539 1553 schen Fäulnißerreger von allen Ständen noch am
390 1523 1572 1597 wenigsten angefressene Einrichtung haßt, bedarf es nur
394 1574 1526 1649 eines Blickes in die Spalten der Judenblätter. Was
389 1619 1529 1700 wird dort nicht fast tagtäglich von angeblichen Ueber¬
388 1671 1532 1753 griffen der Officiere, vom Mißbrauch der Waffen u. s. w.
392 1720 1522 1787 geschwefelt. Die Worte „Officier", „Waffe“ u. dgl.
388 1762 1521 1833 laufen den jüdischen Raceninstincten ja überhaupt wie
387 1802 1531 1889 alles Gesunde, Muthige und Kräftige schnurstracks zu¬
383 1861 1568 1921 wider und die jüdischen Schmocks verlieren die Be¬
379 1896 1545 1994 sinnung und jedes Beurtheilungsvermögen, kommt ihnen
384 1954 1515 2018 eine Meldung von einem gezogenen Säbel o. dgl.
380 2009 1521 2070 zu Gehör. Wie wurde nur der jüngste Bozener Vorfall
388 2049 1519 2124 entstellt, welche Lügen zu Gunsten der alldeutschen
384 2092 1509 2166 Hetzer gegen die Officiere und zu Ungunsten der letzteren
384 2136 1513 2213 in die Welt gesetzt! Wir sind durch unsere wiederholte
367 2181 1507 2264 Siellungnahme gegen wirklichen Waffenmißbrauch,
381 2228 1508 2303 gen thatsächliche Uebergriffe einzelner Officiere
1529 2252 1564 2300 s
370 2281 1504 2358 über den Verdacht erhaben, daß wir irgendwie Partei
373 2327 1228 2400 nehmen. Beme##enswerth ist übrigens
1538 2340 1573 2389 1
1275 2341 1508 2399 daß von
361 2365 1568 2462 jenen Fällen, in denen wirklicher Mißbrauch mit#n
365 2424 1500 2497 der Waffe getrieben wurde, ein unverhältnißmäßig
1529 2432 1565 2479 1
360 2462 1505 2547 hoher Percentsatz wieder auf Juden entfällt und gerade
364 2520 1499 2584 von diesen die scheußlichsten Feigheiten und Brutali¬
364 2559 1505 2640 täten verübt wurden! Man muß nur wissen, wie schwer
363 2606 1498 2677 das österreichische Militär unter der Antipathie der
373 2649 1493 2729 Civilbevölkerung in Südtirol zu leiden hat. Zur Ver¬
1512 2670 1563 2724 s1
365 2696 1491 2754 folgungs= und Boycottirungssucht der „Katzelmacher“
1515 2719 1561 2767 S.
359 2742 768 2817 gesellten sich in
767 2754 952 2817 letzter
950 2751 1113 2818 Zeit
1127 2759 1491 2827 die Hetzereien
366 2801 1391 2875 der Alldeutschen. Der österreichische Officier
1431 2810 1491 2872 ist
369 2840 580 2899 eute in
579 2841 1492 2915 Südtirol allen erdenklichen offenen
357 2891 1489 2967 und versteckten Chicanen ausgesetzt und in der
353 2933 1497 3011 schwierigsten Lage, um Verletzungen der Standes¬
358 2987 1482 3049 ehre — aber nicht jener Standesehre nach Literatur¬
344 3028 1494 3096 juden=Begriffen — rechtzeitig vorzubeugen oder sie
349 3080 1478 3146 schicklich und ohne besonderes Aufsehen abzuwehren.
358 3123 1481 3198 Das ist einmal zuvörderst die Wahrheit und nicht die
354 3167 1493 3247 unerschöpflichen Erdichtungen der Judenpresse und im
346 3205 1477 3301 Bozener, in den Grazer und anderen Fällen auch die Er¬
1436 3328 1482 3372 *
368 3394 1504 3456 findungen und Verdrehungen der radicalen Organe.
372 3442 1512 3505 Officiersstand und Judenthum, sie sind genau so un¬
372 3479 1513 3551 verträglich wie der Begriff „Officiersehre“ und das
376 3529 1507 3591 verderbliche Wirken der trotz zeitweiliger Heuchlermaske
374 3583 1513 3642 in Grund und Boden officiers= und armeefeindlichen
371 3621 633 3698 Judenpresse.
1498 3223 1557 3288 en
1517 2950 1552 2998 n
1798 1231 1971 1300 Wür 50
1907 1317 1958 1362 20
1806 1335 1880 1390 „
1854 1360 1909 1408 „
1784 1388 1952 1460 „ 100
1914 1444 1961 1504 In
1795 1481 1949 1546 AAbonnen
1796 1527 1949 1589 Abonnen
1911 1611 1960 1664 D
1806 1647 1949 1703 Inhalts:
1811 1697 1945 1742 blätt
1811 1733 1942 1784 wodurch
1810 1771 1935 1820 des In¬
1803 1807 1936 1863 werden
2139 591 2745 677 Oesterreich=Ungarn.
2039 660 2873 718 5% Wien, 21. Juni. Die Affaire Schnitzler.
1986 706 2885 756 Schade, daß die Session der Delegationen schon geschlossen
1987 748 2875 790 ist. Man hatte sich gerade heuer sowohl in der österreich¬
1987 787 2877 833 ischen wie in der ungarischen Delegation besonders lebhaft
1980 825 2870 870 mit der Frage des ehrenräthlichen, militärischen Verfahren
1989 863 2884 908 beschäftigt und in seltener Uebereinstimmurg hatten Ver¬
1985 902 2868 945 treter fast aller Parteien auf die manchma. ganz unglaub
1982 941 2886 980 lichen Entscheidungen hingewiesen, die der militärische
1983 979 2875 1024 Ehrenrath — namentlich gegen Reserveoffiziere — gefällt
1984 1017 2878 1066 hat. Nun hat sich eine Affaire abgespielt, die einen glänzen¬
1983 1057 2878 1103 den Beleg dafür bietet, was für Schildbürgerstückchen der
1987 1101 2873 1144 militärische Ehrenrath zu leisten im Stande ist und welche
1977 1131 2876 1174 die Klagen über die Rückständigkeit des ehrenräthlichen
1975 1170 2875 1222 Verfahrens sehr deutlich illustrirt. Wie bereitstelegraphisch
1982 1211 2868 1253 berichtet wurde, ist dem bekannten Wiener Schriftstellen
1987 1248 2877 1291 Dr. Arthur Schnitzler, der Militärarzt in der Reserve
1987 1287 2877 1336 war — er war Regimentsarzt und hatte Hauptmannsrang
2039 1322 2883 1374 vom Ehrenrathe der Offizierscharakter abgesprochen
1981 1366 2871 1409 worden. Schnitzler hatte sich erlaubt, eine kleine novellist¬
1976 1404 2871 1454 ische Skizze zu veröffentlichen, deren Held ein Offizier,
1986 1449 2869 1498 „Leutnant Gustl“, war (deren Inhalt wir im „Bunten
1982 1483 2706 1541 Feuilleton“ unseres Blattes kurz wiedergaben).
2006 1523 2867 1571 Was Schnitzler mit der Geschichte wollte, ist klar: er
1980 1554 2870 1603 wollte dem Problem des militärischen Ehrbegriffes näher¬
1974 1598 2867 1643 treten. Eifrige journalistische Denunzianten beeilten sich
1979 1639 2868 1680 die Militärbehörde auf die Novelle des Regimentsarztes
1981 1674 2868 1720 Schnitzler aufmerksam zu machen, und der Ehrenrathleitete
1983 1715 2864 1754 eine Untersuchung gegen den Dichter ein. Dieser lehntees
1974 1754 2866 1798 aus prinzipiellen Gründen seiner persönlichen und künst¬
1981 1791 2867 1832 erischen Freiheit ab, sich vor dem Ehrenrathe zu vertheid¬
1981 1828 2877 1876 gen, und wurde daher in contumaciam verurtheilt und
1972 1867 2868 1915 des Offiziersranges für verlustig erklärt, weil er durch seine
1972 1903 2880 1947 Schilderung des Leutnants Gustl den Offiziersstand be¬
1971 1940 2875 1991 leidigt habe. Das Unsinnige dieses Richterspruches liegt
1969 1981 2871 2034 auf der Hand. Schnitzler hat einen bestit nten, zweifellos
1966 2025 2868 2068 möglichen Fall und eine bestimmte Figur aus dem ganzen
1967 2057 2874 2101 Offiziersleben herausgegriffen, und es ist ihm nicht einge¬
1970 2097 2869 2146 fallen, damitetwa einen Typus schildern und sagen uwollen,
1972 2138 2887 2175 daß alle Offiziere so seien, wie sein Gustl. Erhatte also nicht
1971 2174 2876 2228 die Absicht, den Offiziersstand als solchen zu beleidigen. Bei
1967 2214 2862 2256 aller Anerkennung der Thatsache, daß unser Offiziers
1970 2251 2871 2306 korps zum weitaus überwiegenden Theile aus vortreff¬
1970 2290 2870 2346 lichen Elementen besteht, wird Niemand abstreiten können,
1968 2328 2870 2376 daß es auch im Offiziersstande — wie eben in jedem
1967 2367 2859 2415 Stande — unwürdige Elemente und schwächliche Herrer
1970 2407 2862 2455 àla Leutnant Gustl gibt. Und ebenso wenig ist es zu be¬
1973 2442 2869 2487 streiten, daß der Dichter das Recht hat, gerade eine un¬
1969 2488 2868 2531 angenehme Figur zum Mittelpunkt einer Geschichte zu
1963 2522 2864 2570 machen. Es ist daher unsinnig, wenn der militärische
1966 2562 2868 2611 Ehrenrath literarische Zensur üben will. Zu welchen Kon¬
1969 2597 2868 2652 sequenzen müßte es führen, wenn man Schriftstellern, die
1971 2640 2872 2690 nebenbei auch Offiziere sind, kommandiren wollte, wie sie
1968 2676 2866 2723 ihre Gestalten zu sehen haben? Oder dürfen Offiziere nur
1980 2756 2883 2836 als Engel oder als Ritter ohne F##ch unde Tadel ge¬
1978 2795 2872 2871 schildert werden? Dann müßte man aus der Literatur
1971 2841 2874 2909 einige hundert Romane, Novellen, Theaterstücke einfach
1972 2873 2868 2949 streichen oder auf dem nächsten Scheiterhaufen verbren¬
1969 2915 2869 2991 nen. Und man kann doch nicht einen Schriftsteller der
1973 2950 2864 3027 Offiziersehre verlustig erklären, weil er sich erlaubt hat,
1964 2992 2865 3065 einen Offizier zu schildern, der selbst nicht allen Anforder¬
1961 3029 2867 3121 ungen des militärischen Ehrbegriffes entspricht. Das Ur¬
1967 3067 2785 3153 theil ist also in jeder Beziehung ein Schmabenstreich
3000 1243 3150 1298 inclusive
3010 1288 3128 1335 Porto.
2973 1362 3151 1425 im Voraus
2896 1429 3191 1494 schnitte ist das
2891 1475 3191 1535 lich steht es den
2907 1522 3045 1587 ändern.
2940 1595 3185 1659 enthaltend die
2900 1646 3191 1698 er Mongen¬
2902 1685 3175 1737 Wiener Zeitung“
2892 1721 3183 1776 schaftliche Leben
2896 1764 3185 1817 ese Mittheilungen
