3204 4128
1231 94 1592 192 box 1/10
193 102 1036 219 10. Leutnant Gustl
377 155 1064 234 Neuchane Gaseh
44 675 544 767 rcent Reserveofficieren,
1751 685 2366 764 Rsferung abgelegt,cheu...
569 693 1726 771 triebs=Gesellschaft nach, wie viele ehemalige Officiere als
46 746 548 813 KTheresianischen Militär¬
1753 739 2906 820 keit gutgemacht und ihre sonstige Eignung zur Beförderung
574 765 1720 822 Kutscher, Vorreiter, Conducteure, Revisoren 2c., dort ge¬
47 792 553 852 r bewilligten 450 Zög¬
1756 805 2905 868 erwiesen haben. In der Ueberschrift dieses Capitels wird
576 804 1729 872 dient haben und noch dienen. Diese Bedauernswerthen
49 833 545 912 technischen Akademse
1754 856 2893 918 von der Wiedererlangung ihrer Charge gesprochen,
575 859 1728 914 mußten nach vielen vergeblichen Versuchen, eine ihren
45 890 545 968 Böglinge, mithin statt
1745 895 2902 957 während uns der § 37 belehrt, daß nur die Lieu¬
568 902 1735 962 Kenntnissen und ihrer Bildung entsprechende Stelle zu
61 925 545 1006 den, was einen Abgang
1749 950 2905 1006 tenantscharge wiedererlangt werden kann, daher ein
51 987 558 1059 Zahl der aus beiden
1755 1002 2897 1054 älter gedienter Officier, wenn er z. B. Hauptmann oder
579 1008 1724 1061 verhungern. — Es ist sehr beschämend für den Staat, und
96 1033 556 1112 immerwährender Ab¬
1750 1043 2896 1100 Stabsofficier war und nicht mehr wehrpflichtig ist, die
572 1057 1725 1116 seiner unwürdig, wenn seine Kriegsverwaltung Officiere
61 1082 550 1147 1897 224, 1898 211,
1748 1089 2897 1160 Wiedererlangung seiner Charge nicht erbitten kann. Graf
574 1103 1734 1164 oft wegen geringfügiger Vergehen ihrer Existenz beraubt
90 1132 551 1194 Die Anzahl der Civil¬
1746 1144 2899 1208 Ledochowski ist noch wehrpflichtig und wurde daher zum
577 1155 1730 1208 und ihnen nicht einmal die ihren Dienstjahren ent¬
65 1177 554 1258 Militärakademien war
1751 1194 2890 1251 Soldaten der niedersten Soldclasse in die Reserve über¬
570 1197 1733 1275 sprechende Pension gibt, obwohl ihnen Beförderungstaxen
62 1230 558 1292 e und betrug 41 Be¬
1760 1247 2902 1297 setzt. Er kann, wenn er um die Wiedererlangung seiner
574 1254 974 1328 abgezogen wurden.
55 1269 551 1336 ademie und 19 Bewerber
1749 1296 2899 1354 Charge bittlich werden sollte, nur die Lieutenantscharge
666 1294 1731 1369 Der Behauptung Jekelfalussys, daß die Kriegsver¬
43 1318 560 1407 on fast alle (37 bis
1758 1346 2897 1396 erhalten, und das könnte doch nicht als Rehabilitirung an¬
570 1346 1730 1413 waltung nicht den geringsten Einfluß auf die Beschluß¬
1756 1385 2899 1445 gesehen werden, dies wäre doch nur eine Degradation,
584 1402 1733 1461 fassung des Ehrenrathes ausübt, können wir nicht be¬
50 1405 559 1492 b wir uns mit obiger
1754 1437 2896 1496 denn er war ja bis zu seiner ehrenräthlichen Entlassung
579 1453 1725 1513 dingungslos zustimmen, denn diese übt schon deshalb Ein¬
57 1475 564 1534 in, daß sowohl in der
1757 1469 2906 1547 Generalstabshauptmann. Es ist daher unbegreiflich, wie
1655 1492 1736 1559 für
578 1504 1661 1561 fluß aus, weil sie noch immer nach der „Vorschrift
77 1511 558 1583 ungarischen Delegation
1748 1536 2806 1600 von so maßgebender Stelle derartige Behauptungen
2783 1530 2891 1599 auf¬
1655 1545 1736 1605 die
577 1548 1613 1612 das ehrenräthliche Verfahren vom Jahre 1884“
43 1562 567 1637 e Interpellationen ein¬
1747 1577 2246 1663 gestellt werden können.
577 1597 1733 1658 Untersuchung und Beschlußfassung durchführen läßt und
50 1604 552 1680 n der ungarischen Dele¬
1837 1625 2908 1693 In der österreichischen Delegationssitzung am 7. Juni
580 1647 1737 1708 es bisher nicht der Mühe werth fand, diese Vorschrift
41 1669 557 1738 er diesbezüglichen Inter¬
1754 1672 2893 1750 d. J. hat Dr. Sylvester folgende Interpellation ein¬
572 1698 1736 1763 zu cassiren und eine neue, den modernen Anschauungen
43 1708 553 1781 nschefs FML. Ludwig
1749 1725 1948 1815 gebracht:
583 1754 1736 1813 angepaßte herauszugeben. Weiter sagte der Herr Sections¬
45 1757 555 1829 s Reichskriegsministers
1866 1747 2902 1831 „An den Reichs=Kriegsminister wird die höfliche Anfrage
578 1788 1738 1852 chef, daß er seinerseits nicht wünschen würde, daß an dieser
44 1807 558 1880 ehen hier auf die Er¬
1762 1803 2911 1874 gestellt, ob die Absicht besteht, die „Vorschrift über das ehrenräth¬
1629 1840 1731 1894 in
578 1845 1650 1902 Institution gerührt werde. Dieser Ausspruch steht
1755 1844 2908 1909 liche Verfahren im k. u. k. Heer vom Jahr 1884“ auch weiterhin
46 1854 556 1928 gleich dies — so lange als
578 1875 1739 1944 directem Gegensatz zu dem, was der Redner in derselben
1762 1900 2904 1949 in Wirksamkeit zu belassen. Diese höfliche Anfrage geschieht aus
49 1903 563 1980 Haffen werden, die unsere
1751 1923 2904 1985 dem Grunde, weil uns diese Vorschrift nicht nur als sehr veraltet,
581 1937 1738 1997 Sitzung über das Militärstrafgesetz sagte: „Die Reform
70 1952 559 2020 so lange es möglich ist,
1760 1954 2899 2025 sondern auch in jeder Weise als sehr reformbedürftig erscheint,
577 1964 1733 2041 des Militärstrafverfahrens ist allerdings eine Seeschlange.
72 1996 549 2058 und Gekränkte unter Um¬
1751 2000 2901 2063 denn dieselbe lehnt sich zu sehr an das ganz veraltete Militär¬
577 2038 1737 2092 Die Vorlagen befinden sich bereits bei den beiden Landes¬
1752 2035 2902 2100 Strafgesetz an. — Hier wie dort vereinigen sich ie Functionen
58 2051 557 2111 iGericht zu erwarten hat
584 2084 1733 2152 vertheidigungsministerien, und das weitere Verfahren geht
1762 2087 2915 2137 des Anklägers, Untersuchungsrichters und Richters in einer Person.
44 2100 557 2175 pollen uns nur mit dem
1748 2129 2897 2183 Jedermann muß sofort bei Durchsicht dieser Vorschrift die gau¬
575 2134 1739 2191 die Gesetzgebung an. Die Grundprincipien, auf denen
82 2140 557 2224 befassen, das aber leider
1759 2162 2912 2219 ungerechtfertigte, allzuweitgehende und große Einflußnahme auf¬
575 2172 1728 2233 das Verfahren basirt, entsprechen vollkommen den mo¬
1756 2204 2909 2273 fallen, die dem zuständigen „ehrenräthlichen Ausschuß", welcher
581 2231 1734 2292 dernen Anschauungen. Diese Principien stimmen im
1751 2247 2487 2308 aus vier Personen besteht, eingeräumt ist.
45 2216 562 2301 tionssitzung am 10. Juni
576 2272 1739 2335 Wesen mit den Anforderungen des modernen Processes
1848 2253 2909 2340 Dieser „ehrenräthliche Ausschuß“ leitet die Vorverhandlung,
45 2291 565 2348 ekelfalussy mehrere An¬
1754 2324 2910 2377 führt dann in weiterer Folge das Untersuchungsverfahren durch,
587 2324 1733 2382 überein, sowohl, was das Verfahren während der Haupt¬
50 2330 563 2401 en haben wir mehreres
1754 2359 2903 2412 verfaßt auf Grund dieser Untersuchung den „gutachtlichen Vor¬
577 2374 1740 2435 verhandlung, als was jenes vor den betreffenden Gerichten
35 2380 566 2443 kannt, in denen auf dem
2598 2399 2676 2446 —
2654 2394 2916 2447 Er stimmt in
1759 2385 2552 2447 trag“ und stellt schließlich auch den „Antrag“
586 2423 1735 2477 anbelangt. Diese Principien sind: Trennung der Ob¬
1753 2438 2909 2492 der durch seine Einflußnahme einberufenen Officiersversammlung
38 2433 565 2499 rens die politische Ueber¬
1994 2484 2910 2531 In weiterer Folge tritt dieser „ehrenräthliche Aus¬
583 2471 1736 2542 liegenheiten des Klägers, Vertheidigers und Richters;
1942 2481 2020 2521 —
1761 2472 1913 2532 mit ab.
44 2479 560 2542 #e daß diese gegen die
1766 2519 2911 2570 schuß“, welcher aus vier Personen besteht, in den einberufenen,
581 2524 1734 2579 Oeffentlichkeit, Mündlichkeit, Unmittelbarkeit; freie Er¬
47 2514 567 2585 Der Reoner brachte einen
1759 2522 2915 2605 aus neun Mitgliedern im Ganzen bestehenden „Ehrenrath“ ein
577 2570 1730 2630 wägung der Beweise und die Rechtsmittel der Berufung
39 2574 562 2641 nrath einen Freispruch
1756 2593 2905 2642 und stimmt hier wieder über seinen eingebrachten „Antrag“ ab,
580 2624 1733 2682 und Nullität.“ Warum will man nicht auch das ehren¬
49 2614 562 2685 glich herausgestellt hatte,
1759 2623 2912 2684 so daß, da die Beschlüsse mit Stimmenmehrheit gefaßt werden,
1762 2672 2911 2717 nur eine einzige Stimme nothwendig ist, um das Urtheil über
585 2645 1734 2723 räthliche Verfahren diesen löblichen Principien anpassen?
51 2670 567 2745 id unrichtiger Informa¬
1763 2704 2297 2778 den Beschuldigten zu sprechen.
588 2716 1741 2774 Warum soll auch noch weiterhin die Rolle des zuständigen
134 2712 562 2787 der Ehrenrath das
1860 2720 2914 2802 Eine große Härte ist es, das man den betreffenden Officier
576 2760 1737 2826 ehrenräthlichen Ausschusses erhalten bleiben und ihm die
58 2755 462 2827 des Officierscorps
468 2767 569 2825 und
1767 2775 2913 2838 ohne jede Altersversorgung entläßt, und daß demselben eine Be¬
592 2809 1742 2881 Functionen des Untersuchungsrichters, Anklägers und
75 2816 570 2876 gegentheilige Fall, daß
1767 2830 2909 2887 rufung unmöglich ist Dem pensionirten Officier, welcher
1762 2866 2919 2927 ehrenrätblich verurtheilt wird, beläßt man den Ruhegehalt, dem
586 2860 1145 2935 Richters belassen werden?
81 2857 572 2928 oder mangelhafter In¬
1761 2904 2917 2953 activen Officier wird derselbe auch dann vorenthalten, wenn er
679 2898 1740 2966 In seinen weiteren Ausführungen führte Sectionschef
43 2904 574 2962 ssen wurde, ist sehr oft
1770 2951 2867 2997 selbst mit Auszeichnung im Frieden wie im Krieg gedient hat.
48 2957 572 3027 de in einem solchen Fall
580 2946 1740 3017 Jekelfalussy an, daß weder in den Dienstreglements noch
1854 2970 2915 3030 Die Kriegsverwaltung wird ersucht, dahin zu #isken, daß
593 3011 1746 3064 in der Vorschrift über das ehrenräthliche Verfahren des
115 3000 568 3067 es blieb bei der un¬
1755 3008 2908 3080 eine neue, den modernen Anschauungen vollkommen entsprechende
1764 3049 2914 3113 „Vorschrift für das ehrenräthliche Verfahren“ ausgearbeitet
49 3045 562 3109 rtheilung. Der Sections¬
589 3059 1738 3112 Duells Erwähnung geschieht, vergißt aber darauf, daß im
1761 3098 2921 3148 werde, nach welcher mit vollster Gerechtigkeit Beschlüsse gefaßt
586 3101 1739 3159 Militärstrafgesetz das XIV. Hauptstück „Von dem Zwei¬
64 3099 574 3177 on solchen Fällen nichts
1760 3120 2910 3194 werden können. — Die bisherige Vorschrift schließt jede Gerechtig¬
592 3132 1738 3214 kampf“ handelt. Zum Schlusse bespricht er die Affaire
1757 3166 2121 3248 teit vollständig aus.
594 3175 1750 3258 Tacoli=Ledochowski und behauptet, daß Graf Ledochowski
1856 3197 2924 3264 Bei Schaffung einer neuen Vorschrift müßten folgende
59 3181 572 3273 führte weiter aus: „Man
54 3257 2919 3334 ausgesetzt, daß er auf um eine Revision des ehrenräthlichen Verfahrens und] Punkte ganz besonders berücksichtigt werden: 1. Der ehrenrath¬
