3248 4096
1269 197 1682 293 box 1/10
242 197 1094 301 10. Leutnant Gustl
989 248 1110 311 en n
569 260 921 310 nn une nin den  n
543 259 587 299 —
687 513 2778 601 Das Unrecht an Aarou Schnitzler.
2871 527 3020 611 —ee
250 592 2026 667 Armer Aaron, glänzendster Dichterstern im Augias¬ arischen Weibe eine Gojin, die zu nichts and
2061 615 3243 679 emn da ist. ration, die ihm nicht nur jeder Offieier, sondern auch jed
183 646 1233 713 Musenstall „Jung=Jiraels“, reste „Jung=Wiens“ welch'
2311 660 3256 709 #tiemanlike fühlende Civilist nachempfinden kann, ##
1219 655 2239 705 als eine Beute jüdischer Geilheit und Brunst zu werden.
180 679 1189 746 bitteres Unrecht ist Dir geschehen, als man Dit das goldene
2289 692 3257 741 ein Taschenmesser heraus une stößt es dem Bäcker inh
1220 700 2232 754 Das ist nun, Gott sei Dank und mit Ausnahme einiger
1223 738 2240 795 weniger perversen Frauene #er. einiger Mestizinnen.
2478 731 3260 793 dieser todt am Platze bleibt. So hande
251 754 1178 826 Alle österreichischen Frredentisten: alldeutsche, unga¬
1220 779 2237 821 die sich ja schließlich auch Aschautis paaren, in Wirh¬
2436 781 3014 828 und Gemtlemen in Wirklichkeit.
169 811 1188 859 rische, italienische, czechische und vor allem das verftuchte
2440 790 3253 863 aus dieser Wirklichkeit hast du den „Lientenm
1225 814 2113 866 sichkeit geradeso wenig wahr, wie der von einem stin
173 849 1185 899 und „millionenmal gottverfluchte israel irredenta haben
1231 857 2150 909 Juden abgeohrfeigte Lientenant. Aber wozu hat der Au
2383 859 3258 910 gemacht. Du haft also das wirkliche Ereign
174 892 1189 941 decennienlang den k. u. k. Offieier ungestraft als Pflock
2276 896 3249 948 g#rele umgekehrt, du hast aus dem Bäck den „verfluchte
1232 895 2138 945 leben seine orientalische Phantasie, gen? Du schreibst
181 932 1182 979 behandein dürfen, an dem sich jedes irredentistische Schwein
2391 934 3250 988 gemächt und den Officier zu einem armselige
2158 860 2234 986 70
1225 934 2147 988 einfach die „Liebelei“ und „Anatol“ und es geschieht
2275 935 2403 984 Kerl¬
182 974 1174 1042 reiben durfte, und nun auf einmal wird Ernst gemacht und
2158 975 2226 1030 Hof¬
2274 967 3250 1021 schwachen, dief gebemüthigten Wesen umronstruirt. Alle
1227 963 2120 1018 nicht nur nichts, sondern Du wirst ein gefeierter k.
171 1013 941 1074 gerade bei u koscheren Jüd'?! Wie heißt?!
2292 1011 3255 1071 hanger — eins, zwei, drei! Geschwindigkeit ist kein
2171 1013 2227 1066 ein
1229 1013 2112 1065 Burgtheater= Dichter und simmtliche Con
257 1048 913 1097 In dumm, armer Aaron, nir wahr?
2300 1051 2414 1107 ererei.
1224 1046 2146 1101 ergötzen sich an Deiner „Liebelei“, die ungefähr
254 1070 1178 1158 Was sind denn das auf einmal für Staatsmarimen
2349 1065 3198 1136 Gelt. Aaronleben, das hat dir gefallen und
1225 1084 2151 1136 dem Satze gipfelt, daß es für jedes arische Weid ein
181 1113 568 1188 im Hause Oesterreich?
3180 1108 3257 1173 un
2280 1130 3199 1182 Weltjuhine die in allen Ossteierskasines aufliegt
1227 1129 2226 1174 höheres Glück und eine größere Ehre sei, die bloße Ge¬
249 1140 1181 1217 Was hast Du, armer Aaron, denn anderes gethan
2271 1171 3260 1215 die dich zum erstenmal publicirte, und dem „Wien
1221 1169 2235 1215 liebte und Maitresse eines dreckigen Jnden zu sein, als
2286 1208 3249 1258 Verlag“, der dein Buch herausgab, und dem Bährlede
171 1185 1188 1253 mit dem „Lieutenant Gustl“, als was Du schon vor vielen
1228 1211 2233 1275 die ehrliche Gattin eines Ariers, der ja eigentlich nur eine
2283 1242 3249 1292 der dich entdeckte, und allen Irredentisten und ganz Isra
175 1244 1182 1299 Jahren und viel schärler mit dem „Freiwild“, mit der
1227 1246 1508 1313 Thierseele habe.
2277 1282 3260 1336 und der ganzen gottsverfluchten jüdisch=westnzischen Mise
166 1282 1180 1349 „Liebelei“ und dem „Anatol“ gethan hast, Du gefeierter
1306 1261 2233 1339 Und zum drittenmal, Aaronieben, du bist ein Jude
2272 1314 3258 1373 noche, die an unserm arischen Mark und Blute frißzt un
216 1310 702 1382 k. Hef-Burgtheater=Dichter!
1227 1310 2234 1372 und kommst auf deine alte Liebe, vielmehr auf deinen
260 1347 1187 1414 Uund darum Räuber und Mörder! Darum nicht mehr
2285 1362 2696 1419 saugt, ihr Höllenhunde!
1234 1366 2227 1410 alten Haß zurück und willst wieder einmal in einem sictiven
117 1399 176 1459 Ab
2356 1374 3231 1449 Und da — Wunder über Wunder — auf einmel
176 1374 1188 1441 Oberarzt in der Evidenz, sondern ganz gewöhnlicher, ge¬
1225 1405 2221 1447 Lientenant den ganzen Offieiersstand tief verletzen und de¬
2282 1440 3258 1489 du es am wenigsten erwartet hattest, kommt der Ehrenra
172 1441 1179 1492 meiner Sanitätssoldat, sozusagen Kramfutter geworden!
1231 1440 2235 1487 müthigen. Du erinnerst dich an eine reale Begebenheit.
3183 1476 3259 1525 d
2278 1479 3197 1528 und nimmt dir weg den martialischen Federbusch,
242 1480 1179 1549 Da soll sich denn noch ein Mensch in Oesterreich aus¬
1229 1480 2238 1526 die sich vor einigen Jahren in Wien abgespielt. Ein mit
133 1494 262 1571 ##kenn
248 1514 337 1567 en!:
2276 1515 3257 1568 glitzernden Säbel, das goldene Porte d’épée, mit den
1232 1516 2231 1570 Wartegebühr beurlaubter Hauptmann sitzt in Civik im
2279 1549 3253 1604 du totz allem Hasse in den jüdischen Salons doch ger:
258 1533 1188 1616 Du bist ein Jnde, Aaron, und haffest naturgemäß alle
1221 1562 2235 1608 Gasthaus und sucht sich aus dem Brotkorb seine Semmel
2270 1596 3251 1661 vor den Kallen Parade gemacht hast, wenn sie flüsterter
175 1591 1174 1643 Arter und die Krone und Syige allen arischen Wesens,
1223 1601 2227 1647 aus. Ein protziger Bäckermeister, eine richtige Wiener Be¬
108 1602 174 1646 v0
174 1637 1186 1686 die Soldaten, die cfliciere, aus dem tiefsten Grunde
2285 1634 2858 1695 „Golt, wie prächtig er aussieht!“
2354 1659 3257 1725 Pan ist's aus damit und du mußt es dir genug sei
176 1673 1181 1731 Deiner Jndenseele. Viel zu feige, um in Wirklichkeit einen
1220 1682 2229 1728 dieserwegen in ebenso ungerechtfertigter als tief beleidi¬
2281 1707 3260 1768 lassen, der Lieblingsdichter aller Juden und Mestiz
170 1715 1180 1762 Officier auch nur schief anzublicken, hast Du Dir das
1221 1716 2233 1765 gender Weise anzurempeln. Was soll der Hauptmann
183 1754 1180 1798 siktive Vergnügen geleistet, im „Freiwild“ einen k. u. k.
2277 1748 2427 1821 zu sein.
1227 1747 2236 1801 koun? Er ist in Civil. Er geht hinaus und wie der Bäcker
2345 1765 3223 1842 Nun, Aaron, dir ist jetzt wirklich bitteres Unrecht
172 1793 1176 1845 Officier auf der Bühne abehrseigen zu lassen, und nir,
1228 1792 2229 1844 kommt, verlangt er dessen Karte und Satisfaction. Der
2292 1816 3229 1875 cehen, denn alles das hätte schon vor vielen Jahren
166 1827 252 1895 gar
236 1827 936 1873 rix is dem koscheren Aaron geschehen!
1220 1833 2237 1885 gemeine Bäck antwortet mit einer Unfläthigkeit und droht
2287 1866 3237 1934 schehen müssen, wenn in unserm armen Oesterreich
258 1847 1177 1920 Du bist ein Jude. Aaron, und erblickst naturgemäß
1220 1883 2240 1924 mit Handgseiflichkeiten, er ist gern bereit, sich zu prügeln,
2286 1902 3027 1975 ein bischen Ordnung und Verstand wäre.
180 1909 1182 1956 und in Uebereinstimmung mit Deinem Talme# in jedem
1219 1915 2239 1979 nicht aber sich zu schlagen. Der Hauptmann, in der Despe¬
2571 2001 2737 2075 44. —
1989 2095 3211 2200 Mrude seither, also seit 3 Jahren, ununterbrochen fort¬
2032 2162 3210 2244 gesetzt. Die vollständige Leidensgeschichte des
2021 2213 3207 2298 Schwachsinnigen wird im nächsten Hfeft erzählt, da
1141 2116 1510 2339 aue
2032 2256 3204 2342 sie heute Raummangels halber nicht mehr unterge¬
2022 2311 3195 2390 bracht werden kann, Hlingegen bitten wir unsere Leser
2023 2363 3197 2435 die vorsteheml citirte Zeugenaussage jenes Irrenarztes,
993 2379 1101 2463 26 —
2035 2405 3194 2485 der den Z. wegen gefährlicher Drohung belangte,
2022 2453 3208 2541 gefalligst mit dem von demselben Arzt unterfertigten
558 2488 1634 2573 Die „Neue Freie Presse“: Ein vom Geiste Wippchens dictierter
2021 2512 3204 2588 Gutachten vom 5. December 1896 zu vergleichen. Der
439 2555 1627 2609 Leitaftikel, in dem der Börsenwöchner die baldige Wiedergeburt des
2027 2546 3200 2640 Her Director läugnete in seiner Zeugenaussage be¬
2029 2594 2645 2682 kanntlich, dass er den Z.
440 2605 1633 2662 Liberalinmus weihevoll ankündigt. Ein festlicher Staberl, mit einem
2669 2619 3193 2680 als „unheilbar“ erklärt
449 2653 1634 2718 bis zum Schyrachsinn geschärften Erinnerungsvermögen. Ein echter
2015 2650 3197 2735 hätte, eine Verantwortung, die sich nach dem von
438 2709 1628 2758 st—g. an deri man erst seine Freude hatte, wenn man ihn zeilen¬
2022 2704 3200 2784 uns reproduciten Gutachten als unfahr und haltlos
2003 2743 2091 2820 e
447 2753 1637 2813 weise zerlegte und den schönen Satz festhielt: -Ein besonders
2317 2753 2594 2824 apienti sat
2808 2769 3171 2849 (Portsetzung folgi)#
440 2800 1640 2857 schönes Exemplar ist ein heiterer, ein lustiger Wurstel Ein
3063 2841 3125 2903 1#
434 2853 1632 2918 Patent hat sich sein glücklicher Erfinder auf ihn genommen. Er ist
2539 2848 2669 2923 180
444 2908 1631 2965 dessen Lieblingswurstel, er ist ihm, wie jener erklärt, ans Herz
436 2947 1628 3011 gewachsen.s Aber das kann man schließlich jetzt jeden Sonntag
2855 2860 3199 3016 R
2412 2936 2838 3031 Sturmwarte.
448 3000 1622 3052 haben. Der festliche Anlass verlangt etwas besondercs. Und so wurde
2131 2993 3198 3100 Militärburlesken sind in Oesterreich wieder einnal auf
440 3044 1622 3109 denn eine literarische Beilag,, hergestellt, die oben ein Stimmungs¬
2020 3055 3197 3149 der Tagesordnung. Eigentlich sind sie bei uns wie überall, wo der
438 3092 1631 3151 gedicht an den Paprika-Schlesinger, unten eine Novelle von Arthur
2011 3110 3199 3186 heilige Militarismus mit dem blanken Säbel waitet, immer auf der
449 3149 1626 3198 Schnitzler enthielt. Zur Erhöhung der Pikanterie fehlte in dem größten
2010 3163 3194 3236 Tagesordnung. Und es ist ja natürlich, so natürlich, wie es im Win¬
433 3192 1629 3256 Theile der Auflage der Schluss der Novelle, und der Leser musste
2001 3203 3197 3301 ter schneien und gefrieren muss! Nur wenn der Excess zu bunt und
437 3249 1627 3303 sich an dem Gedichte des Paprika-Schlesinger, das vollständig war,
2003 3255 3194 3348 der Lärm darüber zu laut wird, pflegt man sich dann ein wenig zu
435 3293 1632 3348 schadlos halten. Von einem Proteste des Dichters — oder seiner
2011 3312 3183 3392 ereifern. Aber der Eiler verfliegt in der Regel sehr bald und es
436 3341 1626 3395 fünf Kritiker — gegen diese feinsinnige Placierung und die technische
2005 3359 3183 3446 stellt sich im Handumdrehen dann wieder das bekannte sgute Ein¬
433 3387 1631 3449 Sorgfalt, die der Novelle von der „Neuen Freien Presse“ gewidmet
2019 3405 3184 3479 vernehmen des Civils mit dem Militäre, wie die vulgäre Phrase
441 3436 1623 3503 ward, hat noch nichts verlautet. Dagegen soll der Paptika-Schlesinger
2005 3462 3180 3529 lautet, wieder ets. In Bozen scheint das ygute Einvernehmene dies¬
438 3485 1628 3544 sich bei der Administration über die seltsame Zusammenstellung
2000 3509 3180 3590 mal ein wenig noch auf sich warten zu lassen. Vielleicht darum,
442 3542 1637 3589 beschwert haben. Die Stimmung, die das Gedicht erzeuge, weide durch
2006 3570 3178 3640 weil die Bürger der genannten südtirolischen Stadt mehr Mannes¬
440 3588 1638 3648 den andern Beitrag zerstört. Die Ausfälle Schnitzlers gegen das
1990 3590 2499 3672 muth besitzen als anderswo.
438 3629 1633 3691 Militär seien der Firma höchst peinlich gewesen. =Wie?: — schloss
2118 3652 3182 3732 Während in Bozen eine der üblichen Säbelevolutionen von
438 3688 1626 3747 das Schreiben — -Oberm Strich müht sich unser Hausdichter ab,
2007 3693 3173 3786 einem der leider sehr bekannten schneidigen Officiere, die fast typisch
439 3731 1616 3789 in klingenden Versen die Herren Officiere für unsere Reit- und Jag.-
1996 3749 3168 3824 geworden sind, nicht allein bei uns, sondern überall, wo das Ge¬
450 3785 1634 3847 stiefel zu interessieren, und unterm Strich deutet Schnitzler an, dess
1994 3810 3175 3883 schlecht derer von Brüsewitz blüht, ausgeführt wurde, hat eine ganze
434 3828 1630 3898 die Cadettenschüler hinausgeworfene Gymnasiasten sind? Möge die
1994 3859 3174 3935 sehr schneidige Körperschaft ein andere: Stückchen zum Besten
436 3880 1631 3934 geschätzte Administration nicht vergessen, dass das Blatt ohne die
1992 3902 3175 3978 gegeben. Der Docter der gesammten Heilkunde und Regimentsarzt
438 3930 1651 4002 Dichter leben kann, aber nicht ohne die großen Geschäftsfirmen!
1997 3957 3170 4030 der nichtactiven Landwehr Arthur Schnitzler, der bekannte
