3276 4037
288 127 840 207 10. Leutnant
879 127 1103 205 Gust
1293 133 1652 218 box 1/9
471 175 1125 243 eeenee
774 1122 1274 1226 Oesterreich=Ungarn.
850 1196 1208 1265 Wilitär=Affairen.
560 1251 1546 1331 tz Wien, 24. Juni. Von Zeit zu Zeit ergeben sich auch
496 1281 1533 1370 bei uns zu Lande Zwischenfälle, die niemals aufhören werden,
498 1330 1536 1401 solange das unnütze Säbeltragen im Frieden den Offizier, der
497 1381 1538 1451 an überspannten Ehrbegriffen klebt, zu rascher Waffenthat reizt.
498 1418 1541 1488 Dem Bozener Fall, der jetzt die Oeffentlichkeit erregt, fehlt
499 1461 1532 1538 sogar das mildernde Moment augenblicklicher Aufwallung.
499 1508 1533 1582 Der Oberleutnant Repaszky, der den harmlos seines Weges
493 1548 1527 1622 gehenden Magistratsbeamten Rudolf mit dem Säbel atta¬
412 1577 460 1632 „
497 1595 1526 1665 kirte, hat sich mit kaltem Blute wegen einer Affaire aus der
417 1617 454 1664 „
474 1629 1527 1709 Lökalchronik revanchirt, in der etliche Bozener Offiziere eine
421 1692 467 1737 „
491 1677 1519 1756 keineswegs erhebende Rolle spielten. Ehre war dobei nicht auf¬
492 1726 1525 1796 zuheben, auch nicht zu schützen. Das Corpskommando soll eine
377 1757 459 1828 Abo
454 1742 1524 1840 strenge Untersuchung zugesichert haben und der Tiroler Landtag
377 1817 457 1868 Abo
483 1809 1522 1881 hat sich zur Dringlichkeit einer solchen gemeldet; erfahren wird
487 1851 1513 1928 man darüber, wie das bei solchen geheimen Untersuch
478 1883 1116 1958 ungen gewöhnlich ist, wohl nichts.
1122 1912 1526 1971 Neben dieser Militär¬
385 1941 445 1991 In
486 1943 1510 2009 affaire aus dem Süden hat in Wien selbst das ehren
383 1982 445 2029 b1
484 1979 1522 2055 räthliche Urtheil gegen den Regimentsarzt und Dich'r Arthur
385 2021 447 2064 Wo
497 2021 1526 2103 Schnitzler viel von sich reden gemacht. Die militärische
482 2060 1523 2142 Maßregelung eines anerkannten Schriftstellers, der einmal ein
390 2103 440 2142 we
485 2108 1533 2187 den Offizierskreisen unangenehmes Sujet gewählt hat, kann
477 2159 1524 2233 man nur kleinlich nennen. Ernster ist die Sache darum nicht
442 2199 1520 2272 gezu nehmen, weil sie der davon Betroffene selbst nicht ernst ge¬
482 2247 1516 2310 nommen zu haben scheint. Denn wäre dem Autor des „Leut¬
483 2288 1519 2355 nant Gust!“ an der Offizierscharge gelegen gewesen, dann hätte
477 2333 1517 2399 er dem Rufe vor den Ehrenrath Folge geleistet. Im Uebrigen
481 2368 1513 2441 dürfte wohl Schnitzler darin Recht haben, daß nicht er bei diesem
477 2411 1518 2480 Urtheil der Blamirte ist. Das hai man auch in unseren Militär¬
475 2452 1513 2528 kreisen empfunden, und kein Geringerer als der Chef des Gene¬
472 2494 1516 2572 ralstabs Baron Beck war es, der die Entscheidung des Ehren¬
475 2550 1513 2614 rathes zu verhindern bestrebt war, weil er mit rich¬
467 2582 1521 2660 tigem Takte erkannte, daß der Ehrenrath hierdurch nur
484 2624 1516 2712 sich selbst kompromittire. Schnitzler ist eigentlich nur der
470 2669 1513 2740 Rivalität zwischen Heer und Landwehr zum Opfer ge¬
480 2713 1512 2788 fallen. Er war Regimentsarzt der Landwehr, und
469 2754 1517 2831 der Ehrenrath der Landwehr hat an diesem Exempel zeigen
472 2805 1508 2864 wollen, daß er in Bezug auf rigorose Auffassung der Offiziers¬
466 2841 1504 2914 ehre nicht hinter dem Ehrenrath der Armee zurückstehe. Kleine
473 2885 1512 2960 Ursachen, kleinliche Wirkungen. — Eine viel einstere Ehren¬
473 2931 1510 3006 affaire beschäftigt gegenwärtig die österreichischen Offizierskreise.
472 2971 1501 3051 Dem Herrn v. Krieghamme; ist es nach glorreicher Be¬
479 3012 1505 3097 iegung der gehorsamen Delegation n gelungen, seine Position
479 3066 1501 3133 beim allerhöchsten Kriegsherrn von Neuem zu festigen. In
467 3100 1507 3175 seinem gehobenen Selbstgefühl hat er gegen den Präsidenten des
472 3145 1504 3218 Offiziers=Pensionisten=Vereins, mit dem die Kriegsverwaltung
464 3187 1506 3266 bekanntlich in Fehde liegt, den F3M. Kober, die Offensive
458 3236 1494 3302 ergriffen. Einstweilen ist die Voruntersuchung gegen
463 3272 1506 3352 den General eingeleitet, weil er es wagte, auf die von Herrn
462 3321 1494 3394 v. Krieghammer erhobenen, durch nichts begründeten Anklagen
463 3359 523 3407 —
529 3363 1496 3425 nicht zu schweigen. Die Sache macht böses Blut in
457 3404 1496 3469 Offizierskreisen. Man munkelt sogar, der greise, obendrein
447 3444 1501 3529 herzkranke General solle in der That seiner Charge verlustig
457 3497 1489 3562 erklärt werden. Das wäre eine Kraftprdde,die Herr v. Krieg¬
444 3522 1182 3606 hammer unmöglich lange überdauern könnte.
1570 1488 1716 1558 inclusive
1582 1547 1701 1595 Porto.
1572 1582 1716 1636 Zahlbar
1549 1622 1729 1688 im Voraus
1533 1672 1765 1756 hitte ist das
1538 1738 1763 1793 steht es den
1540 1784 1625 1832 dern.
1536 1833 1763 1918 nthaltend dit
1522 1902 1763 1962 rMorgen
1538 1943 1743 1993 ner Zeitung
1527 1982 1756 2034 aftliche Leber
1546 2018 1759 2082 Mittheilunge
2375 957 2474 1007 ** *
2375 1029 2736 1103 Telefon 12801.
1913 1144 3193 1217 Alex. Weigl’s Unternehmen für Zeitungs-Ausschnitte
2917 1199 3062 1255 Ausschaltt
2942 1223 3199 1343 Nr. 56
2249 1209 2861 1351 „OBSERVER“
1861 1231 2007 1355 105
1856 1345 3250 1415 I. österr. behördl. conc. Bureau für Zeitungsberichte u. Personalnachrichten
2030 1416 3083 1485 Wien, IX/1, Türkenstrasse 17.
2170 1491 2887 1576 — Filiale in Budapest: „Figyelé“
1849 1570 3257 1641 Vertretungen in Berlin, Chicago, Genf, London, Newyorà, Paris, Rom, Stockhelm.
2844 1645 3077 1762 (inn. Jorin
1845 1674 2332 1767 Ausschnitt aus:
1862 1838 1999 1906 vom
2195 1817 2892 1923 10 CON
2413 1985 3024 2073 G S
1961 1972 2554 2160 C
2166 2148 3210 2230 n Das „Berliner Tageblatt“ erhält zum „Fall
2008 2208 3200 2256 Schnitzker“ aus Wien eine Mittheilung, die die Sache denn doch in
2006 2251 3204 2296 einem ganz anderen Lichte als bisher erscheinen läßt. Danach hat
2001 2281 3200 2338 Schnitzler der Vorladung des militärischen Ehrengerichts einfach keine
2000 2327 3206 2377 Folge geleistet, da er sich in der Freiheit seines künstlerischen
1999 2370 3204 2408 Schaffens in keiner Weise behindern lasse. „Wenn man aber einer
2003 2404 3197 2453 achtenswerthen Körperschaft angehört, die sich durch irgend eine Handlung
2003 2482 3207 2534 Mitglied moralisch wohl verpflichtet, ihr Rede zu stehen. Und wenn
1991 2526 3194 2587 Dr. Schnitzler vor dem Ehrenrathe erschienen und die Versicherung
1999 2556 3208 2604 abgegeben hätte, daß es ihm nicht im Traume eingefallen sei, das
2002 2597 3206 2646 Offizierskorps als solches zu beleidigen, wenn er eine andere Auf¬
2007 2640 3213 2683 fassung entkräftet und mt seinen guten Gründen widerlegt hätte, so
1874 2635 1966 2706 Für
1989 2679 3207 2730 würde das Urtheil wohl nicht gefällt worden sein. Seine Haltung
1911 2701 1945 2734 „
2003 2710 3209 2769 mußte zu Mißdeutungen Anlaß geben. Als Schriftsteller, der die
1897 2729 1946 2782 „
2001 2756 3200 2807 Freihe# seines Schaffens hochhält, hat er wohl niemand Rede zu stehen
1998 2791 3208 2847 Wohl ##r als Offizier einem Ehrenrathe, der alle Kameraden vertritt
1941 2763 1983 2842 1
1991 2831 3178 2883 die sich in ihrer Ehre verletzt fühleht. Nach dieser Richtung hin kan
3183 2854 3248 2904 das
2001 2861 2586 2916 man sein Vorgehen nicht billigen“
1858 2878 3258 2939 Abonneien Aufen Keinenbestimmte Zeitdauer begrenzt; auch steht#en den
1859 2935 3108 2993 Abonnenten frei die aufgegebenen Themen zu ergänzen oder zu ändern.
1975 3014 3248 3075 Der „OBSERVER“ veranstaltet täglich einen Auszug enthaltend die
1861 3042 3253 3103 Inhaltsangabe aller wichtigen Mittheilungen der Wiener Morgen¬
1867 3090 3226 3147 blütter (Tagesjournale ausser „Neue Freie Presse“ und „Wiener Zeitung“
1866 3145 3247 3187 wollurch eine Uebersicht über das gesammte politische und wirthschaftliche Leben
1852 3173 3261 3231 des In- und Auslandes in drastischer Kürze genoten wird. Diese Mittheilungen
1867 3209 2631 3265 werden in Wien um 9 Uhr Früh verschickt.
2164 3294 2952 3370 Prospecte gratis und franco.
