3296 4064
884 124 1093 195 Gust
1298 123 1696 211 box 1/11
275 127 817 207 10. Leutnant
476 185 1125 239 0
678 1010 1017 1074 Serin N. 24.
1186 1029 1541 1100 Velephon: IIl, 3051.
735 1059 1615 1142 —
916 1123 1322 1203 Ausschnitt aus
681 1389 1318 1479 Vossische Zeitung, Berlis
975 1596 1282 1676 22 DEZ. 1903
835 1711 1264 1786 Theater und Musik.
520 1751 1603 1829 Im Rathaussaale sprach gestern Dr. Ludwig Bauer (der
473 1796 1610 1857 Wiener Gast des Vereins zur Förderung der Kunst) vor ansehn¬
482 1840 1611 1910 lichem Publikum über den Dichter Arthur Schnitzler, den der
473 1878 618 1927 Redner
617 1884 718 1922 —
725 1888 1601 1949 wohl in Übereinstimmung mit den Berliner
473 1919 1600 1985 Literaturfreunden — für den ernstesten und wirksamsten Ver¬
480 1958 1491 2016 treter der neuen Wiener Literaturbewegung hält.
1527 1976 1610 2028 Der
474 1996 1598 2066 Vortrag bildete eine dankenswerte Ergänzung zu den mehr
473 2043 1502 2100 allgemein gehaltenen Ausführungen über Jung -Wien
481 2074 1608 2141 Dr. Bauer jüngst geboten hat. Eine individuell erfaßte lebendige
469 2108 1600 2178 Gestalt sagt uns mehr als ein leicht hingeworfener, verschwimmen¬
465 2148 1604 2218 der Gestaltenzug. Von dem Hintergrunde der politisch=kulturellen
464 2187 1596 2254 Verhältnisse Österreichs, an dem allerdings hie und da ein Strich
477 2237 1598 2300 zu robust geriet, hob sich in dem gestrigen Vortrage das Bild
471 2265 1600 2330 Schnitzlers in festen Umrissen und mit bestimmtem Ausdrucke ab.
469 2305 1601 2368 Der Redner erledigte zunächst den Anteil des Milieus an der Ent¬
479 2349 1599 2403 wickelung des Dichters, um die Natur ohne Beimischung den
469 2382 1591 2448 Fremden und die im gesamten Wienertum mitwirkenden Elemente
468 2421 1595 2483 herauszugestalten. Er zeigie wie der dichterische Charakter in dem
473 2461 1586 2528 sich die Neigung zu leichtem, anmutigem Spiele mit Nachdenklich¬
466 2501 1593 2560 keit und Forschertrieb vermischt, sich halb unbewußt von „literari¬
473 2537 1598 2601 schen Walzern“ zu ernsten Gestaltungen erhob. So sehr sich die
466 2577 1586 2632 Begabung vertiefte, blieb ste in einer gewissen Enge: das Ideal des
456 2613 1589 2677 kraftvollen Mannes mit großen Zielen ist dem Dichter bis
466 2651 1585 2714 heute nicht aufgegangen. Aber erst in der Variation des Ver¬
465 2690 1582 2744 hältnisses der Liebe zum Leben, denn in der Dichtung, die von
468 2735 1588 2790 der Beziehung der Liebe zum Tode handelt, hat er Wesentliches
463 2766 1585 2834 und Eigenartiges hervorgebracht, das Echteste in seinem Drama:
469 2812 1589 2873 „Der Schleier der Beatrice“, das in seiner dichterischen Schön¬
465 2847 1581 2905 heit noch nicht voll erkannt ist. An diese interessanten Aus¬
468 2891 1579 2940 führungen schloß sich eine Reihe von Vorträgen aus Schnitzlers
450 2922 1586 2985 Werken. Dem Refecenten, der dem zweiten Teil des Abends
457 2964 1579 3015 nicht beiwohnte, wird mitgeteilt, daß Herr Giampietro mit dem
453 2998 1584 3054 Vortrag der Novelle „Leutnant Gustl“ die durch ihre feine
449 3040 1579 3113 Kunstform, ine Kusturfarbe und ihr Schicksal weithin bekannt ge¬
462 3076 1243 3146 worden, den stärksten Eindruck machte. A. K.
1987 905 2766 1017 Dr. Max Goldschmidt
2106 1013 2702 1088 #  Bureau für
2135 1082 2628 1168 Zeitungsausschnitte
1893 1157 2871 1217 verbunden mit direktem Nachrichtendienst durch
2141 1203 2621 1276 eisene Korrespondenten.
2441 1255 2817 1333 Telephon: Ill, 3051.
1950 1260 2274 1337 Berlin N. 24.
2024 1318 2869 1372 —
2180 1370 2588 1461 Ausschnitt aus
2088 1558 2668 1650 Nationalzeituog. Berin
2180 1721 2487 1796 22 UEZ. 903
2088 1791 2724 1888 Kleines Feuilleton.
1853 1884 2972 1983 2 Arthur Schnitzler=Abend im Rathanse. Der Verein zur
1813 1944 2974 2012 Förderung der Kunst veranstaltete gestern einen Arthur Schnitzler¬
1812 1988 2969 2055 Abend. Wieder war Dr. Ludwig Bauer aus Wien gekommen,
1808 2031 2978 2101 um dem Sänger des „sußen Mädels“ selbst ein Hohelied
1819 2076 2969 2140 zu singen. Um sich in der Li##eraten=Weltstadt Berlin zur
1809 2107 2975 2174 Geltung zu bringen, muß man schon einen bekannten Namen
1812 2145 2968 2214 auf der Flagge tragen und Schnitzlers Name klingt gut für
1817 2179 2965 2255 einen Vorleseabend über Jung=Wien. Nur schade, daß die andern
1811 2222 2964 2295 Wiener um dieses einen willen zu kurz kommen, daß vor allem der
1808 2260 2967 2332 Conférencier selbst, Ludwig Bauen, der als Dichter viel bedeutender,
1801 2299 2972 2369 denn als Vortragender ist, sich bl. z zum Bannerträger macht, wo sein
1800 2341 2963 2409 Fähnlein selbst stark genug wäre, in der Literatur=Schlacht auf¬
1802 2382 2961 2449 gepflanzt zu werden. Dr. Bauer hielt einen längeren Vortrag über
1796 2421 2965 2484 Schnitzler; von Anatol über „Märchen“, „Liebelei“, „Reigen“, „Frei¬
1796 2458 2955 2527 wild“, „Vermächtnis“, „Lebendige Stunden“. Grünen Kakadu“ bis zum
1796 2502 2959 2558 „Schleier der Beatrice“ den vor drei Jahren das Wiener Burg¬
1800 2539 2956 2601 theater zurückgewiesen hatte, worüber ein gar heftiger Streit
1788 2575 2953 2634 zwischen Wiener Kritik und Direktor Schlenther entbrannt war.
1820 2609 2961 2668 Der einsame Weg“, Schnitzlers neuestes Werk, das zu Beginn des
1798 2654 2960 2719 nächsten Jahres im Schauspielhause zur Aufführung kommt, blieb gestern
1793 2695 2961 2757 noch unerschlossen, dagegen las Josef Giampietro vom „Neuen
1798 2724 2957 2793 Theater“ die bekannte Geschichte Schnitzlers „Lientenant Gustl“ vor,
1793 2766 2953 2832 jene Satire über die gerettete Offiziers=Ehre, deretwegen Schnitzler
1794 2816 2951 2873 seinerzeit seinen Reservelentnant=Rang verlor. Dr. Gustav Manz
1788 2848 2954 2913 und Friederike Stritt rezitierten Szenen aus dem „Schleier
1789 2882 2960 2952 der Beatrice“ in angenehmer Art und Weise und versetzten
1793 2919 2955 2969 das Publikum in jene Stimmung, die nötig ist, einen Vorlese¬
1784 2960 2953 3016 Abend zu keinem verlorenen zu machen. Daß Giampietro seine
1784 2996 2953 3056 Wirkung hatte, ist kaum nötig zu erwähnen. Auch das Verdienst
1793 3039 2947 3120 von Dr. Bauer, Wien in Berlin so eifrig zur Geltung zu bringen
1787 3073 2173 3145 verlangt Anerkennung.
