3296 4128
1446 12 2160 148 Bästzers
1677 320 1835 420 —
2014 435 2923 544 Ertan
1324 434 1614 546 S
1765 416 1896 545 —
1283 608 2345 702 Gegründet 1896 von k. u. k. Hauptmann Alphons Danzer.
582 608 1108 712 Tbonnements=Bedingungen:
2485 610 3061 711 Repaction und Tdministration:
479 677 673 754 Ganzjährig
902 677 3119 786 K 24 = 24 Mark. Herausgeber und Chefredacteur: Carl M. Danzer. IX. Prechtlgasse Nr. 7.
470 741 666 790 Halbjährig
896 738 1167 801 „12= 12 „
1277 744 2322 829 Redacteur des wissenschaftlichen Theiles: F. u. k. Major A. Pichler.
468 756 715 841 Vierteljährig
896 777 1166 845 „ 6 = 6 „
2399 771 3138 858 Sprechstunden an Wochentagen von
1338 808 2276 894 Erscheint jeden Donnerstag.
528 813 1160 903 Einzelne Rummern 50 Heller.
2450 839 3088 910 halb 3 ois halb 5 Uhr Nachmittags.
819 867 2415 965 In Commission bei Wilh. Braumüller & Sohn, k. u. k. Hof= und Universitätsbuchhandlung,
2422 879 2790 968 Wien, I. Graben 21.
533 999 800 1090 Nr. 28.
1443 998 2108 1090 Wien, 11. Juli 1901.
2654 1002 3068 1095 VI. Jahrgang.
511 1087 2751 1185 Inhalt: Siantesehr. — Die kanze als Mass der Reierei. Von Mareus von Gzerlien, I. . 1. Gmerimaser. Gorstsuna.)—
2753 1125 3083 1179 Die „Rangliste der
680 1153 1912 1204 königlich preußischen Armee“ im Vergleich mit unserem Schematismus“.
2444 1153 3079 1209 Militärische Nachrichten. — Wochen¬
1968 1164 2410 1219 Die Wahrheit über 1870.
681 1203 3085 1245 chroyik. — Feuilleton: Wiener Rundgänge. Von Roda=Roda. — Literatur. — Inserate. — Hiezu die Beilage: Sport und Armee.
1825 1300 3134 1374 Strafgerichte nicht von Vorurtheilen frei, Geschworene fanatisch und
430 1310 643 1417 7
970 1319 1336 1423 Standesehre.
1830 1373 3132 1428 staatliche Justiz im höchsten Grade in Gefahr. Ist der Vulcan
760 1391 1520 1465 (Epilog zur „Affaire Schnitzler“.)
1832 1419 3126 1475 jedoch, je nach der mehr oder weniger kräftigen künstlichen
423 1403 498 1508 2
584 1452 1789 1532 Die Maßregelung des Dr. Arthur Schnitzler durch den
1826 1472 3123 1525 Speisung, zum Schlusse ausgebrannt, dann fallen plötzlich alle
468 1508 1785 1574 Officiersehrenrath — wegen Veröffentlichung seiner Novelle „Lieute¬
1822 1515 3125 1590 durch denselben aufgerollten, angeblich vitalen Fragen in die frühere,
1821 1560 2415 1637 hier normale Lethargie zurück.
471 1562 1791 1622 nant Gustl“ in der Weihnachtsnummer 1900 der „Neuen Freien
466 1593 1789 1660 Presse“ — ließ die in= und ausländische Tagespresse nur sehr schwer
1934 1606 3127 1669 Wenn ich nun — all dem zum Trotz — es dennoch
1835 1659 3132 1712 unternehme auf einen der erwähnten Fälle näher einzugehen, so
465 1659 1789 1718 zur Ruhe kommen. Diese Thatsache ist bezeichnend. Jede sachliche
475 1703 1784 1765 Erörterung der Mängel unseres Militär=Strafprocesses und ehren¬
1834 1706 3134 1761 thue ich dies in der Erwägung, daß der ganz specielle Leserkreis
1827 1759 3124 1818 eines militärischen Fachblattes für sachliche Erörterungen auch minder
475 1751 1783 1819 räthlichen Verfahrens und der für beide nöthigen Reform begegnet
480 1796 1786 1860 hoffnungslos nur tauben Ohren, und alle Zeit und Mühe ist ver¬
1827 1804 3120 1853 zugänglicher Disciplinen und Gebiete mehr empfänglich ist, als das
1824 1850 3127 1907 sich nur von seinem Leiborgan der Tagespresse geistig nährende Gros
474 1853 1791 1910 gebens, unseres Publicums, der Presse oder selbst der Volksvertreter
1822 1896 3122 1953 des Publicums. Ich thue es auch in der Hoffnung, daß auf diesem Um¬
481 1896 1795 1950 Interesse für die Sache auch nur flüchtig, geschweige denn nach¬
485 1943 1785 2005 haltig zu fesseln. Nahezu absolute Ignoranz auf diesem ganzen
471 1989 1792 2042 wichtigen Gebiete unseres socialen Lebens ist die Folge und, wie
1830 1993 3136 2047 denn doch ein wenig Licht und Klarheit in Betreff des gar so
1826 2031 3138 2087 angefeindeten Verfahrens der militärischen Ehrenräthe auch in
475 2023 1784 2088 leicht begreiflich, gleichzeitig auch wieder eine Hauptursache dieses
1824 2079 3136 2139 breitere Schichten der Gesellschaft dringen werde und daß nicht nit
479 2085 1788 2139 Mangels an jedwedem sachlichen Interesse. Denn heute, wo
1824 2134 3142 2205 Dr. Arthur Schnitzler seinerzeit auch diese tritische Beleuchtung
474 2117 1806 2188 Jedermann sich mitten erin im Kampf um seine eigene sociale“
473 2179 1788 2229 und auch wirthschaftliche Existenz befindet, gebricht es Jedem einfach
1833 2179 3046 2245 spurlos und ganz ohne Nutzen von der Bildfläche verschwinde.
482 2218 1784 2281 schon an Zeit, sich mit Geschehnissen und Einrichtungen, die nicht
1940 2218 3148 2295 Zunächst der Thatbestand in aller Kürze, insoweit der¬
482 2271 1785 2330 seine eigene Interessensphäre wenigstens nur mittelbar tangiren,
1827 2244 3135 2340 selbe durch die Tagespresse in die Oeffentlichkeit
471 2319 1780 2382 näher zu befassen. Und wenn schon der eigene Vortheil gar nicht
1822 2317 2081 2389 gelangte.
468 2373 1785 2427 mitspielt, müssen menschliches Gefühl, muß Leidenschaft und Schwäche
1934 2363 3127 2422 Am 15. Juni wurde dem Wiener Schriftsteller Dr. Arthur
1825 2386 3128 2466 Schnitzler ein Erlaß des Landwehrcommandos vom 1. Juni zugestellt,
480 2412 1792 2490 menschlicher Natur durch Vorkommnisse sehr heftig in Bewegung
476 2461 1497 2524 kommen, um diese auch nur flüchtig wahrzunehmen.
1821 2463 3127 2519 in dem er auf Grund eines Ehrenrathsbeschlusses vom 26. April
588 2486 1793 2571 Wenn dem Sempronius Incognitus ein allem Scheine
1836 2505 3133 2567 seiner Officierscharge für verlustig erklärt wurde. Der Beschluß sagt,
473 2553 1788 2617 nach, besonders schweres Unrecht widerfahren, so wird, wenn
1832 2562 3120 2615 daß Dr. Arthur Schnitzler dadurch, daß er als Angehöriger des
1815 2605 3118 2658 Officiersstandes eine Novelle („Lieutenant Gustl“) geschrieben und
481 2604 1781 2657 überhaupt sich Jemand findet, der den Fall zur allgemeinen
472 2651 1781 2701 Kenntniß bringt, das große Publicum aus Mitleid und ver¬
1832 2654 3120 2714 veröffentlicht habe, in der die Ehre und das Ansehen der österreichisch¬
1822 2700 3125 2754 ungarischen Armee geschädigt und herabgesetzt werde, sowie dadurch,
478 2693 1793 2768 letztem Rechtsgefühl, zum Theil noch allenfalls verstärkt durch die
481 2740 1775 2803 vorhandene Neigung zur Kritik der Thätigkeit des Nebenmenschen,
1824 2746 3112 2795 daß er gegen die persönlichen Angriffe der Zeitung „Reichswehr“
1831 2777 3128 2856 (die eine Kritik über die Novelle veröffentlicht hatte) keinerlei Schritte
481 2777 1786 2852 zumal wenn dieser Nebenmensch die Macht besitzt, dem Unrecht des
1823 2844 3126 2904 unternahm, die Standesehre verletzt habe. — Dr. Arthur Schnitzler,
469 2829 1787 2903 Sempronius Incognitus und dessen angeblichen Ursachen für einen
465 2887 1788 2940 kurzen Augenblick Beachtung schenken, um die Sache aber schon
1825 2887 3139 2962 der zu der Verhandlung des Ehrenrathes persönlich geladen war, ist
1824 2940 2462 3008 der Ladung nicht nachgekommen.
465 2925 1785 2991 im nächsten Augenblicke gänzlich und mit keinem, selbst auch nur
1937 2977 3139 3045 Auf den übrigens wohl allgemein bekannten Inhalt
475 2980 1792 3045 geringen Nutzen für die Ursache und ihre Wieiung zu vergessen.
1821 3028 3136 3088 der Novelle Schnitzler's selbst hier näher einzugehen, halte ich —
476 3032 1793 3091 Hat aber das erwähnte Opfer menschlich fehlbarer Justiz das Glück,
1820 3085 3088 3133 wie dies aus meiner weiteren Erörterung erklärlich werden wird —
474 3075 1783 3129 als Waffe dienen zu können in dem schier ewigen Kampfe socialer
1837 3121 3140 3184 für ziemlich überflüssig. Es mag genügen, einfach anzudeuten, daß
473 3124 1796 3181 Classen ums Dasein — dann wird plötzlich aus der flüchtig er¬
1822 3166 3119 3234 Herr Dr. Arthur Schnitzler in der in der „Neuen Freien Presse“
474 3174 1780 3225 wärmenden Eintagsfliege „Sempronius Incognitus“ der die ganze
1820 3210 3126 3278 veröffentlichten Novelle „Lieutenant Gustl“ eine Denk= und Handlungs¬
484 3215 1766 3274 Welt in Aufregung versetzende feuerspeiende Vulcan „Dreyfus“
1829 3266 3129 3329 weise eines fingirten Kameraden schildert, welche diesen Kameraden,
482 3252 1785 3329 „Matassich=Keglevich“, „Hilsner“, beziehungsweise „Ledochowski“,
1824 3314 3127 3381 falls er existirte, des Officierscharakters unwürdig erscheinen ließe.
486 3294 1783 3375 „Schnitzler“ und wie sie sonst noch Alle heißen. Und insolange donn
1931 3364 3133 3417 Gegen den betreffenden Officiersehrenrath werden nun vor¬
475 3364 1790 3417 der just in Thätigkeit befindliche Vulcan noch Feuer speit, beförhert
1833 3387 3127 3468 nehmlich zwei Vorwürfe erhoben. Erstens daß sich derselbe das
473 3411 1779 3467 er mit seiner Lava alles mögliche und unmögliche Angriffsmaterial
1830 3456 3127 3513 ihm nicht zustehende und in seinen Consequenzen unhaltbare Amt
474 3459 1780 3513 der nationalen, religiösen und socialen Gegensätze und diversen
469 3500 1784 3562 Classenunterschiede tendenziös zutage. Dann sind — immer aber
1819 3491 3136 3563 einer literarischen Censurbehörde angemaßt habe; wobei zum Theil
1825 3550 3131 3613 auch meritorisch nachzuweisen versucht wird, daß die Novelle
482 3549 1797 3606 nur für diese Dauer — Militärgerichte, Ehrenräthe und das ganze
1831 3601 3131 3669 „Lieutenant Gustl“ eine Verletzung der Officiersstandesehre nicht
470 3596 1788 3664 militärische Verfahren unerträglich schlecht, die allgemeinen
576 3829 1395 3968 PmWert.
