3248 4128
228 94 1064 181 10. Leutnant Gustl
1243 97 1656 206 box 1/10
377 156 1091 219 nen enen itene enenetetenenetenetentenee ensenennnen
319 303 722 417 von 7 7 7%47
605 548 2673 674 ## Der fliegende Literatur-hebräer. Be¬¬
1815 713 2550 918 Pasesgere Prese
2202 745 2701 890 ##.# #genttzier
467 843 1072 972 Seutenant Gustl—
609 1072 699 1196 2
776 1239 891 1302 9#ho
1621 1115 1940 1351 2
2669 1321 2777 1424 Oe
817 1444 2226 1547 Herr Kikeriki, ist dieses fliegende Object vom Grasen Zeppelin oder vom Kreß!
752 1469 2509 1584 Kikteriki: Aber nein, das ist ein aus dem Officierscorps fliegendes Subject, der Schnitzler:
321 1530 561 1607 #u.-
1201 1555 1738 1609 üDEFTEHeF Morgen¬
323 1570 1737 1643 blutter (Tagesjournale dllff „Nene Freie Presse- und „Wiener Zeirung“).
331 1639 1727 1689 wodurch eine Uebersicht über das gesammte politische und wirthschaftliche Leben
320 1676 1739 1718 des In- und Auslandes in drastischer Kürze geboten wird. Diese Mittheilungens
323 1711 1108 1785 werden in Wien um 9 Uhr Früh verschickt.
1900 1730 3184 1816 Alex. Weigl’s Unternehmen für Zeitungs-Ausschnitte
2898 1800 3063 1871 Ausschaltt
630 1775 1428 1873 Prospecte gratis und franco.
3056 1807 3190 1940 61
2231 1810 2846 1948 „OBSERVER“
2921 1854 3036 1949 Nr.
684 1867 1198 1970 C
1820 1932 3241 2029 I. österr. behördl. conc. Bureau für Zeitungsberichte u. Personalnachrichten
2013 2010 3084 2104 Wien, IX/1. Türkenstrasse 17.
1764 2081 2892 2183 LM ,.— Filiale in Budapest: „Figyelé“ —
1834 2169 3248 2244 Vertretungen in Berlin, Chicago, Genf, London, Newyork, Paris, Rom, Stockholm.
1831 2284 2335 2382 Ausschnitt aus:
2395 2291 2910 2419 ikerikt, Wie
1838 2440 2000 2524 vom
2015 2441 2317 2552 1½
1948 2914 2973 2986 An die p. t. Vertheidiger des p. t. Israeliten
2262 2951 2653 3022 Arthur Schnitzler.
2032 2980 2958 3062 Würde eine Studentenverbindung ein Mitglied der¬
1951 3050 2966 3099 selben, das die Verbindungsstudenten als Feiglinge und
1952 3097 2967 3143 decrepide Geschöpfe hinstellt, länger in ihrer Mitte dulden?
2025 3130 2956 3178 Würden die „Soci“ einen „Genossen“, der die „Ge¬
1953 3170 2958 3224 nossen“ als „Mogler“ bezeichnete, nicht sofort ausschließen?
2032 3213 2955 3259 Ja, würden nicht sogar die Fiaker einen „Collegen“,
1951 3249 2953 3309 der die Fiaker für Falloten erklären würde, mit Peitschen¬
1858 3241 1948 3318 Fül
3040 3264 3212 3331 inclusive
1961 3292 2495 3343 hieben vom Standplatz jagen?
1884 3307 1942 3354 „
3067 3316 3189 3364 Porto.
2035 3304 2963 3383 Und warum sollten denn gerade die Officiere weniger
3052 3351 3201 3406 Zahlbar
1958 3368 2968 3414 auf ihre Standesehre halten und einen solchen Patron im
3029 3395 3218 3464 im Voraus
1955 3410 2367 3474 Officierscorps dulden?
2589 3405 2932 3453 Ein Unparteiischer.
1953 3445 3257 3520 Im Gegensatze zu anderen Bureaux für Zeitungsausschnitte ist das
2913 3507 3250 3579 auch stcht es dem
1846 3507 2910 3556 Abonnement durch keine bestimmte Zeitdauer begrenzt; —
1842 3554 3100 3621 Abonnenten frei die aufgegebenen Themen zu ergänzen oder zu ändern.
1959 3608 3258 3692 Der „OBSERVER“ veranstaltet täglich einen Auszug enthaltend die
1852 3669 3258 3720 Inhaltsangabe aller wichtigen Mittheilungen der Wiener Morgen¬
1841 3716 3227 3762 blütter (Tagesjournale ausser „Neue Freie Presse“ und „Wiener Zeitung“
1846 3749 3259 3801 wodurch eine Uebersicht über das gesammte politische und wirthschaftliche Leben
1846 3793 3260 3842 des In- und Auslandes in drastischer Kürze geboten wird. Diese Mittheilungen
1853 3828 2628 3903 werden in Wien um 9 Uhr Früh verschickt.
2150 3885 2945 3989 Prospecte gratis und franco.
