3276 4068
512 0 595 25 —
391 16 1413 65 Farbenpholographien), 10.—212 Serien zu jedem Alas kosten per Serie (10 Stück)
1435 9 1484 59 8
690 32 1124 84 70 Heller. Zu beziehen durch
977 70 1040 115 V
132 65 297 130 Schiesten,
394 64 1403 149 Photocol Wien, Sigmund Friedl,
285 70 387 156 2
145 112 291 150 uuf eigene
656 127 1157 170 XIX., Nußwaldgasse Nr. 22.
140 140 299 174 Firmen als
379 134 1423 199 Niederlagen in den 3 Pavierhandlungen Friedl. Wien, I., Planken¬
139 163 302 205 berall stark
1434 138 1507 229 1
726 190 1243 230 Schnerstraße 1; I., Kärntnerring 17.
566 189 731 228 gasse 1; I.,
143 196 300 233 esse unter
374 196 1428 281 Auch zu haben in allen besseren Buch= und Papierhandlungen. Katalog und
186 209 304 260 22477
784 238 1005 284 Prospect gratis.
1315 245 1415 290 23441
136 314 310 381 r zu er¬
320 311 1407 369 mir immer gibt: . . ein so seelengutes Geschöpf ...
145 367 313 427 loch gar
334 358 1504 420 nicht Alles ganz anders geworden wär' wenn ich en
336 407 1496 480 Haus' geblieven wär'? Ich hätt' Oekonomie studirt, wär'
145 411 314 476 den Max
334 475 1492 526 zum Onkel gegangen. :. sie haben's ja Alle wollen, wie
150 461 311 524 en, und
327 514 1503 569 ich noch ein Bub war . .. jetzt wär' ich am End' schon
144 510 314 575 isch hat
339 551 1501 601 verheiratet, ein liebes, gutes Mädel::. vielleicht die
154 559 325 616 an, ob
1048 608 1479 668 gern gehabt:.:
342 602 908 667 Anna, die hat mich
143 605 258 671 Ha!
338 643 1506 717 auch jetzt hab' ich's noch gemerkt, wie ich
149 654 312 714 ch.?
1020 701 1187 761 war,
1183 694 1377 764 obzwar
346 683 1023 757 das letztemal zu Haus'
138 692 322 769 hieß' ich
136 752 237 805 ach“
349 740 1509 806 schon einen Mann hat und zwei Kinder:..: ich hab's
166 789 322 846 ist der
343 804 1508 855 g'seh'n, wie sie mich ang'schaut hat . .. und noch immer
169 837 317 898 Selbst¬
342 838 1503 903 sagt sie mir „Gustl“ wie früher...: Der wird's ordent¬
162 883 321 940 Mahn¬
342 883 1500 942 lich in die Glieder fahren, wenn sie erfährt, was es mit
143 912 324 989 icht viel
341 929 1150 985 mir für ein End' genommen hat —
1147 931 1509 992 und ihr Mann
137 979 308 1038 nde
330 982 1496 1031 wird sagen: Das hab' ich vorausgeseh'n — so ein
137 1022 316 1084 knt: bei
335 1019 1501 1080 Lump! — Alle werden meinen, es ist, weil ich Schulden
143 1070 322 1132 ein bißl
332 1070 1511 1125 gehabt hab' ... und es ist doch gar nicht wahr, es ist
150 1118 316 1181 ch was
335 1116 837 1186 doch Alles gezahlt::..
836 1118 1504 1173 nur die letzten hundertsechzig
138 1168 310 1233 n, aber
338 1176 1508 1233 Gulden = na, und die sind morgen da. ::.: Ja, dafür
148 1217 307 1276 machen,
338 1219 1494 1274 muß ich auch noch sorgen, daß der Ballard die hundert¬
141 1265 311 1327 micht so,
339 1267 1508 1343 sechzig Gulden kriegt... das muß ich niederschreiben,
136 1307 311 1371 kr in die
346 1316 1497 1374 bevor ich mich erschieß'::: Es ist schrecklich, es
336 1360 416 1421 ist
138 1357 318 1423 är' halt
433 1354 752 1423 schrecklich!...
765 1355 1506 1428 Wenn ich lieber auf und da¬
145 1408 310 1474 ann in
333 1407 776 1474 von fahren möcht'
775 1408 1505 1472 — nach Amerika, wo mich
336 1447 1505 1509 Niemand kennt:.: in Amerika weiß kein Mensch
146 1495 326 1569 tek und
331 1492 1393 1570 davon, was hier heut' Abends gescheh'n ist
145 1551 311 1609 bt:
344 1553 1516 1620 da kümmert sich kein Mensch d'rum. :.: Neulich ist in
194 1598 319 1658 was
333 1603 1511 1665 der Zeitung gestanden von einem Grafen Runge, der
145 1647 317 1711 n, das
344 1652 1497 1713 hat fortmüssen wegen einer schmutzigen Geschichte, und
154 1690 328 1762 gemacht
334 1695 1504 1762 jetzt hat er drüben ein Hotel und pfeift auf den ganzen
155 1743 331 1805 gekriegt
338 1753 1511 1814 Schwindel. Und in ein paar Jahren könnt' man ja
157 1788 321 1854 rhaben
341 1798 1504 1858 wieder zurück: :: nicht nach Wien natürlich :: auch
146 1837 316 1902 so jung
343 1836 1496 1895 nicht nach Graz::: aber auf's Gut könnt' ich..:: Und
151 1884 315 1945 wie ich
340 1884 1500 1950 der Mama und dem Papa und der Clara wird's doch
142 1929 328 1994 raz bei
341 1932 1482 1992 tausendmal lieber sein, wenn ich nur lebendig bleib' ...
149 1979 271 2038 abei
341 1991 1508 2041 und was geh'n mich denn die andern Leut' an? Wer
162 2026 323 2092 alt ge¬
344 2030 1499 2088 meint's denn sonst gut mit mir ?.— Außer'm Kopetzky
174 2075 317 2142 Haus
348 2075 1513 2141 könnt' ich Allen gestohlen werden::: der Kopetzky ist
166 2128 307 2182 at ...
347 2127 1508 2184 doch der Einzige. .. und g'rad' der hat mir heut' das
143 2168 314 2232 nich am
338 2172 1501 2224 Billet geben müssen::: und das Billet ist an Allem
151 2218 270 2277 bt:.
340 2221 1495 2276 schuld:: ohne das Billet wär' ich nicht ins Concert
152 2264 334 2326 b’ mich
339 2271 1497 2330 gegangen und alles das wär' nicht passirt. :.: Was ist
158 2313 315 2374 Armes
333 2316 1491 2387 denn nur passirt? Es ist g'rad', als wenn hundert Jahr'
142 2353 331 2422 setzt ver¬
336 2369 1496 2422 seitdem vergangen wären, und es kann noch keine zwei
151 2407 317 2468 st mich
344 2417 1500 2471 Stunden sein.::: vor zwei Stunden hat mir Einer
143 2454 321 2522 dir nicht
343 2470 1503 2532 „dummer Bul gesagt und hat meinen Säbel zerbrechen
142 2508 313 2566 btag zur
338 2507 1494 2566 wollen. Herrgott, ich fang' noch zu schreien an
165 2551 314 2618 wirst?
332 2557 1489 2602 mitten in der Nacht! Warum ist denn das Alles ge¬
187 2601 316 2660 nein,
340 2601 1500 2661 scheh'n? Hätt' ich nicht länger warten können, bis 's
169 2648 324 2714 denk',
333 2644 1501 2719 ganz leer wird in der Garderobe?? Und warüm hab' ich
144 2694 332 2751 u.
340 2709 1281 2764 ihm denn nur gesagt: „Halten Sie's Maul!“
142 2741 322 2808 öcht'..:
421 2737 1493 2812 Wie ist mir denn das nur ausgeruticht?s Ich bin
158 2789 327 2848 einmal
326 2804 1499 2855 doch sonst ein höflicher Mensch::: nicht einmal mit
167 2838 318 2899 einen
331 2845 1493 2900 meinem Burschen bin ich sonst so grob::: aber natür¬
163 2875 320 2946 Sieben
327 2881 1490 2940 lich, nervos bin ich gewesen = alle die Sachen, die da
142 2921 247 2991 hrt
337 2937 1498 2993 zusammengekommen sind::: das Pech im Spiel und die
148 2979 316 3042 Na, wie
334 2988 1499 3027 ewige Absagerei von der Steffi — und das Duell morgen
155 3026 315 3093 Ueber¬
339 3034 1491 3095 Nachmittags — und zu wenig schlafen thu' ich in der
171 3078 317 3138 wenn
342 3075 1496 3128 letzten Zeit — und die Rackerei in der Kasern' = das
345 3119 1498 3193 halt't mau auf die Dauer nicht aus! :.: Ja, über kurz
139 3169 322 3237 lieb sie
344 3168 1492 3233 oder lang wär' ich krank geworden = hätt' um einen
157 3213 325 3280 immer
338 3225 1491 3283 Urlaub einkommen müssen.:: Jetzt ist es nicht mehr
155 3278 1495 3348 die sie nothwendig = jetzt kommt ein langer Urlaub mit ###en¬
1612 616 1733 783 8
1584 3645 1756 3695 nt Aherente
2907 -3 3253 66 Se en
2174 -8 2348 71 S
2671 22 2768 101 1
2019 24 2089 83 1
2167 61 2652 122 Für Wasserrohrkessel.
3026 64 3272 122 Für Fouerr
2016 78 2079 121 33
2020 116 2081 162 8
2431 106 3282 158 Uebertriflt alle bisherigen Apparate
2025 145 3281 196 F. Mit demselben befreit man von den Rohren sowol Kesselstein als angebrannten Ruß, oh
1995 191 3281 249 Resselrohrreinigungs-Apparnt-Unternehmung, Wien, IX 1, Koling
2112 269 2402 328 en he
3161 309 3282 379 heißt
1985 322 3139 373 der Gebühren — haha! — Wie lang' werd' ich denn da
1988 354 3146 434 noch sitzen bleiben? Es muß Mitternacht vorbei
3158 365 3279 431 kenn
3154 411 3277 466 d'rin
1981 405 3028 468 sein .. . hab' ich's nicht früher schlagen hören?
3023 445 3133 521 Um
2524 451 3024 520 ein Wagen fährt da?
3156 456 3282 514 einen
1985 462 2436 526 Was ist denn das
3145 505 3280 567 dumt
1986 504 3136 554 die Zeit? Gummiradler — kann mir schon denken. ...
3053 550 3141 603 es
1988 546 2939 598 Die haben's besser wie ich — vielleicht
3160 549 3271 615 g'rad
1981 589 3136 639 der Ballard mit der Bertha..: Warum soll's g'rad'
1984 638 3147 696 der Ballard sein? — Fahr' nur zu! — Ein hübsches
1990 682 3148 747 Zeugl hat Se. Hoheit in Przemysl gehabt. .. mit dem
1985 746 3140 805 ist er immer in die Stadt hinunterg'fahren zu der Rosen¬
1989 788 3152 847 berg . . . sehr leutselig war Se. Hoheit — ein echter
3166 784 3230 867 sch
1977 841 3140 893 Kamerad, mit Allen auf Du und Du ..: war doch
1981 880 3133 955 eine schöne Zeit ... die Gegend war trostlos und im
3150 874 3282 945 frisch
1985 924 3128 996 Sommer zum Verschmachten . .. an einem Nachmittag
3145 932 3272 991 träun
1979 995 3139 1036 sind einmal Drei vom Sonnenstich getroffen worden ...
3144 979 3283 1040 wetter
3147 1026 3267 1086 auf!
1978 1015 3135 1083 auch der Corporal von meinem Zug — ein so ver¬
2496 1072 3135 1144 Nachmittags haben wir uns
2451 1082 2502 1131 *
1980 1068 2407 1138 wendbarer Mensch.
3155 1072 3275 1139 Heilic
1979 1118 3132 1184 nackt auf's Bett hingelegt — einmal ist plötzlich der
3144 1127 3262 1174 nur
1984 1172 3137 1225 Wiesner zu mir hereingekommen, ich muß g'rad' geträumt
3144 1160 3253 1232 hab'
1985 1227 3141 1272 haben, und steh' auf und zieh' den Säbel, der neben
3040 1259 3134 1325 der
1988 1261 3013 1312 mir liegt ... muß gut ausg'schaut haben ...
3151 1245 3271 1327 hölzel
1985 1321 3143 1371 Wiesner hat sich halbtodt gelacht — der ist jetzt schon
3146 1312 3245 1384 ich
2395 1348 3139 1423 Schad' daß ich nicht zur Cavallerie
1974 1351 2355 1422 Rittmeister.
1982 1406 3142 1469 gegangen bin . .. aber das hat der Alte nicht wollen
3145 1401 3281 1466 Duell
3144 1451 3265 1515 mich
1990 1450 3130 1505 — wär' ein zu theurer Spaß gewesen — jetzt ist es ja
3148 1504 3260 1557 denn
1989 1489 3135 1555 doch alleseins. ... Warum denn? — Ja, ich weiß
1985 1544 3137 1618 schon: sterben muß ich, darum ist es alleseins — sterben
3151 1543 3283 1615 würd
1974 1588 3140 1660 muß ich. ... Also wie? — Schau, Gustl, du bist doch
3145 1596 3274 1662 ich ka
1977 1651 3137 1706 extra da herunter in den Prater gegangen, mitten in der
3146 1639 3281 1706 geschl
3144 1689 3281 1751 Es n
1988 1697 3146 1750 Nacht, wo dich keine Menschenseele stört — jetzt kannst
3148 1738 3282 1791 dama
1976 1728 3138 1787 du dir Alles ruhig überlegen.... Das ist ja lauter
3156 1785 3279 1845 Wald
1978 1784 3136 1844 Unsinn mit Amerika und Quittiren, und du bist ja viel
1982 1826 3144 1896 zu dumm, um was Anderes anzufangen — und wenn
1982 1879 3132 1940 du hundert Jahr' alt wirst und du denkst d’ran, daß dir
3150 1876 3228 1940 ist
3147 1926 3252 1991 ich's
1984 1921 3137 1992 Einer hat den Säbel zerbrechen wollen und dich einen
1974 1975 3136 2042 dummen Buben g'heißen hat und du bist
3158 1965 3274 2037 recht.
3150 2016 3279 2083 Da 1
1976 2008 3088 2087 dag'standen und hast nichts thun können...
3151 2066 3281 2134 einzig
1985 2063 3138 2123 Nein, zu überlegen ist da gar nichts — gescheh'n ist ge¬
1985 2116 3282 2179 scheh'n — auch das mit der Mama und mit der Clara schon
1985 2156 3153 2228 ist ein Unsinn — die werden's schon verschmerzen —
1989 2220 3137 2278 man verschmerzt Alles. ... Wie hat die Mama ge¬
1982 2266 3134 2320 jammert, wie ihr Bruder gestorben ist! — Und nach vier
2932 2308 3136 2370 auf den
2893 2310 2932 2367 *
3150 2305 3273 2361 Alles
1982 2297 2855 2385 Wochen hat sie kaum mehr d’ran gedacht.
3146 2346 3282 2424 Früh
1977 2346 3140 2414 Friedhof ist sie gegangen . . . zuerst alle Wochen, dann
3145 2406 3277 2462 da —
1978 2400 3138 2452 alle Monat — und jetzt nur mehr am Todestag ——
3150 2440 3281 2509 mehr
1988 2446 3128 2503 Morgen ist mein Todestag — fünfter April — — Ob
3156 2498 3252 2552 von,
1986 2496 3132 2549 sie mich nach Graz überführen? Haha! da werden die
3156 2537 3282 2602 Ande
1982 2558 3142 2608 Würmer i" Graz eine Freud' haben! — Aber das geht
3149 2594 3281 2647 wenn
1976 2598 3139 2676 mich nich an — darüber sollen sich die Anderen den
3154 2638 3270 2699 Wein
1981 2644 3138 2702 Kopf zer echen. ... Also, was geht mich denn eigent¬
3145 2689 3252 2743 Wo
1975 2687 3140 2743 lich an? . . . . Ja, die hundertsechzig Gulden für den
3145 2732 3283 2795 Lippe
1975 2742 3131 2799 Ballatd — das ist Alles, weiter brauch' ich keine Ver¬
1974 2773 3136 2840 fügungen zu treffen — Brief schreiben? Wozu denn? An
3146 2784 3281 2847 mich,
1988 2824 3136 2882 wen denn? ... Abschied nehmen? — Ja zum Teufel
3145 2830 3275 2891 Wein
3145 2880 3269 2938 es —
1988 2880 3128 2937 hinein, das ist doch deutlich genug, wenn man sich todt¬
3140 2915 3282 2998 muß
1992 2923 3128 2980 schießt! — Dann merken's die Anderen schon, daß man
3145 2972 3275 3032 bring
1990 2970 3133 3033 Abschied genommen hat. ... Wenn die Leut' wüßten,
3159 3017 3267 3078 wird
1983 3020 3141 3073 wie egal mir die ganze Geschichte ist, möchten sie mich gar
3151 3067 3256 3123 wär'
1990 3076 3138 3128 nicht bedauern — ist eh' nicht schad' um mich.... Und
3160 3098 3280 3179 Jahr
1979 3117 3147 3175 was hab' ich denn vom ganzen Leben gehabt? — Etwas
3159 3163 3268 3223 für C
1995 3156 3145 3215 hätt' ich gern noch mitgemacht: einen Krieg — aber da
1994 3202 3283 3261 hätt' ich lang' warten können und alles Uebrige Lebta
1989 3249 3253 3322 kenn' ich : :: ob so ein Mensch Steffi oder Kunigunde das
