3392 4320
416 63 1611 104 Ernst erfullt die Mimenwelt. Die Komödianien verheimlichen nicht
413 101 1615 152 mehr ihr großartiges Selbstgefühl. Es muß doch ein erhabener Beruf
407 153 1615 214 sein, der nicht einmal Bühnenbeleidigungen duldet:... Zum Glück
410 216 1606 263 kam das gütige Zensurverbot sehr gelegen, dees Tilemma###r sein
409 245 1621 304 fühligen Schauspieler war ohne Strike gelöst und wir bekamen
411 290 1428 358 wenigstens die zwei anderen Einakter Schnitzlec's zu sehen.
542 345 1624 401 „Der grüne Kakadu“ ist längst bekannt und oft
407 391 1629 444 gewürdigt. Die Groteske, die das bewährte Bajazzomotiv mit jecker
407 443 1627 485 Anmuth in das Milien der französischen Revolution hineinwebt. Die
423 491 1615 550 glänzende Vorstellung der Reinhardt'schen Bühne konnte an den
412 552 1628 600 früheren Beurtheilungen des reichen, fast allzu reichen Einalters nichts
417 598 1624 644 ändern. Der Nörgler wird auch weiterhin das Stück verneinen, weil
424 640 1624 700 das gespielte Leben und das lebende Spiel darin so verwickelt sind,
424 685 1619 740 daß Keiner auf der Bühne und Keiner im Zuschauerraume Bescheid
413 738 1618 785 weiß. Und andererseits wird man dieser kurzen Groteske weiterhin
414 797 1626 849 nachrühmen können, daß sie die Luft der Revolution besser verspüren
408 843 1343 902 läßt, als die meisten ernsten und blutigen Tragödien.
456 904 1589 975 .. Eine „Uraufführung“ war also nur das zweite Stück Schnitz¬
371 962 1584 1030 ler's: „Der tapfere Cassian“ Eine Uraufführung, die
384 1007 1590 1064 nichts Unbekanntes brachte. Diese „Burleske in einem Akt“ wurde in
383 1057 1592 1104 der „Neuen Rundschau“ zuerst veröffentlicht und schon aus der Lektüre
387 1102 1586 1158 war die Bühnenwirksamkeit leicht festzustellen. Das kleine Stück macht
377 1153 1600 1205 den Eindruck einer Skizze, einer Studie, die wenig Interesse für Den
373 1205 1591 1260 hat, der die ausgeführten farbigen Bilder des „Reigen“ kennt. Es
382 1260 1588 1311 spielt am Ende des XVII. Jahrhunderts, in einer kleinen deutschen
374 1291 1602 1372 Stadt, hat zwei Helden und eine Heldin, den glücklichen Spieler
372 1346 1600 1408 Martin, seinen tapferen Vetter Cassian und seine schöne Geliebte
380 1398 1595 1438 Sophie. Martin packt, wenn der Vorhang aufgeht, eben seine Reise¬
377 1443 1602 1510 lasche. Er hat won den armen Studenten der Stadt tausend
377 1481 1602 1566 Dikaten gewonnen; er hat in Sophiens Armen küssen gelernt
384 1532 1596 1602 und ihr die Eide geschworen, die Mädchen gern hören;
434 1585 1593 1650 jetzt will er weiter ziehen, das strömende Blut in ihm, der blühende
378 1618 1592 1707 Frühling draußen treibt ihn fort. Da erscheint sein Vetter Cassian.
383 1695 1600 1761 Er kommt aus soviel Abenteuern, daß ein Anderer mehr Mühe hätte.
374 1735 1583 1792 sie zu erfinden, als es ihm bereitet hat, sie zu überstehen. Er erscheint, —
379 1779 1596 1823 und die schöne Sophie, die in der „dummen letzten Stunde vor dem
375 1830 1590 1891 Abschied“ kaum ihre Thränen getrocknet, ist schon in ihn verliebt. Sie
385 1884 1587 1950 soll das Abendessen besorgen, während die beiden Vettern plandern.
387 1927 1587 1973 Sie haben einander seit langer Zeit nicht gesehen, und besonders
377 1979 1598 2037 Martin hat viel zu erzählen. Er ist in Eleonora Lambriani, in die
379 2025 1595 2086 elende, herrlichste, schönste Tänzerin verliebt, er will sie in Homburg
379 2084 1588 2140 aufsuchen, vorher ein Vermögen durch das Spiel sich ver¬
384 2119 1594 2181 schaffen — als Illustration gewinnt er auch die paar
382 2171 755 2232 Dukaten Cassian's
862 2171 1594 2223 und dann ihr seinen Reichthum,
381 2219 1583 2273 sein Herz und sein Leben zu Füßen legen. Ehe er die Stadt verlasse,
381 2263 1595 2337 werde er noch Sophie sagen, daß er sie niemals wiedersehe, „und Du
378 2318 1598 2370 sollst Zeuge sein, wie sie eilends zu diesem Fenster hinfliegt, um sich
373 2366 1598 2406 hinabzustürzen“. Mit einem herrlichen Abendessen kehrt Sophie zurück;
381 2418 1593 2479 sie hat ihr ganzes Geld ausgegeben, ihr goldenes Armband versetzt und
385 2465 1595 2517 einen italienischen Kaufmann geküßt, damit der vornehme Besuch nur
383 2523 1593 2572 zufrieden sei. Sie will mit ihm zu seinem Regiment gehen, und als
385 2560 1588 2612 Martin bei dem neuen Würfelspiel Geld, Reisesack, Wohnungs¬
384 2606 1590 2663 einrichtung, den Diener, den Platz auf der Post verliert, und
381 2655 1590 2727 schließlich Sophie als Einsatz anträgt, sagt sie einfach:
388 2707 1598 2759 „Martin, ich verschenke mich selber". Es kommt zum Duell.
383 2758 1593 2807 Cassian sticht Martin ins Herz und verspricht dem Sterbenden, daß
377 2799 1589 2847 er selbst morgen Früh Eleonora Lambriani aufsuchen wird. Jetzt
386 2839 1601 2925 stürzt sich Sophie ihm zu Liebe aus dem Fenster, Cassian springt
378 2899 1584 2956 nach, fängt sie in der Luft auf und Beide langen wohlbehalten unten
381 2951 1587 3003 an. Martin verlangt von dem Diener seine Flöte und befiehlt, daß
375 3007 1592 3068 sein Leichnam um Mitternacht abgeholt werde. Dann spielt er Flöte:
375 3047 1592 3119 „Es ist bitter, allein zu sterben, wenn man eine Viertelstunde vorher
374 3094 1591 3145 noch geliebt, wohlhabend und der herrlichsten Hoffnungen voll war.
375 3142 1594 3197 Wahrlich, es ist ein übler Spaß, und ich bin eigentlich gar nicht
380 3200 1591 3258 gelannt, Flöte zu spielen.“ Läßt sie fallen und stirbt. In der Ferne
374 3240 1133 3312 klingt das Posthorn. Die Burleske ist aus.
480 3285 1589 3356 Ein Capriccio. Eine neue Phantasie über das alte Thema
375 3342 1593 3390 Schnitzler's. Ein Anatol=Gespräch im XV'II. Jahrhundert. Drei
378 3386 1587 3445 „Personen“ führen den Dialog und nur die vierte, die Tänzerin,
361 3452 1587 3499 wird hinter den Coulissen charakterisirt. „Es könnte sein, daß Du sie
381 3484 1579 3543 für einen Groschen kriegst; — es ist aber auch möglich, daß sie zehn¬
374 3533 1594 3588 tausend Dukaten fordert für einen Kuß auf die Fingerspitzen.“ Man
369 3583 1592 3629 Fkönnte über das anspruchslose Stück auch in schärferem Tone
368 3623 1587 3696 Tberichten — ohne ungerecht zu sein. Das Kleine Theater selbst hat
366 3674 1589 3730 die „Burleske“ in ein „Puppenspiel“ umgewandelt; gewiß eine Art
372 3728 1587 3790 der Kritik, wenn auch Frau Eysoldt und die Herren Ekert
377 3776 1585 3848 und Licho mit graziöser Feinheit das unhöfliche Urtheil der
377 3829 1590 3897 Direktion verkündeten. Aber Arthur Schnitzler hat in der kurzen Zeit
377 3876 1586 3939 zwischen dem Erscheinen und der Aufführung des tapferen Cassian
436 3925 1574 3981 „Den einsamen Weg“ uns geschenkt. Und für ein echtes Dichter¬
1393 3978 1544 4044 E. R.
359 3973 1103 4047 werk kann man nicht genug dankbar sein.
488 4052 1139 4127 Könialiches ##..
2052 1105 2635 1214 (Guelienangaog oune Genpy.,
1778 1103 2809 1310 Sendhnn en Jne Kaste.
2023 1298 2236 1386 4440 07
1781 1317 1983 1390 vom:
2267 1285 2931 1451 Sune eiune
1961 1494 2853 1584 Kunst und Wissenschaft
1888 1593 3022 1639 Kleines Theater: Dienstag zum ersten Mal: „Der
1800 1624 3020 1670 ktapfere Kassian“ ein Puppenspiel von Arthur Schnitzler,
1829 1670 3020 1716 und „Der grüne Kakadu“ Groteske von Arthur Schnitzler.
1830 1708 3018 1753 Ein Puppenspiel nennt Schnitzler seinen neuen Einatter „Der
1822 1739 3013 1794 tapfere Kassian“ und diese eigenartige Bezeichnung ist auch wört¬
1823 1783 3020 1832 lich zu nehmen, denn der Autor läßt seine Figuren im Stile des
1822 1832 3030 1867 Marionetten=Theaters der guten alten Zeit spielen. Das Ganze
1815 1853 3026 1905 ist also ein scherzhafter Einfall, bei dessen Gestaltung es Schnitzler
1811 1907 3032 1950 aber an dem nötigen Witz vermissen ließ Er hat eigentlich nichts
1814 1938 3027 1984 weiter getan, als einen gesucht einfältigen Text geschrieben und den
1821 1976 3029 2045 Schauspielern die Anweisung gegeben, in der Art der Drahtpuppen
1827 2008 3016 2069 zu agieren. So waren sie es einzig und allein, die für die Er¬
1826 2037 3021 2095 heiterung zu sorgen hatten, und sie taten es mit köstlichem Humor.!
1813 2087 3018 2137 Ihre Art, sich sprungweise fortzubewegen, sich steifnackig wechsel¬
1829 2124 3021 2188 seitig in die Arme zu fallen, und ihre Gefühle in tremolierenden
1822 2165 3031 2223 Tönen auszudrücken, weckte große Heiterkeit. Besonders gilt dies
1815 2195 3034 2260 von Frau Eysoldt als minniger Jungfrau, aber auch die Herren
1830 2245 3020 2303 Ekert, Licho und Großmann taten ihr Bestes. Sie ver¬
1823 2295 3018 2338 mochten jedoch nicht, die Langeweile am Schluß zu verdrängen,
1822 2311 3025 2373 und der Beifall war nur sehr lau. Einen desto volleren, faste
1829 2366 3040 2422 stürmischen Erfolg aber erzielte Schnitzler mit der Wiederaufnahmes
1824 2408 3036 2455 seines „Grünen Kakadu“. Diese Szene von dem Vorabend der großen¬
1838 2434 3036 2498 Revolution in Paris wird ihre zündende Wirkung auf den Zuhörer nie ver¬
1829 2472 3107 2535 fehlen, weil sie von wirklichem dramatischen Leben durchpulst ist.
1820 2515 3027 2573 Sie besitzt eine Handlung von atemraubender Spannung und doch
1826 2569 3030 2611 ohne leere Theatereffekte, da alle Ereignisse sich ganz natürlich auss
1825 2599 3033 2651 der Fabel des Stückes ergeben. Und diese Fabel ist ungemein
1830 2618 3039 2693 glücklich gewählt. Denn aus dem Milieu der Verbrecherspelunke, in
1826 2674 3037 2729 der glänzende Aristokraten sich von verkommenen Schauspielern als
1829 2712 3032 2767 Nervenkitzel erdichtete Verbrechen vorspiegeln lassen, ohne zu merken,
1821 2751 3031 2803 wie das wirkliche Verbrechen über ihren Köpfen zusammenschlägt
1822 2794 3036 2860 Land sie begraben wird, erwachsen die Gegensätze von selbst und
1837 2826 3035 2885 erweitern sich zum Sittenbilde jener Zeit. Inszenierung, Zusammen¬
1834 2870 3046 2925 und Einzelspiel waren eine Musterleistung. Die Schlußszene. dier
1825 2907 3047 2961 die ersten hochgehenden Wogen der Revolution auf die Bühner
1822 2949 3028 3001 bringt, und die an die Regiekunst eine gewaltige Aufgabe stellt,
1833 2983 3040 3051 war prachtvoll. In diesem Hexensabbat war jeder richtig an seinen
1838 3038 3039 3087 Platz gestellt und das Zusammenspiel so bewegt und natürlich, daßt
1839 3073 3037 3121 man sich vollständig fortreißen ließ. Von den Einzelleistungen war
1837 3107 3036 3158 jeder Charakter mar herausgearbeitet. Rühmend hervorzuheben sino
1835 3127 3053 3199 Richard Leopold als Wirt alias Direktor der Schauspieler¬
1840 3201 3038 3242 truppe und Alexander Moissi als Schauspieler Henri, dessen
1843 3222 3037 3283 geniales Spiel eines Mörders aus Eifersucht für wahr gehalten
1842 3267 3039 3317 wird und sich dann in Wirklichkeit umsetzt. Gertrud Eysoldts
1837 3299 3051 3356 spielte seine Gattin, die Schauspielerin Leocadie, mit gewohnter
1839 3341 3050 3401 Meisterschaft. Eduard von Winterstein charakterisierte den#
1847 3373 3038 3434 Lebenskünstler Herzog von Cadignan sehr fein. Außergewöhnlich
1842 3426 3043 3472 Gutes gab Tilla Durieux als Marquise von Lansac; sie trafs
1848 3453 3041 3508 besonders den dinstinguierten Ton der Sorglosigkeit, die sich von
1842 3501 3036 3552 den Vorwehen der großen Revolution nur „angenehm animieren“
1850 3533 3048 3593 läßt. Das Kleine Theater hat mit der Aufnahme des „Grünen
1842 3572 3051 3631 Kakadu“ in seinen Spielplan einen glücklichen Griff getan.
1840 3606 2978 3694 Das Publikum feierte den anwesenden Autor aufs herzlichste.
