3392 4352
1461 285 1977 388 box 34/10
953 295 1114 370 as
123 302 1313 393 1. Der tapfere Cassian
693 1560 3033 1621 dig. Er beschränkt sich mit einer ziemlich billigen, wenn horcht: einem Haufen trübschädliger Philister gelingt ein
681 1600 3036 1682 auch wirksamen Verspottung des rebellierenden Philister= Sieg, der anderswo vielleicht der feurigen Tatkraft der
142 1600 391 1720 eton.
711 1643 3040 1721 tums. Die fünf Akte bauen sich nicht zu einem einheit. Besten versagt bleibt. Um aber diese Pointe herauszu¬
1857 1695 3029 1759 arbeiten, hätten wir Zeugen des Triumphes der Menge
701 1696 1856 1757 lichen Ganzen auf, Bild wird an Bild gereiht, und nur
1866 1732 3027 1799 werden, ihre Verhandlungen mit dem König mit erleben
702 1740 1863 1799 die zeitliche Aufeinanderfolge bildet ein zusammenhalten¬
143 1759 569 1843 her Theatern.
708 1787 957 1855 des Band.
1854 1778 3037 1835 und sehen müssen, welche Gründe diesen zum Nachgeben
1862 1828 3038 1909 bewegen. Es verbot sich aber von selbst, eine solche Szene
782 1821 1859 1892 Eine Revolution kann dem Dichter den Stoff für eine
139 1828 708 1895 Pinter bisher noch keine ein¬
1851 1867 2133 1942 zu schreiben.
716 1870 1863 1927 Tragödie geben, wie Hauptmanns Bauernkrieg=Drama
141 1875 713 1942 köhnlichem Interesse gebracht
1940 1910 3037 1978 Wie wir die Sache auch betrachten, das Ergebnis ist
699 1914 1860 1982 zeigt; Begeisterung und Leben von Tausenden sind nutzlos
149 1937 707 1992 eit einige Novitäten heraus¬
1855 1936 3046 2027 immer: Ruederer hat aus seinem Stoffe viel zu wenig
696 1953 1861 2016 aufgewendet, denn am Ende geht es nach dem unglück¬
148 1971 620 2035 rweilen Anlaß geben.
2693 2002 2747 2040 1
1863 1987 2406 2073 herauszuholen verstanden.
2392 2012 3035 2060 Seine Kräfte reichen nur zu
702 2006 1860 2064 lichen Verlaufe der Revolution genau so oder noch schlim¬
154 2005 715 2080 mödie „Die Morgen¬
1862 2054 3034 2101 einigen Späßen, zu einer einheitlichen, umfassenden und
713 2036 1863 2110 mer weiter wie vorher, und zwar aus Ursachen, die nicht
160 2058 711 2116 nennen. Die Einschätzung
1861 2087 3026 2147 tiefgreifenden Weltanschauung hat sich seine Art, Menschen
709 2098 1859 2158 zufällig sind, sondern sozusagen im Wesen der Dinge liegen.
151 2092 719 2155 in typisches Beispiel für die
1857 2138 3029 2188 und Dinge anzusehen, nicht entwickelt. Diesem Mangel
157 2145 708 2202 urteilung, die sich in den
1861 2179 3043 2234 gegenüber tritt sein geringes Kompositionstalent in den
708 2051 1863 2236 e ee eeeree aenr
153 2195 710 2259 nen Bewegung eingebürgert
1853 2219 3029 2275 Hintergrund, und seine Gabe, gewisse Gestalten lebensvoll
710 2210 1868 2288 sobald die Veranstalter des Aufruhrs und sein Gegenstand
162 2222 705 2297 klarer. Wir verwechseln
1856 2269 3035 2326 hinzustellen, will nicht viel besagen. Um noch auf einiges
717 2269 1871 2323 sich unter komischen Gesichtswinkeln ansehen lassen: man
155 2264 724 2334 be kleiner Einzelzüge und
1859 2302 3031 2365 Einzelne kurz hinzuweisen, so leidet die Komödie auch hier
711 2313 1869 2366 spricht dann wohl von einem Sturm im Wasserglase. Die
161 2308 708 2385 paar gute Witze über den
1860 2351 3042 2408 und da unter dem starken Farbenauftrag und an dm
717 2339 1861 2410 Revolution aber, die Ruederer schilbert, läßt weder eine
157 2367 711 2417 s deshalb noch kein satiri¬
1858 2397 3027 2458 übergroßen Lärm sowohl der lustigen wie der leidenschaft¬
706 2398 1864 2451 tragische, noch eine komische Darstellung zu. Wohl kann
168 2408 708 2464 fe Beobachtung und scharfen
1858 2426 3034 2497 lichen Szenen. Unklarheit kommt in das Ganze durch
707 2447 1865 2497 sich der Dichter über die Teilnehmer an dieser Münchener
159 2441 710 2506 überschätzen sie nicht mehr.
1862 2483 3034 2536 Ruederers Stellung zur Lola Montez, die in dieser Um¬
708 2488 1858 2543 Februar=Revolution lustig machen, aber er wird von diesem
148 2496 709 2549 r, Gewicht auf das Ganze
1856 2520 3021 2584 gebung von Schurken und Philistern fast sympathisch wirkt.
710 2533 1857 2583 Standpunkt keine Komödie schreiben, sondern nur
164 2529 715 2594 t und auf das Ganze des
1855 2561 3027 2620 Vortrefflich wiedergegeben ist die tolle Zeitstimmung. Der
711 2561 1869 2636 ein paar derbkomische Szenen, nur eine Galerie komischer
153 2588 711 2638 mit dem Evoe=Geschrei und
703 2622 3036 2669 Philisterköpfe aufstellen. Je komischer er aber die Revolu= Gesamteindruck des Abends aber ist, wenn wir ehrlich sein
161 2622 612 2686 vorsichtiger geworden.
709 2667 3031 2716 tionäre zeichnet, je unklarere Schreier sie sind, um so mehr wollen, Langeweile, denn wir haben fünf Akte hindurch
156 2662 710 2726 heute auch Ruederers Erst¬
1854 2701 3033 2756 eigentlich nur denselben Ton gehört. Die größtenteils
715 2705 1869 2766 muß der Schluß verblüffen, der den historischen Sieg der
155 2701 720 2773 cht mit soviel Wärme be¬
1857 2735 3039 2813 vortreffliche Aufführung wird das Stück trotzdem wohl
710 2742 1861 2802 Aufrührer über die Freundin des Königs darstellt. Eine
154 2763 719 2813 als vor etwa sieben Jahren,
1864 2776 2263 2855 eine Weile tragen.
714 2778 1869 2846 Revolution, die ihren Zweck erreicht, rann wohl in Einzel¬
158 2805 708 2851 einer literarischen Vereins¬
1948 2820 3039 2892 Auf Max Dreyers Schauspiel „Die Sieb¬
708 2830 1877 2889 heiten viele komische Züge enthalten, als Ganzes aber ist
170 2828 713 2898 hohe Hoffnungen viele seit
1861 2862 3026 2930 zehnjährigen“ war man sehr gespannt. Beim
708 2864 1866 2933 sie niemals etwas Komisches. Unier Lachen schnebt in
167 2874 721 2948 rfasser gesetzt hatten, kann
1858 2901 3037 2972 Lesen des Titels dachte man etwa an eine Pensionsgeschichte
707 2920 1872 2977 der Luft, wenn wir sehen, was diese Leute, deren Rebel¬
151 2917 709 2987 messen, die aus vielen Ur¬
1859 2953 3031 3025 und meinte, diese Siebzehnjährigen seien vielleicht eine An¬
707 2964 1861 3021 lieren wir noch eben verlacht haben, schließlich erreichen.
219 2969 712 3040 herausklingt. Wer in
1853 2987 3033 3055 zahl von Backfischen. Niemand dachte an ein ernstes
714 2993 1865 3064 Und hier erkennt man, wo das Hauptübel an dieser angeb¬
167 3008 718 3066 haftssatiriker großen Stils
703 3040 3037 3112 lichen Komödie liegt: darin, daß der Erfolg der Revolution Dramn, wenn er den Titel hörte. In Wirklichkeit ist dieses
163 3055 717 3119 ich freilich schwer enttäuscht
708 3085 3034 3159 gar nicht in Beziehung zu der Revolution selbst gesetzt ist, Schau piel richtiger als Tragödie zu bezeichnen. Zwei
166 3108 713 3158 g Ruederer aus dem dank¬
714 3129 3033 3191 sondern plötzlich dasteht, weil es die geschic tliche Tatsäch= Halbnüchsige (ein Typ, für dessen Seelenleben Wissenschaft
168 3150 708 3203 -Episode herausgeholt hat.
1858 3162 3027 3236 wie Kunst im „Jahrhundert des Kindes“ gleicherweise
699 3176 1861 3239 lichkeit so verlangt. Ruederer hätte ja den Stoff auch so
170 3181 720 3242 die Erhebung, oder, wenn
161 3214 3034 3287 eren Ereignisses zum Sym= wenden können, daß er mit dem Lachen des Humoristen Interesse bekunden) stehen im Mittelpunkt: ein junger
192 3246 3041 3351 bleibt er uns ganz schul- zeigte, wie wunderlichen Zufällen die Weltgeschichte ge=Mann, Kadett von Beruf, ein Schwärmer, überschwänglich
