3436 4352
150 304 1324 405 11. Der tapfere Cassian
542 1557 1623 1614 gesandt hat. Plumpdick sattgegessen von all den Delikatessen,
536 1601 1623 1656 die er uns vorgesetzt hat, holen wir Guten uns zum Nach¬
548 1650 1638 1718 tisch den Teufel herauf und prügeln ihm zur Verdauung
550 1701 1628 1758 weidlich das Fell voll, was immer sehr viel Spaß macht.
1377 1747 1605 1810 Julius Hart.
778 1773 1050 1880 W 72
536 1867 1637 1948 Urthur=Schnitzler=Abend im Kleinen Theater.
824 1928 1333 1997 „Der tapfere Kassian.“
944 1984 1237 2047 Ein Puppenspiel.
542 2022 1628 2086 Puppen heben — knack — den rechten Arm. Puppen
541 2088 1638 2130 heben — knack — den linken Arm. Puppen spreiten —
543 2134 1626 2177 ratsch — das linke Bein. Puppen spreiten — ratsch — das
541 2179 1626 2238 rechte Bein. Puppen klappern glupsend mit den Augen,
539 2229 1636 2287 Puppen klappern wagrecht, sich zu grüßen, Puppen plappern:
548 2276 1636 2328 Liebe, Wehe, Tod. Eine Puppe nennt sich Flötenbläser,
542 2324 1630 2383 eine Puppe nennt sich Kriegesmann, eine süße Puppe nennt
550 2371 1635 2430 sich Fielchen, klappt vom Bläser weg zum Krieger, Krieger
557 2421 1627 2473 spießt den Bläser nieder, und das Ganze nennt sich Puppen¬
554 2467 1630 2519 spiel ... Puppchen brauchen nur lebend zu scheinen,
551 2511 1623 2569 leben nur äußerlich durch Bewegung, inneres Leben vacat,
552 2567 1638 2609 statt Blut Werg oder Heu, statt Seele Draht. Sehr bequem
550 2615 1630 2665 für Dichter. Schnitzler ist wenigstens ehrlich. Bekennt sich
541 2663 1632 2704 endlich einmal offen als Puppenspieler. Seine meisten
553 2708 1637 2767 Kollegen fabrizieren nichts anderes als ein ewig Puppen¬
550 2762 1634 2803 spiel, nennen's aber Drama, Schauspiel, Schwank...
553 2804 1627 2861 Darsteller als lebende Puppen sehr drollig, Ekert
549 2857 1630 2912 köstlicher Hampelmann, Gertrud Eysoldt himmlische Wachs¬
552 2901 1634 2945 puppe mit knallroten Bäckchen, Lichos echtester Nuß¬
547 2948 1642 2996 knacker frei nach E. T. A. Hoffmann. Sehr drollig, sehr!
546 2994 1631 3069 Schlimm nur, daß wir diese Verhölzerung, diese Ver¬
1488 283 2009 375 box 34/10
1671 1564 2759 1616 hampelung des Menschlichen drollig finden. Sind wir
1670 1606 2748 1665 wirklich weiser als Kinder, die in den Schwankungen eines
1665 1656 2752 1719 Bezechten den Gipfel des Komischen sehen? Goethe nahm
1675 1707 2756 1748 Abschied von der Theaterwelt, als der Hund des Aubry in
1674 1747 2762 1813 diese Welt einzog. Um wie viel mehr aber ist ein Hund
1677 1795 1985 1860 als eine Puppe.
1969 1838 2436 1906 „Der grüne Kakadu.“
1696 1882 2743 1953 Im wesentlichen ist auch vieser grüne Kakadu nichts als
1672 1943 2753 2000 ein Puppenwerk. Die große Revolution als Hintergrund
1692 1990 2755 2037 für ein Komödiantenspiel im dustren Keller, das ist so recht
1676 2043 2754 2090 spielerische Kunst. Überdies bleibt das Ganze im Skizzen¬
1674 2090 2755 2144 haften stecken. Was in den grellen Gegensätzen an Humor
1673 2148 2758 2200 steckt, das ist nur mit mageren, matten Strichen angedeutet.
1670 2191 2759 2241 Nur in einzelnen Momenten steht die Ausführung auf der
1668 2231 2758 2290 Höhe der Erfindung. Das ist eben der Fluch der Kunst¬
1676 2278 2755 2331 spielerei, daß sie mit Flüchtigkeit identisch ist und sein muß...
1675 2324 2762 2372 Dereinst im Deutschen Theater bei der Erstaufführung
1666 2372 2757 2426 führten Kainz, Rittner, Fischer, Luise Dumont, Marie
1673 2422 2758 2480 Reisenhofer, Biensfeldt das Stück zum Siege. Im
1672 2468 2748 2526 Kleinen Theater hat es Gertrud Eysoldt sehr leicht,
1664 2514 2748 2564 gegen die Erinnerung an die Reisenhofer, Ekert sehr
1670 2570 2752 2614 schwer, gegen die Erinnerung an Kainz anzukämpfen.
1667 2611 2753 2667 Jedenfalls aber gilt er den Komödianten in seiner Art
1672 2670 2759 2716 nicht als Nachahmer. Er gibt ihn weicher, empfindsamer
1669 2707 2753 2764 als Kainz und erzielt gerade damit eine starke Wirkung.
1668 2756 2759 2806 Nur der Kontrast zwischen der Leidenschaftskomödie und der
1660 2805 2761 2874 Leidenschaftswirklichkeit kam so ganz überzeugend nicht
1674 2869 2763 2915 heraus. Mit viel Feinheit spielten auch Winterfeldt und
1671 2900 2765 2961 Tilla Durieux. Trotzdem errang die Aufführung keinen
1663 2963 2759 3018 vollen Sieg. Das Stück krankt denn doch bereits am
2468 3003 2731 3070 Heinrich Hart.
1660 2997 2012 3068 Marasmus senilis.
