3392 4352
164 239 1327 316 1. Der tapfere Cassian
439 3043 1573 3135 1!“ Von dem Schnitzler=Speisezettel, den das „Kleine
554 3078 1577 3154 Theater“ gestern Abend seinem Publikum darbieten
474 3129 1565 3227 Awollte, hat die Zensur, wie man weiß, das eine allzu
555 3162 1574 3222 gewürzte Gericht gestrichen. Das „Haus Delorme“
566 3199 1576 3269 wurde anscheinend im Polizeipalast als ein „öffentliches
388 3160 484 3282 00
557 3249 1582 3321 Haus“ betrachtet, das der Oeffentlichkeit zu ent¬
553 3297 769 3360 ziehen sei.
624 3318 1575 3383 Blieben übrig „Der tapfere Kassian“ der zum
550 3368 1568 3417 ersten Mal gespielt wurde, und „Der grüne Kakadu“
554 3395 1572 3468 der im „Deutschen Theater“ des Brahm=Zeitalters
551 3437 1589 3502 flügge wurde. „Der tapfere Kassian“, auf dem
558 3489 1575 3560 Theaterzettel als „Puppenspiel“ bezeichnet, erinnert
562 3532 1576 3590 an die „Marionetten“, die Schnitzler seinerzeit auf
559 3571 1575 3622 dem Ueberbrettl Wolzogens zappeln kließ. Man sah
551 3611 1583 3673 damals eine Anzahl typischer Gestalten aus fran¬
550 3652 1576 3714 zösischen Sittenstücken und anderen „minderwertigen“
563 3692 1582 3752 Dramen, von Schauspielern und Schauspielerinnen
552 3734 1576 3786 dargestellt, die wirkliche Drähte an den Händen hatten
559 3776 1578 3835 und die eckig=grotesken Bewegungen der Marionetten
553 3822 1587 3883 getreulich nachahmten. Das war in den ersten andert¬
555 3858 1594 3910 halb Minuten furchtbar komisch; von da ab — zum
563 3902 1594 3956 Einschlafen. Der Spaß dauerte viel zu lenge, um
566 3932 1601 4003 kurzweilig zu sein. Außerdem fehlte der kräftige
562 3979 1596 4029 Humor; es blieb bei einem rein mechanischen Spiel.
567 4010 1599 4076 Mit dem „tapferen Kassian“ führt uns Arthur
567 4056 1601 4117 Schnitzler wieder ein Kasperle=Theater vor und
566 4104 1613 4152 weckt damit Erinnerungen an die holde Kinderzeit in
1486 219 1980 315 box 34/10
1481 1042 2615 1226 erliner Börsen-C
1602 1252 2549 1331 Mittwoch, 23. November 1904.
1531 1344 2602 1424 Unnatur und Hyperromantik geisseln? Das mag die löb¬
1544 1382 2582 1473 liche Absicht gewesen sein. Aber auch diesmal stellte
1555 1417 2591 1506 sich nur eine äußerliche schnell sich verflüchtende
1549 1473 2572 1547 Komik ein. Köstlich war nur die Eysoldt in ihrer
1558 1532 2579 1579 hölzernen Sentimentalität und in ihrer hölzernen!
1564 1556 2574 1616 Sinnlichkeit. Gequält wie das Spiel war auch das
1557 1603 2588 1666 Lachen der Hörer. Die Geschichte ging aus wie ein
1561 1636 2580 1705 Räucherkerzchen. Ein ganz sanftes Appläuschen und
1557 1678 2583 1744 ein ganz leises Zischen. (Mir kommt eben eine
1557 1716 2580 1791 geniale Idee! Vielleicht soll „Der tapfere Kassian“
1555 1753 2575 1830 eine Parodie auf Schnitzlers „Abschiedssouper“
1562 1817 1717 1891 sein!?)
1622 1829 2588 1903 Durch den zweiten Teil des Abends wurde der
2307 1871 2598 1941 „Der grüne
1558 1887 2278 1951 Dichter Schnitzler rehabilitiert.
1556 1912 2595 1993 Kakadu“ ist ein grandioser Einfall, ein glänzender
1562 1962 2595 2021 Wurf. Dieses in allen Farben grausamer Ironie
1565 2005 2587 2065 schillernde Spiel, dieses Gleiten zwischen Schein und
1551 2052 2581 2108 Leben, in das das dumpfe Grollen der nahenden
2099 2082 2586 2153 Diese Schwüle vor
1553 2093 2069 2154 Revolution, hineintönt.
1561 2126 2587 2190 dem losbrechenden Gewitter; und dann das
1567 2161 2592 2231 Ineinanderströmen von Komödie und Wirk¬
2420 2204 2589 2258 Schluß¬
1897 2206 2419 2275 mächtige, dramatische
1561 2227 1899 2281 lichkeit, der
1562 2253 2603 2307 Orgelton. Bei der gestrigen Darbietung stellte sich
1577 2289 2607 2354 noch eine merkwürdige Nebenempfindung ein. Dieser
1564 2329 2599 2392 Pfeudo=Verbrecherkeller zum „grünen Kakadu“ ist ja
1642 2383 2600 2438 eine Art von revolutionärem Ueberbrettl oder
1574 2406 2597 2480 Unterbrettl — oder Kabaret, wenn man will. Sogar
1574 2444 2609 2524 der Tanten=Mörder fehlt nicht; allerdings kein Frank
1577 2486 2297 2559 Wedekindscher, sondern ein wirklicher.
1630 2518 2607 2601 Die Aufführung hinterließ einen tiefen Eindruck.
1576 2584 2606 2636 Am stärksten wirkte auf mich der Heuri Alexander!
1573 2617 2611 2682 [Moissis. In der erst glimmenden und glühenden,
1576 2658 2611 2719 dann lodernden Leidenschaftlichkeit dieses Darstellers
1568 2699 2619 2768 lag etwas Unheimlich=Ekstatisches. Der lächelnden,
1572 2729 2616 2798 tändelnden naiven Verderbtheit der Eysoldtschen
1580 2781 2612 2843 Léocadie gegenüber stand die raffinierte, mondäue
1575 2819 2606 2883 Lüsternheit der Séverine Tilia Durieuxs.
1573 2872 2615 2930 Wie sich diese rassige Künstlerin zum Schluß
1570 2901 2618 2975 mit Raubtier=Blicken über den verröchelnden Herzog!
1582 2944 2615 3004 von Cadignan hinabbeugt, das war von gräusiger
1575 2987 2616 3049 Echtheit. Für solche kaltschnäuzigen Lebe=ducs ist
1583 3002 2615 3086 Herr von Winterstein ein vortrefflicher Dar¬
1583 3055 2618 3124 steller. Herr Ekert, der den Rollin gab, scheint
1593 3103 2607 3177 zu glauben, daß ein Dichter im Leben möglichst un¬
1588 3144 2619 3215 natürlich sprechen muß. Von absoluter Wahrheit
2281 3185 2616 3248 Strolch Grain
1589 3194 2237 3256 und groteskem Humor der
1589 3234 2608 3290 Eugen Burgs. Von beweglicher Lebendig¬
1577 3267 2609 3349 keit der Spelunken=Wirt Richard Leopolds.
1587 3306 2634 3370 Das Zusammenspiel unter Richard Vallentinss
1589 3354 2624 3410 Leitune war ausgezeichnet und erreichte in der
1587 3401 2534 3452 Schluß=Szene seinen überwältigenden Höhepunkt.
1643 3421 2620 3485 Der Vorhang war längst gefallen. Ein großer!
1599 3453 2617 3533 Teil des Publikums blieb im Saale und klatschte,
1603 3512 2620 3576 trampelte unermüdlich, bis endlich Schnitzler erschien
1607 3546 2613 3615 und sich verneigte, etwas müde=resigniert, in der
1600 3589 2609 3664 schwarzen Atlas=Würge=Kravatte, jeder Zoll ein Poet,
1602 3629 2615 3697 aber in tadelloser Eleganz. Ich mußte an die köst¬
1597 3666 2619 3734 liche Szene in Murgers „Vie de Bohème“ denken,
1595 3732 2613 3779 wo einer der tollen Gesellen, auf den an einem Neben¬
1598 3744 2621 3818 tisch in schäbiger Kleidung speisenden Colline deutend,
1604 3816 1724 3875 sagt:
1653 3822 2551 3894 „Das scheint ein Schriftsteller zu sein!“
1647 3887 2544 3942 Und ein Kamerad aus der Runde antwortet:
1657 3924 2219 3993 „Du moins il en a l'habit!“
2394 3950 2588 4030 B. J.)
