3344 4320
1530 195 2019 286 bex 34/10
188 202 1370 307 11. Der tanfere Gassian
921 486 2013 584 Theater, Kunst und Literatur.
1208 553 1960 645 Ein Schnitzler=Abend.#
1055 591 1149 697 X
1561 625 2047 695 Berlin, Ende November.
937 657 2097 759 Unter den drei Einaktern Arthur Schnitzler's, die das Kleine
885 717 2084 824 Theater schon seit Wochen angekündigt, ist entschieden „Haus Delorme“
886 783 2103 835 am meisten interessant, derjenige Einakter, der schließlich — doch nicht
889 849 2094 909 zur Aufführung gelangte. Offiziell wurde ein Zensurverbot ein¬
888 899 2093 946 gestanden. Polizeiliche Rücksichten sollten auch diesmal die löblichen
885 941 2097 994 Absichten des Theaters verhindert haben. In Bühnenkreisen wußte
891 975 2099 1038 man es anders. Man erzählte sich erst heimlich, dann immer lanter und
896 1035 2098 1090 lauter, daß eine ganz eigenartige Revolution schon vor dem Entschlusse der
897 1084 2105 1144 Zensurbehörde die Aufführung ernstlich bedrohte. Ein Schauspielerstrike
894 1137 2102 1186 war im Zuge. Weil der Einakter selbst Schauspieler darstellt und diese
899 1187 2106 1233 in Ausdrücken charakterisirt, die ein Ritter ohne Furcht und Tadel
892 1226 2103 1286 sicher nicht dulden, geschweige denn von sich selbst wiederholen könnte.
896 1271 2105 1334 Und nachdem die Heldin des Stückes — eine Operettendiva — ohne
885 1337 2109 1384 kirchlichen oder standesamtlichen Segen den Freuden der Mutterschaft
899 1368 2113 1432 entgegensieht: glaubten die Schauspieler es ihrer Ehre schuldig zu
896 1419 2107 1478 sein, eventuell auch durch Kontraktbreich diese Schmach unmöglich zu
893 1462 2119 1532 machen. An dem Theater, wo Gorki's verkommener Schauspieler,
887 1536 2100 1577 dessen „Organismus durch den Alkohol vergistet“ so glänzend dar¬
902 1570 2108 1626 gestellt wurde: gerade an dem Theater soll diese unerwartete
896 1615 2121 1662 Empfindlichkeit als Leumundszeugniß der Mitglieder gelten. Heiliger
896 1668 2118 1705 Ernst erfüllt die Mimenwelt. Die Komödianten verheimlichen nicht
901 1729 2104 1779 mehr ihr großartiges Selbstgefühl. Es muß doch ein erhabener Beruf
907 1775 2117 1823 sein, der nicht einmal Bühnenbeleidigungen duldet!... Zum Glück
902 1807 2104 1872 kam das gütige Zensurverbot sehr gelegen, das Dilemma der sein¬
903 1870 2119 1929 fühligen Schauspieler war ohne Strike gelöst und wir bekamen
908 1920 1913 1968 wenigstens die zwei anderen Einakter Schnitzler's zu sehen.
1035 1969 2115 2020 „Der grüne Kakadu“ ist längst bekannt und oft
913 1998 2109 2065 gewürdigt. Die Groteske, die das bewährte Bajazzomotiv mit kecker
916 2068 2112 2117 Anmuth in das Milien der französischen Revolution hineinwebt. Die
922 2118 2116 2165 glänzende Vorstellung der Reinhardt'schen Bühne konnte an den
912 2168 2118 2216 früheren Beurtheilungen des reichen, fast allzu reichen Einakters nichts
911 2194 2119 2250 ändern. Der Nörgler wird auch weiterhin das Stück verneinen, weil
919 2249 2119 2310 das gespielte Leben und das lebende Spiel darin so verwickelt sind,
923 2293 2113 2362 daß Keiner auf der Bühne und Keiner im Zuschauerraume Bescheid
923 2360 2119 2408 weiß. Und andererseits wird man dieser kurzen Groteske weiterhin
919 2387 2121 2453 nachrühmen können, daß sie die Luft der Revolution besser verspüren
887 2439 1825 2509 läßt, als die meisten ernsten und blutigen Tragödien.
985 2506 2084 2586 Eine „Uraufführung“ war also nur das zweite Stück Schnitz¬
876 2553 2086 2634 ler's: „Der tapfere Cassian“ Eine Uraufführung, die
897 2622 2089 2679 ichts Unbekanntes brachte. Diese „Burleske in einem Akt“ wurde in
884 2674 2088 2728 der „Neuen Rundschau“ zuerst veröffentlicht und schon aus der Lektüre
873 2726 2083 2780 war die Bühnenwirksamkeit leicht festzustellen. Das kleine Stück macht
882 2762 2082 2821 den Eindruck einer Skizze, einer Studie, die wenig Interesse für Den
877 2810 2084 2871 hat, der die ausgeführten farbigen Bilder des „Reigen“ kennt. Es
888 2859 2082 2922 spielt am Ende des XVII. Jahrhunderts, in einer kleinen deutschen
882 2903 2092 2967 Stadt, hat zwei Helden und eine Heldin, den glücklichen Spieler
885 2951 2094 3018 Martin, seinen tapferen Vetter Cassian und seine schöne Geliebte
881 3002 2097 3063 Sophie. Martin packt, wenn der Vorhang aufgeht, eben seine Reise¬
882 3048 2092 3100 lasche. Er hat von den armen Studenten der Stadt tausend
885 3095 2096 3167 Palaten gewonnen; er hat in Sophiens Armen küssen gelernt
875 3144 2090 3208 und ihr die Eide geschworen, die Mädchen gern hören;
923 3197 2085 3258 — jetzt will er weiter ziehen, das strömende Blut in ihm, der blühende
881 3241 2091 3296 Frühling draußen treibt ihn fort. Da erscheint sein Vetter Cassian.
877 3290 2096 3343 Er kommt aus soviel Abenteuern, daß ein Anderer mehr Mühe hätte,
882 3360 2091 3414 sie zu erfinden, als es ihm bereitet hat, sie zu überstehen. Er erscheint, —
884 3387 2095 3449 und die schöne Sophie, die in der „dummen letzten Stunde vor dem
890 3445 2095 3500 Abschied“ laum ihre Thränen getrocknet, ist schon in ihn verliebt. Sie
889 3504 2094 3556 soll das Abendessen besorgen, während die beiden Vettern plaudern.
893 3540 2090 3600 Sie haben einander seit langer Zeit nicht gesehen, und besonders
888 3592 2104 3641 Martin hat viel zu erzählen. Er ist in Eleonora Lambriani, in die
891 3637 2100 3704 elende, herrlichste, schönste Tänzerin verliebt, er will sie in Homburg
886 3689 2081 3747 aufsuchen, vorher ein Vermögen durch das Spiel sich ver¬
1140 3732 2095 3787 als Illustration gewinnt er auch die paar
890 3732 1072 3794 schaffen
1355 3778 2097 3830 und dann ihr seinen Reichthum,
885 3777 1252 3845 Dukaten Cassian's
891 3826 2098 3893 sein Herz und sein Leben zu Füßen legen. Ehe er die Stadt verlasse,
886 3892 2096 3945 werde er noch Sophie sagen, daß er sie niemals wiedersehe, „und Du
883 3929 2104 3983 sollst Zeuge sein, wie sie eilends zu diesem Fenster hinfliegt, um sich
879 3967 2095 4023 hinabzustürzen“. Mit einem herrlichen Abendessen kehrt Sophie zurück;
893 4032 2101 4092 sie hat ihr ganzes Geld ausgegeben, ihr goldenes Armband versetzt und
892 4055 2103 4125 einen italienischen Kaufmann geküßt, damit der vornehme Besuch nur
