3392 4352
158 256 1330 337 11. Der tapfere Cassian
1390 1672 1607 1764 Rersburg.
992 1689 1278 1755 Heiml, Curistiab
753 1739 1350 1825 (Quellenangabo ohne Gewähr.)
487 1851 1505 1935 Ausschnitt aus: e &
723 1924 1066 2019 23T. e
494 1961 684 2025 vomi:
848 1960 1514 2056 GT
757 2057 1164 2125 Kleines Theater.
450 2100 1574 2164 „Der tapfere Kassian“. Ein Puppenspiel in einem Akte
328 2144 1582 2197 von Arthur Schnitzler. — „Der grüne Kakadu“. Groteske
325 2198 1584 2247 in einem Akte von demselben. Erste Aufführung am
314 2223 610 2288 22. November.
448 2256 1575 2321 Das einaktige Puppenspiel vom „tapferen Kassian“
326 2313 1584 2361 wirkt schon beim Lesen nicht sonderlich stark, auf der Bühne versagte
329 2342 1580 2395 es gestern vollständig. Diese Persiflierung des alten Puppenspiels
321 2382 1578 2427 mit seiner naiven Psychologie und derben Handlung, der es
322 2426 701 2476 auf ein halbes
721 2426 1586 2475 Dutzend Unwahrscheinlichkeiten nicht an¬
327 2464 1584 2513 kommt, leidet vor allem daran, daß sie nicht lustig genug ist.
327 2504 1589 2551 So sucht man unwillkürlich, weil das Stück an sich nicht
325 2540 1585 2578 befriedigt, einen sogenannten tieferen Sinn, aber das Suchen wird
332 2578 1581 2634 nicht belohnt. Und bald genug beginnen die steifen puppenhaften
323 2620 1572 2661 Bewegungen und die Puppenmasken der Darsteller uns albern vor¬
317 2658 1577 2699 zukommen. Die empfindsame Schlußszene, in der plötzlich der Tod
318 2696 1574 2744 als das große Symvol der Wirklichkeit das Spiel zum Ernst ver¬
318 2730 1586 2787 wandelt, kommt auf der Bühne auch nicht recht zur Wirkung. Kurz,
322 2772 1576 2823 trotz der stilgerechten Ausstattung und dem stilgerechten Spiel von
323 2809 1573 2870 Frau Eysold und den Herren Ekert und Licho wurde das Stück
326 2848 543 2921 abgelehnt.
439 2870 1587 2939 Um so wärmer war die Aufnahme, die der bekannte Einakter
321 2931 1576 2972 „Der grüne Kakadu“ fand. Das Stück gehört in seiner glän¬
327 2971 1573 3021 zenden Mache zu den wirkungsvollsten Einaktern, die wir in der
855 3011 893 3038 #111
332 3007 1643 3064 modernen Literatur besitzen, und erhält den Zuhörer ununterbrochens1
326 3046 1580 3094 in Spannung. Für den Regisseur bietet es die dankbarsten
335 3089 1580 3131 Aufgaben. Von den verschiedenen Aufführungen, die es in
327 3132 1579 3178 Berlin schon erlebt hat, schien uns die gestrige des „Kleinen
328 3164 1585 3212 Theaters“, die beste. In den Einzelleistungen waren hier
327 3200 1587 3256 und da die Aufführung des Deutschen und des Schiller=Theaters
325 3238 1586 3290 überlegen, im Zusammenspiel aber stand diese hier am höchsten. Aus
335 3290 1580 3323 der langen Reihe der Darsteller sei ein Neuling, Herr Moissi
337 3311 1581 3378 genannt, der den Henri spielte. In diesem jungen Künstler scheint
327 3360 1585 3408 endlich einmal wieder der deutschen Bühne ein echter „jugendlicher
330 3398 1572 3446 Liebhaber“ heranzuwachsen. Zum Schluß gab es eine stürmische Hul¬
326 3434 1584 3493 digung für den anwesenden Dichter, die ihn wohl für die Ablehnung
1410 3473 1553 3543 G. Z.
325 3478 913 3550 des Puppenspiels trösten sollte.
1483 243 1996 338 box 34/10
2407 547 2714 612 Vertretungen
1993 587 3115 650 Ia Berlin, Budapest, Chicago, Genf, London, New-vork,
1985 660 3119 696 Paris, Rom, Mailand, Stockholm, Christiania, St. Petersburg.
2263 684 2830 757 (Quellenangabe ohne Gewähr.)
1984 778 2963 867 Ausschnitt aus:
1994 886 2182 960 vom:
2176 877 3144 995 G d
1977 1015 3107 1066 2. So hulle am Dienstag abend im Kleinen Theater
1907 1045 3108 1126 sin dreigeteilter Arthur=Schnitzler=Abend werden sollen.
1901 1100 3113 1176 Wie aber vorher in den Zeitungen zu lesen war, verbot die
1905 1146 3102 1196 Zensurbehörde eines der drei Stucke, so daß das Vergnügen
1900 1195 3109 1256 namentlich für diejenigen erheblich gekürzt wurde, welche in
1906 1231 3103 1288 der Erwartung auf stark gewürzte Speisen gekommen waren.
1902 1276 3111 1349 Ueberdies kannte man das Nennenswerteste der zwei Einakter,
1892 1314 3106 1365 die Auftritte in der Schenke: Der grüne Kakadu bereits.
1896 1369 3101 1418 Dieser einer genialen Großzügigkeit nicht entbehrende Abschnitt aus
1900 1406 3104 1474 dem Beginn der französischen Revolution von 1789 nennt sich mit
1904 1454 3110 1524 starker Absichtlichkeit eine „Groteske“, und die Behandlung des
1898 1500 3103 1549 Stoffes ist demgemäß eine grotesk ironische. Dekadente
1903 1534 3101 1602 Aristokraten des Ancien Regime lassen sich ohne Ahnung und
1901 1582 3098 1630 Achtung des Abgrundes, dem sie entgegentaumeln, in der
1908 1625 3100 1699 Schenke des ehemaligen Theaterdirektors Prosper eine brutale
1891 1665 3109 1734 Komödie von herabgekommenem Gesindel vorspielen. Ge¬
1896 1724 3097 1785 gaukeltes und wirkliches Verbrechen greifen unablässig
1893 1763 3105 1807 ineinander; und selbst, als mit der Niederwerfung der Bastille
1898 1799 3093 1856 der Sturm losgebrochen ist, wollen die vornehmen Gäste im
1889 1846 2991 1888 Grünen Kakadu immer noch an eine echt
1894 1882 3101 1940 spielte Komödie glauben. Der Schauspieler Henri, der sich
1897 1937 3099 2002 eben mit einer notorischen Dirne verheiratet hat, mimt
1887 1984 3101 2041 den eifersüchtigen Gatten, der einen der Galane seines Weibes
1894 2019 3101 2086 jählings ermordet, so überzeugend, daß die Genossen Henris
1896 2068 3101 2127 jene Tat für wirklich geschehen halten. Da tritt der angeblich
1887 2111 3092 2174 Getötete, der Herzog von Cadignan, leibhaftig ins Lokal.
1881 2148 3100 2223 Gewaltiges Staunen. Bis Henri, erst jetzt erkennend, daß
1889 2192 3099 2268 der Herzog einer der zahlreichen Bevorzugten der jungen
1892 2240 3110 2287 Frau Henris sei, den Aristokraten nun de facto nieder¬
1885 2289 3091 2331 macht. Zu dem Lärm mischt sich das Freiheitsgebrüll der
1887 2331 3102 2381 wütenden Menge auf der Straße. Die Bastille ist eben ge¬
1879 2373 3092 2422 fallen. Wildes Getose, in welches die Gemahlin eines der
1876 2408 3096 2487 anwesenden Edelleute, die allen diesen Vorgängen mit
1881 2456 3083 2529 einem perversen Entzücken beiwohnt händeklatschend
1880 2498 2099 2553 einstimmt.
2101 2508 3096 2563 Sie hat einen Tisch bestiegen und schreit
1881 2556 3099 2625 unablässig: „Es lebe die Freiheit!“ während auf einem
1886 2594 3092 2656 anderen Tische ein Gauner und Dieb steht und aus der ge¬
1883 2637 3088 2684 stohlenen Kasse des Wirtes die Münzen unter die heulende
1885 2676 3084 2741 Masse wirft. Mit dieser frechen Gegenüberstellung wird die
1874 2718 3095 2775 äußerste ironische Konsequenz gezogen: auf der einen Seite die
1878 2770 3088 2829 mit dem viehisch losgelassenen Pöbel fraternisierende Marquise,
1878 2808 3100 2869 auf der anderen das fessellos gewordene Verbrechen!
1887 2842 3093 2915 Schnitzler will sich offenbar auf die höhere Warte des über¬
1873 2876 3083 2960 legenen Satirikers stellen, dem das freiheitbrüllende Maul¬
1887 2933 3102 3010 heldentum als nicht minder geißelns= und verachtenswert gilt,
1873 2967 3092 3046 denn die frivole und entsittlichte Aristokratie des wankenden
1881 3028 3086 3082 bourbonischen Königtums. An kühnen Antithesen und scharf
1883 3077 3092 3134 geschliffenen Aphorismen, den Zweck des Ganzen zu erläutern
1874 3127 3094 3182 und zu erreichen, ist auf beiden Seiten kein Mangel. Und
1871 3158 3081 3232 das alte Bajazzo=Motiv, daß das zur Erheiterung getriebene
1872 3209 3081 3272 Spiel plötzlich blutige Wirklichkeit wird, ist, auch rein
1874 3238 3093 3310 dramatisch angesehen, mit treffenden Kontrasten und
1876 3282 3080 3352 kraftvoller Steigerung behandelt und durchgeführt. Vor längerer
1876 3336 3088 3404 Zeit hat bereits das Deutsche Theater eine Aufführung dieses
1875 3377 3085 3441 Grünen Kakadu gebracht. Wir kennen jene Darstellung nicht,
1875 3414 3077 3478 können also einen Vergleich mit der des Kleinen Theaters
1887 3464 3086 3527 nicht anstellen. Immerhin zeichnete sich diese durch feuriges
1881 3508 3077 3574 Temperament aus; und der ironische Ton, das parodistische
1876 3552 3088 3623 Gehaben der Komödianten und schließlich der Uebergang zu
1886 3599 3086 3650 wilder Tat wurden sicher und wirksam getroffen. Die Haupt¬
1880 3635 3077 3688 figur unter den Aristokraten, den Herzog von Cadignan, gab
1873 3686 3080 3731 Herr v. Winterstein, den überpathetischen Schauspieler
1883 3718 2302 3779 Henri Herr Moiss
2380 3729 3085 3788 Konnte man sich den ersten
1868 3771 3080 3836 leichter, preziöser und geistreicher vorstellen, so entwickelte
1869 3817 2137 3878 S
1865 3879 3063 3954 der zweite ein höchst beachtenswertes Maß einer für die starke
1865 3924 3066 3995 Leidenschaft fruchtbaren Kunst. Man darf der weiteren Ent¬
1865 3968 3075 4027 wicklung dieses Herrn Moissi mit Erwartung zuschauen. Fräulein
1859 4010 3057 4085 Eysoldt als Schauspielerin und Hetäre Léocadie und Fräulein
1859 4052 3066 4104 Durieux als sensationsbedürftige Marquise hatten zu kleine
1857 4099 3065 4165 Rollen, um ihre glänzenden Lichter völlig leuchten lassen zu
2548 4148 2584 4182 %
1854 4136 2430 4189 können. Die vielen sonstigen?
