3392 4352
109 211 1907 298 1. Der tapfere Cassian box 34/10
198 474 434 555 A#e)-
211 485 648 655 Desaet 11
202 794 626 875 ARTS THEATRE.
926 847 1768 944 Seut a
219 876 613 954 ONE-ACT PLAYS.
158 945 696 1010 On Sunday, February 26, 192
122 980 698 1040 the International Theatre pr.
123 1033 714 1091 sented four one-act plays (in liel
1275 995 1847 1116 AU 27. (er.
198 1062 641 1110 * Professor Bernhardi,
113 1066 190 1120 •1
117 1095 708 1147 Arthur Schnitzler, as origmall;
122 1129 711 1180 arranged). Three of these piece
119 1158 552 1211 were by Dr. Schnitzler.
281 1187 601 1256 Gallant Cassian.?
792 1138 1731 1269 INTERNATIONAL THEATRE.
119 1210 705 1279 Martin Mr. Antony Eustré
122 1266 713 1313 Cassian Mr. Douglas Burbidg
129 1292 706 1332 Sophy.Miss Sylvia Willoughb
133 1318 706 1367 Valet... Mr. Archibald Campbe
157 1356 697 1398 Supposedly a picture of Germnt
967 1338 1607 1418 QUADRUPLE BILL.
125 1376 703 1425 life in the seventecnth century, th
157 1413 715 1457 laylet is not without a certai
130 1441 706 1490 interest, but it cannot be said t
157 1479 694 1527 Ossess any grett excitement o
974 1467 1629 1536 ANATOL‘ PLAYLETS.
191 1512 686 1558 p. Some of the dialogue i
239 1540 703 1584 and has a frankness that 1
223 1573 723 1618 less true to a period which
899 1584 1712 1654 Dr. Arthur Schnitzler’s" Doctor Bern¬
214 1609 701 1659 somewhat coarse. Martin,
233 1638 706 1690 musician, is packing for
859 1629 1723 1694 bardi“ had originally been announced to be
282 1658 726 1720 to the great grief of hit
852 1676 1723 1752 staged at the Arts Theatre last night, but
249 1683 722 1751 sueetheart Sophy. She ha
345 1730 712 1788 the object of his trip
858 1719 1718 1786 owing to difficulties in casting, its production
253 1766 731 1814 hese doubts have gooc
848 1773 1723 1837 Ahad to be deferred to a later time. In its
346 1788 741 1858 Martin is infatuated
853 1821 1728 1868 place were acted two of the same authior’s
312 1834 721 1884 ncer. At the eleventh
860 1849 1720 1911 famous Anatol’’ playlets, in Mr. Granville
342 1866 718 1911 revisited by a soldier
369 1895 727 1943 artin'’s cousin Cas¬
852 1901 1443 1960 Burker’s excellent translation.
350 1925 726 1978 youth soon finds him¬
898 1939 1702 2001 In the first of these,“ Ask No Questions,
309 1957 733 2009 cold. In the end Sephy
871 1967 1728 2039 Anatol hypnotises Hilda, ohe lady in whose
350 1985 739 2040 omise to jump out of.
360 2022 729 2075 and is promptly fol¬
858 2015 1720 2073 temporary charge are his affections, and of
352 2055 725 2107 assian, while Martin
864 2060 1729 2125 whose fidelity he suffers the most torturing!
374 2090 730 2140 onthe ground in
872 2105 1720 2161 doubts. Hedloes this, at the suggestion of bis
454 2118 737 2174 little piece was
862 2139 1718 2199 friend Max, in order that he may learn from
422 2152 732 2207 acted by Mr.
422 2183 722 2236 e, a fine d’Artag¬
862 2193 1726 2242 her in her trance,the truth that he can never
374 2210 729 2265 e as Cassian. Mr.
854 2221 1714 2285 be zure of getting from her waking mind. But
463 2252 735 2293 Martin, and
862 2271 1717 2320 when he comes torthe point he cannot ask tbe
377 2277 731 2328 illoughbv as Sophy.
521 2311 734 2372 (produced
412 2319 504 2360 stions
861 2303 1718 2374 question. He wakes her, preferring to go on
427 2342 731 2398 on February 6,
858 2349 1720 2405 in his uncertainty. This amusing trife was
453 2373 740 2429 mewhat weak
863 2395 1723 2455 very well acted. Mr. Walter Hudd brought
424 2417 733 2457 10 of a series of
867 2438 1715 2487 u delicate comic sense to the part of Anatol,
454 2440 710 2496 dapted by H
509 2470 741 2524 t has little
857 2477 1712 2510 Mr. Harold Meade endowed Max with a
455 2501 736 2561 witty, and we
860 2506 1717 2565 superbly roving eye, and Miss Ellen Hare took
421 2540 746 2590 inking that the
857 2545 1721 2608 ull the chances that Hilda’s long period of
457 2570 739 2622 issed or deli¬
868 2582 1264 2638 immobility left her.
446 2603 736 2648 in deference to
891 2603 1735 2685 In the second play,“ Anatol’s Wedding
457 2634 739 2681 Harold Meade
859 2652 1721 2711 Morning,' Schnitzler’s gay young béro has
373 2659 738 2713 as Max; indeed. bis
865 2681 1718 2745 celebratedl his last night of bachelorhood
456 2701 740 2750 the part pro¬
424 2716 746 2778 le comedy there
858 2727 1717 2779 to such purpose that he finds himself saddied
457 2759 748 2811 Hudd was nood
863 2769 1718 2821 with an old flame called Lona, who has come
435 2793 747 2849 Miss Ellen Hare
866 2808 1723 2855 to his flat with the firm idea that she is to be
454 2826 729 2875 ossible as Hilda
860 2837 1721 2872 a vermanency. Anatol and Max try to sneak
424 2861 733 2910 dding Morning??
856 2868 1725 2909 off to tiie wedding under the pretext that they
464 2895 744 2943 e Palace on
858 2908 1722 2964 ure abeut to see a mutual friend married;
422 2920 747 2980 911) is a capital
870 2949 1723 2985 but eventually Lona has to be told the truth,
458 2956 736 3005 ntinental type.
863 2985 1725 3028 and makes a scene which can only be de¬
442 2989 734 3037 once more Mr.
478 3028 738 3076 has been less
858 3007 1726 3073 scribed as a sbindy. In this play the Anatol
501 3051 740 3104 the dialogue
858 3050 1724 3107 was Mr. Martin Lewis, who gave a smooth
471 3078 743 3140 vn the business
860 3092 1722 3143 and pleasant performanco; and Mr. Meade
484 3118 738 3161 n. The whole
859 3122 1716 3179 again appeared as Max. Miss Hilda Bavley,
497 3146 741 3198 funny. Miss
862 3164 1730 3219 avery attractive actress of whom we hare
454 3183 734 3230 capital as Lona,
861 3196 1723 3260 scen far too little in London lately, was Lonn,
488 3216 738 3260 good in her
860 3235 1715 3295 und fairig revelled in that temperamental
459 3246 746 3295 Harold Meade
857 3267 1386 3328 young woman's tantrums.
468 3284 747 3330 und bumorous
897 3288 1730 3356 These two plays were preceded by“ Gallant
487 3314 756 3363 uddling Max,
470 3345 744 3393 Lewis played
863 3349 1711 3402 Cassian,' a piece of seventeenth centurg ox¬
497 3378 744 3427 true sense of
858 3369 1722 3435 travagance by Schnitzler, in which Mr.
473 3406 760 3461 Mr. Archibald
865 3414 1712 3472 Burbidge played the name part very cleverlv;
384 3439 738 3501 well as a man-ser¬
867 3448 1723 3493 and they were followed by Chekov’s“ The
863 3482 1067 3532 Proposal.
1107 3490 1720 3541 This last piece has beon done
296 3489 747 3554 ourth item in the pro¬
193 3419 287 3554 i4
865 3524 1718 3559 vergotten of late; but it was acted with such
500 3537 758 3587 jest in onc.
176 3547 476 3598 ramme was the
871 3560 1722 3603 spirit hv Aliss Barbars Listova and Mr. Boris
368 3567 755 3620 Anton Tchekov, en¬
154 3578 242 3620 aet,?
868 3597 1722 3645 Ranersky, assisted by Mr. James Carrall,
160 3596 749 3655 titled“ The Proposal,“ which was
868 3633 1723 3673 that it soomed to us a much better play than
161 3631 752 3688 scen at a matinée at the St.
856 3666 1722 3708 we have been accustomed to think it. Mr.
152 3673 749 3709 James’s on December 3. 1918.
156 3696 747 3745 Slight in plot though the playlet
855 3698 1721 3764 Ranevsky produced this and“ Gallant
157 3729 748 3778 is and without pretensions to ex¬
860 3731 1728 3782 Cassian!; while the Anatol pieces were!
156 3763 750 3814 ceptionally brilliant dialogue, it 13
866 3761 1697 3841 staged by the lady whose penename 18
153 3795 754 3845 full of humorous incident and the
898 3804 1216 3863 Michael Orme.
150 3828 750 3888 construction is capital. The acting
511 3859 752 3904 exceedingly
393 3865 493 3903 was
150 3859 371 3915 throughout
154 3889 756 3933 natural. Mr. James Carrall and
155 3926 755 3968 Mr. Boris Ranevsky were very
162 3959 748 4007 good as the two men, and a really
163 3993 763 4030 fine and original performanco of
161 4021 752 4061 Nataiya çame from Miss Barbara
166 4058 750 4099 Listava. The plays were well pro¬
162 4082 766 4143 duced by Mr. Boris Ranevsky and
177 4118 484 4172 * Michael Orme.?
2095 322 2796 468 (kaaa Pese
2528 499 3119 585 -tr. 27. (72#.
2117 674 2964 754 INTERNATIONAL THEATRE
2190 747 2911 822 Quadruple Bill of One-Act
2457 810 2640 886 Plays
2153 879 2957 940 The International Theatre presented at
2126 909 2970 977 the Arts Theatre Club last night a bill of
2128 971 2963 1024 four delightful morsels. Three were by
2136 1005 2962 1070 Schnitzler, two of them from the Anatol
2130 1053 2943 1107 series. The fourth was“ The Proposal,
2125 1096 2963 1153 by Chekov, who in it at least leaves no
2118 1130 2909 1178 doubt about his intention being comic.
2159 1158 2968 1219 Before the neighbour who comes woo¬
2126 1185 2957 1258 ing Natalya is able to reach a declaration,
2125 1235 2967 1287 he, she, and her father have twice fallen
2123 1273 2963 1329 into a wordy battle over the ownership of
2125 1309 2963 1362 some meadows and the points of a dog.
2132 1334 2954 1390 Mr. James Carrall, Mr. Boris Ranevsky,
2134 1388 2983 1444 and Miss Barbara Listova played this jest
2130 1410 2494 1468 with great spirit.
2170 1435 2961 1501 The Anatol pieces (in Mr. Granville
2131 1473 2960 1536 Barker’s translation) were ihe best of
2131 1511 2966 1569 Schnitzler. In Ask No Questions“ the
2126 1550 2970 1614 young man (in this case Mr. Walter Hudd)
2138 1596 2964 1642 hypnotises his love, Hilda, meaning to
2138 1630 2962 1671 extract from her a confession that she has
2124 1658 2961 1713 not been true to him. But he shirks the
2129 1695 3004 1751 question, the answer to which may shatter
2129 1733 2397 1787 his illusion.
2167 1760 2958 1822 Mr. Martin Lewis was in the chief röle
2124 1786 2960 1857 in Anatol’s Wedding Morning,“ which
2136 1836 2956 1883 has been already seen here, and Miss Hilda
2133 1880 2949 1931 Bayley gave a capital performance as
2130 1911 2960 1950 Lona, whiile Mr. Harold Meade was again
2127 1944 2958 1995 the friend Max who cynically points the
2139 1986 2948 2040 moral that all illusions (and even disillu¬
2135 2023 2748 2063 sions) are as grass and wither.
2170 2041 2954 2110 There is a substance underlying these
2124 2072 2952 2135 two plays, so light and neat and exquisite,
2119 2129 2914 2186 Sthat was wanting in“ Gallant Cassian.“
2922 2155 3027 2228 1
2585 2233 3115 2335 iu R
1966 2284 2595 2409 Sai
2427 2445 2961 2524 —D. 27. (722.
2134 2585 2814 2724 TWO ANATOL
2291 2693 2654 2793 PLAYS.
2103 2830 2865 2912 DELICATE WIT AND
2148 2910 2806 2987 AIRY DIALOGUE.
2135 3008 2822 3083 By THE DRAMATIC CRITIC.
2127 3066 2860 3135 Three one-act plays by Dr. Arthur
2090 3114 2855 3178 Schnitzler, the Austrian dramatist, were
2092 3159 2852 3235 presented in London at the Arts Theatre
2089 3204 2440 3255 Club last night.
2120 3227 2864 3297 Two of them concerned that delight¬
2091 3270 2860 3345 ful, fickle, rich, and idle young man,
2096 3315 2850 3365 Anatol, whose character was made fami¬
2090 3344 2854 3397 liar to English audiences by Mr. Gran¬
2099 3383 2633 3435 ville Barker 17 Foars ago.
2118 3413 2853 3476 Anatol is fated to love in spasms, to
2087 3460 2839 3500 meet with various amorous adventures,
2085 3481 2840 3536 and to accept with whimsical philo¬
2095 3513 2650 3570 sophy his disillusionments.
2123 3555 2845 3601 The little playhouse in Great Port¬
2081 3594 2844 3635 land-street is well suited to bring out
2087 3624 2834 3687 the best of Dr. Schnitzler’s delicate wit
2086 3653 2793 3706 and the acting struck the right note.
2121 3677 2846 3741 Mr. Walter Hudd in his bovish way—
2087 3711 2836 3780 Anatol in one plav—and Mr. Martin
2083 3752 2845 3801 Lewis in his matured way—who took the
2080 3787 2864 3859 röle in the other—played with that light--
2092 3836 2866 3923 ness which alone couid extract the full
2101 3890 2712 3957 flavour from the airy dialogue.
2138 3932 2881 3999 M. Harold Meade was a joy as
2106 3962 2696 4025 Anatol’s outspoken friend, Max.
2130 4006 2873 4063 The third of Dr. Schnitzler’s plays—
2102 4043 2872 4116 also light and airy—was Gallant Cas¬
2100 4079 2233 4125 sian.“
2819 4107 2982 4150 brssae un
