3436 4352
-18 2305 66 2362 in
1495 237 2030 337 box 34/10
1285 250 1386 341 n
177 248 1301 348 11. Der tapfere Cassia
838 1313 1492 1403 versichert, i se. 0. —.
182 1356 700 1431 htsmehr zu kaufen.
189 1320 3075 1471 ines unserer Mitarbeiter mit dem gegen die Reaktion zu verteidigen und zu ver= glauben, daß Syvcton durch Selbstmord endete, denn
181 1380 3072 1518 nd der Frau Wlodzimirska hüten, daß die Sonne der Freiheit durch die er rechnete mit voller Bestimmtheit darauf, vor Gericht
186 1430 3067 1576 F Dr. Frischauer in dem düsteren Wolken des Klerikalismus verdunkelt werde. einen glänzenden Sieg davonzutragen. Eine Reihe von
853 1492 3073 1590 Mit einem Worte, Combes und seine Getreuen wollen Umständen läßt aber auch die Annahme, daß Syveton
2660 1552 2782 1610 W len
820 1594 3075 1705 Komödic hat noch eine zweite Seite, und das ist der Zauber, die Montez selbst, den gekrönten Bierbayer am Gängel¬
463 1553 805 1700 mantrenen.
835 1643 3068 1735 welcher von dem berückenden Geschöpfe ausgeht, das nicht bande ihrer Launen dem Publikum ad personam vorführend,
209 1680 766 1779 und Theaterrundschau.
839 1732 3072 1764 nur einem begabten Könige den kleinen, zierlichen Fuß auf wäre aus der tragischen Halbbeleuchtung in das Vollicht
287 1769 3077 1812 Berlin, Anfang Dezember, den Nacken setzte, sondern sogar ein ganzes Land unter des Komischen gestellt worden und damit wäre die Stil¬
189 1806 3069 1871 at hat uns, trotzdem er im Zeichen den Pantoffel brachte. Ihrem gefährlichen Reize konnte sich einheit gerettet gewesen. Offenbar aus nicht unberechtigter
186 1867 3080 1932 nenschriftsteller stand, keinen einzigen auch der Dichter nicht entziehen und er gestaltete das Angst vor der Zensur, die wohl nirgends in Deutschland
845 1902 3086 1956 rassige Weib so liebevoll aus ihrer Umgebung heraus, daß gestatten würde, einen Wittelsbacher als komische Person
198 1898 867 1959 gebracht. Ludwig Fuldas „Mas¬
186 1946 3073 2011 Deutschen Theater“ nicht viel mehr ihr unsere Sympathie zufliegt, während sich in die gute auf die Bühne zu bringen, hat sich Ruederer veranlaßt
1954 1956 3067 2017 gesehen, den König aus dem Spiele zu lassen, und
187 1968 1963 2061 ccès d'estime, Max Dreyers Stück Laune über die samos karikierte Revolutionsspielerei der
199 1990 3078 2093 wurde nur durch das mustergültige Münchener Bierphilister ein verächtlicher Zug hineinstiehlt.  so werden die Zuschauer um die für das Verständ¬
196 2037 3075 2158 ne Reihe von Wiederholungen im Abenteuerinnen vom Schlage der Lola Montez üben ohne= nis der Komödie höchst wichtige Pointe gebracht,
854 2076 3077 2178 hin auf die Männerwelt oft einen weit stärkeren Reiz aus, welche zeigt, daß die Münchener von 1848 und ihr König
213 2104 867 2196 und Artur Schnitzlers Einakter
856 2119 3075 2210 als den anständigen Mädchen und braven Ehefrauen recht trotz eingeschlagener Fensterscheiben und der Lola Montez
205 2172 867 2230 siel glatt durch. Von wirklich
199 2211 3007 2272 war nur die Erstaufführung der ist, und wenn der Student Xaverl vor die schöne Lola hin= im Grunde genommen ein Herz und eine Seele waren.
2041 2208 3083 2276 „Die Morgenröte“ gelangte im Neuen Theater zur
219 2227 1975 2322 „Die Morgenröte“ aus der tritt, um ihr, frei nach Ferdinand in „Kabale und Liebe“.
1956 2255 3080 2318 Uraufführung, einstudiert, ausgestattet und gespielt mit jener
227 2272 1962 2347 Münchener Satirikers Josef gründlich die Leviten zu lesen, aber, von ihrer potenzierten
1959 2299 3079 2359 Sorgfalt und Stilechtheit, welche den beiden Bühnen, die
867 2315 1969 2381 Weiblichkeit berückt, seine guten Vorsätze rasch unter ihren
199 2324 864 2412 den Versuch machte, die komische
1960 2331 3088 2405 unter der Direktion Reinharts stehen, einen ersten Rang
853 2352 1977 2429 heißen Küssen vergißt, da schaut bereits aus dieser
319 2391 873 2459 Sturz der berüchtigten
1955 2386 3094 2450 unter den deutschen Musentempeln gesichert haben. Die
209 2380 311 2445 den
867 2403 1970 2468 Szene die hinter dem närrischen Treiben der
193 2426 866 2500 önigs Ludwig I., Lola Montez,
1964 2409 3088 2489 Lola Montez wurde von dem den Wienern wohl bekannten
852 2451 1965 2519 Münchener Spießbürger lauernde Tragödie der schönen
200 2466 875 2534 etter zu bringen. Wir sagen aus¬
1963 2458 3098 2533 Fräulein Fehdmer gegeben, welches nicht nur die siegende
854 2489 1971 2554 Lola heraus, die 1561 in der Nähe von New=York
192 2506 876 2577 otz einer Anzahl prächtig gezeichneter
1968 2504 3100 2574 Schönheit ihrer eigenen Erscheinung für das spanische
192 2533 1967 2621 haglicher Breite über manche köst= ein einsames Ende fand. Ein lustig Bühnenspiel jedoch, das
1964 2549 3099 2622 Teufelsweib besitzt, sondern auch im Spiel und Tempera¬
194 2573 1964 2667 n Humors, trotz des historisch ge= nicht rastlos unsere Heiterkeit auslöst, sondern in welches
1969 2609 3093 2666 mente ganz jene Lola Montez war, die schließlich
191 2614 1972 2717 Milieus und fest sitzender satirischer der Schatten des Tragischen hineinfällt, zersplittert sich in
2544 2640 3101 2711 ihrem Sklaven herab¬
2514 2648 2569 2717 0
1969 2642 2464 2722 den verliebten König
862 2661 1965 2726 der leitenden Idee, und wir wissen auch bei Ruederer zum
2714 2680 3088 2746 Karikatur aus
2265 2686 2729 2756 daß eine Berliner
199 2690 867 2754 ie das Gerippe einer straff ge¬
1973 2701 2196 2766 würdigte,
859 2704 1968 2770 Schlusse nicht: Sollen wir über die Münchener Revolutions¬
215 2721 873 2793 Handlung, die Einheit der Idee.
1973 2724 3094 2794 dem Jahre 1847 nicht viel übertreibt, wenn sie die
191 2747 1971 2850 liberalen Freiheitsdusel von 1848, helden lachen oder uns für die tolle Spanierin begeistern,
1960 2754 3092 2843 königliche Courtisane darstellt, in stoffarmem Kostüm auf
199 2791 1980 2882 Er revolutionären Wortführer und die bis zum letzten Augenblicke die Fäden in der weichen,
1975 2798 3088 2883 dem Rücken ihrer Dogge liegend und die Reitpeitsche in
865 2831 1968 2905 feingeformten Hand behält, an denen sie das Männervolk
207 2860 875 2923 Philister verspottet welche, angetan
1945 2841 3095 2928 der Hand! Darunter stehen die beziehungsvollen Worte:
870 2878 1700 2947 von Isar=Athen so possierlich zappeln läßt?
202 2895 878 2972 tzeug, gegen das königliche Schloß
1972 2916 3096 2991 Zwei Seelen — und kein Gedanke! — Kein Herz! —
934 2916 1976 2980 Dieser Zwiespalt hätte sich wahrscheinlich ausgleichen
204 2948 884 3015 ig submissest zu bitten, das „könig¬
1964 2950 2399 3034 Doch viele Schläge!
879 2965 1981 3034 lassen, wenn in der Komödie der königliche Liebhaber selbst
208 2979 870 3058 nnte man in München die schöne
2042 2991 3083 3051 Weniger Behagen bereitele uns dagegen der Schnitzler¬
868 3003 1978 3082 handelnd aufträte. Ludwig I., halb Philister, halb Roman¬
212 3038 877 3105 Grenze zu schaffen, dann kommt
1971 3030 3092 3099 Abend, welchen Direktor Reinhart im „Kleinen Theater“
875 3053 1975 3121 tiker, der zwar viel Kunstsinn besaß, aber dabei unglaublich
194 3076 878 3148 Lachen der unbeteiligten Zuschauer,
1965 3072 3103 3139 veranstaltete. Es sollten ursprünglich drei Einakter gegeben
880 3099 1979 3163 schlechte Verse machte, durfte in einer Komödie von der
205 3110 885 3184 gangener Zeiten im Hohlspiegel des
1965 3112 3104 3197 werden, weil aber die Zensur das „Haus Delorme“ verbot,
872 3141 1975 3203 schönen Lola nicht auf den Brettern fehlen und die Komik
206 3154 873 3240 gt werden. Wer weiß, wie unsere
200 3213 3097 3275 einst über Affären lachen werden, seiner behäbigen Gestalt hätte die Münchener Revolte erst gelangten nur „Der grüne Kakadn“ und „Der tapfere
205 3213 3113 3328 nstes Geschäft betreiben! Aber die recht in das Licht einer kolossalen Eselei gerückt. Aber auch Cassiau“ zur Aufführung. Das verbotene Drama, gegen
