3392 4352
1471 280 1987 383 box 34/10
140 291 1328 399 11. Der tapfere Cassian
2870 1538 3340 1616 Noch zwei Notizen zu
479 1555 2840 1667 in Freude und Schmerz, ohne Kenntnis des Lebens bis haften Worte. Ganz im Fahrwasser des Romans aber
477 1583 3340 1721 oben voll von idealen Forderungen, und ein junges Mäd= und der Nachahmung sind wir bei dem Motiv von der Er-skerade“, das gleichzeitig
2794 1624 3335 1705 zweiter Einakter war übrig
473 1691 2803 1748 chen, auch sie wohl in manchem noch ein Kind, aber mit blindung: bei einem Sturz mit dem Pferde hat Frieders
2805 1672 3340 1746 gegeben, wird's auch nicht
479 1688 2808 1787 einem Instinkt für das Wirkliche begabt, der die mangelnde Vater eine schwere Nervenerschütterung erlitten, durch die
2802 1714 3340 1790 in Szene ging, hat beim
1647 1731 2804 1799 seine Sehkraft arg gefährdet ist. Langsam genaß er, und
2790 1759 3346 1836 Opernhaus hat mit der
481 1761 1663 1838 Erfahrung ersetzt und sie reifer erscheinen läßt als sie ist.
490 1771 2810 1889 Dieses junge Mädchen, Erika von Gellenhofen, ist die bei guter Pflege unter frohen Eindrücken wird er ganz
2796 1810 3348 1872 „Lustigen Weibern
1649 1816 2813 1899 gesunden; große seelische Erschütterungen aber würden ihn
480 1854 1661 1924 Adoptivschwester von Annemarie von Schmeltow, der
1655 1854 3344 1932 in die höchste Gefahr bringen. Das Gespenst der „Gespen= Es ist unverständlich, warun
480 1892 1654 1974 Mutter des Kadetten Frieder. Daß sich Frieder, als er
1648 1928 3349 1979 ster“ zeigt sich schon im ersten Akt, und jeder Literatur= Opernliteratur nicht ständ
2805 1937 3346 2002 Theaters steht, das alle R
485 1939 1656 2031 mit der jungen und verwirrend schönen Tante in den Ferien
1648 1940 2808 2030 kundige weiß, daß die Katastrophe eintreten muß. Der
2804 1972 3353 2058 unser königliches Opernhaf
488 1974 1668 2051 auf das väterliche Gut kommt, sofort in Erika verliebt und
1654 1976 2804 2064 Eindruck von Frieders Selbstmord vollzieht das Gericht:
496 2013 1674 2092 ihr kokettes Spielen für Ernst nimmt, ist nur selbstverständ¬
1664 2023 2817 2108 als der Kranke, der sich bisher mannhaft gehalten hat, auf¬
499 2067 1666 2143 lich. Wenn er später nur entdecken würde, daß sie nur ge¬
1664 2071 2825 2140 stehen will, um zu Frieders Leiche zu gehen, bricht er zu¬
494 2106 1669 2190 tändelt hat, so wäre das eine Enttäuschung, die seine
1662 2114 2822 2201 sammen, und die Tränen der Gattin und Erikas fließen
493 2153 1670 2244 Elastizität schnell verwinden würde. Aber diese Ent¬
1666 2149 2824 2236 um einen Blinden. Tränenreich ist der Schlußakt des
2868 2159 3356 2245 * Das neueste (18.) Hei¬
489 2194 1667 2263 deckung geht unter Umständen vor sich, die dem armen
2815 2221 3346 2282 Berliner Mozart=Gemein
497 2204 2817 2301 Jungen das Herz brechen. Frieder überrascht nämlich Dramas, aber er enthält neben allzu rührsamen Szenen
2804 2274 3349 2322 handlung von E. S. Mittler,
502 2246 2815 2369 seinen eigenen Vater, den er schwärmerisch verehrt, in auch Augenblicke, aus denen echter Schmerz zu uns spricht.
1659 2284 2703 2363 Vor allem in der Szene zwischen den beiden Frauen.
2805 2311 3347 2365 textlichen Inhalt wie auch du
498 2314 1676 2398 leidenschaftlicher Umarmung mit Erika. Er selbst wird
1755 2331 3350 2413 Hinterläßt also Dreyers Schauspiel in seiner Mischung lerischen Beigaben ganz den
2819 2378 3356 2434 welche es durch die Bezugnah
505 2361 1680 2443 nicht gesehen, und so trägt er das Geheimnis in vollständi¬
1666 2382 2815 2455 von Echtem und Nachgeahmtem keinen reinen Eindruck,
2823 2428 3350 2475 folgte Gründung der Mozart¬
495 2418 1666 2496 ger seelischer Zerrüttung mit sich herum. Diese Seelen¬
1673 2424 2818 2509 so ist es uns doch als das Werk eines ernsten und ehrlich
2813 2454 3347 2519 dieser Bedeutung gelten die
502 2458 1666 2549 qualen des guten Jungen sind ebenso echt dargestellt wie
1664 2469 2827 2540 ringenden Dichters eine liebens- und achtenswerte Schöp¬
2805 2487 3358 2562 Künstler, die in den Konzerte
508 2495 1675 2584 vorher seine jugendliche Daseinsfreude und sein Glücks¬
2825 2538 3356 2589 derselben gefördert haben. Er
1668 2533 1818 2610 fung.
500 2541 1675 2619 rausch, da er sich von Erika geliebt glaubt. Niemand ist
1753 2540 2825 2624 Dagegen steht man dem neuen Einakter Schnitz¬
2815 2569 3361 2631 bildnissen mit der im vorigen
502 2581 1688 2669 da, vor dem er sein Herz ausschütten könnte, und so greift
2827 2614 3357 2671 v. Asten. Ihr schließt sich zunh
1682 2593 2824 2677 lers, dem Puppenspiel „Der tapfere Kassian“
511 2640 1674 2716 er schließlich zum freiwilligen Tod. Diese Tragödie ist ein¬
2816 2626 3354 2714 an, dem noch eine stattliche 3
1670 2619 2827 2716 ziemlich ratlos, gegenüber. Es wurde am 22. November
3148 2677 3353 2743 Für den
509 2672 1675 2740 fach und überzeugend durchgeführt, leider aber stört sich
2824 2695 3171 2749 Künstler folgt. —
1672 2673 2822 2759 im „Kleinen Theater“ aufgeführt, dessen Besucher das
2824 2722 3363 2787 Italien“ ist das Titelblatt be
508 2710 1675 2790 Dreyer selbst die Wirkung dadurch, daß er unser Interesse
1682 2725 2829 2805 kleine Stück zum großen Teil schon aus der „Neuen Deut¬
2829 2743 3350 2826 anziehenden, im Jahre 1770
506 2761 1674 2843 durch die Liebe von Frieders Vater und Erika zersplittert,
1675 2773 2831 2847 schen Rundschau“ kannten, aber es auf der Bühne trotz¬
2830 2783 3364 2864 wie ein dem Hefte beigelegte#
508 2806 1690 2889 und leider ist ihm diese Handlung, deren Mittelpunkt Erika
2835 2833 3364 2896 aus Mozarts erstem Streichg
532 2812 2829 2919 ist, ebensowenig gelungen wie die Gestalt des siebzehn= dem nicht goutieren konnten. Schnitzler will anscheinend
1678 2857 2828 2933 im Marionettenstil eine kleine Satire auf die wetterwen¬
2823 2871 3347 2936 Wireshause zu Lodi schrieb.
520 2880 586 2938 ist
522 2898 1689 2966 jährigen Mädchens selbst. Die Frauengestalten sind
2826 2911 3354 2976 des Bestehens der Berliner G
507 2949 2827 3026 Dreyers schwache Seite: hier gibt er nichts Erlebtes, son- dische Liebe der Frau schreiben, die sich ohne weiteres von
2832 2942 3360 3023 Leiter derselben, Professor R
1686 2939 2836 3029 dem bramarbasierenden Kriegsmann hypnotisieren läßt,
515 2977 1689 3063 dern Erlauschtes, und statt lebendiger Menschen haben wir
2827 2981 3361 3055 daß er zwar die Druckschrifte
1689 2967 2831 3066 und ihren blonden Liebsten skrupellos verläßt. Aber man
2825 3032 3361 3095 zu der weiten Ausbreitung d
519 3025 1686 3097 Schablonengestalten oder romantische Konstruktionen. Das
1681 3030 2837 3116 sieht den Zweck und Sinn dieser Satire und ihrer Ueber¬
522 3050 1686 3150 siebzehnjährige Mädchen in seiner Mischung von Früh¬
1680 3070 3359 3158 tragung ins Marionettentum nicht ein. Vor allem aber ist getragen haben, noch weiterh
2838 3103 3361 3176 künstlerischen Veranstaltungen
515 3120 1697 3194 reife und Unbewußtheit zu zeichnen, ist keine Aufgabe für
1683 3115 2840 3198 das ganze Spiel nicht toll und lustig genug, und die
2840 3149 3153 3222 trauen gedenke.
526 3159 1690 3225 Dreyer, und für die Liebe des reifen Mannes, der ohne
522 3155 2846 3274 seiner guten und tüchtigen Frau eigentlich untreu zu Puppenspielerei kommt uns bald genug recht albern vor.
525 3186 2849 3319 werden, sich in die junge Schönheit der kleinen Schwägerin Die Miene des Ulkes steht Arthur Schnitzlers weichen und
514 3248 2682 3375 verliebt, findet er ebensowenig andere als die schablonen- melancholischen Zügen nicht glaubhaft zu Gesicht.
