3436 4352
1480 231 2001 328 box 34/10
154 245 1351 345 11. Der tapfere Cassian
569 1524 3065 1606 die Bezeichnung „Burleske“. Gestern war er auf dem Zettel sonders das geschickte Beionen des Theatralischen im Gehabe der
593 1585 3070 1628 „ein Puppenspiel“ genannt und wurde als Puppenspiel dargestellt, Schauspieler und die energische Herausarbeitung des Schlusses her¬
228 1602 585 1681 gestern Ludwig
583 1624 3072 1682 in einem eckigen derben Stil, der die Art des alten Marionetten= vortraten. Dagegen wurde auch schon in den ersten Szenen reichlich
204 1639 594 1724 de“ den Berlinern
1145 1681 3073 1714 Figuren lustig imitierte. Ein viel geschrien. Unter den Mitwirkenden lenkte vor allem Alexander
587 1671 1169 1738 theaters mit lebensgroßen
1816 1706 3069 1768 [Moissi die Aufmerksamkeit auf sich, der noch vor wenigen Wochen
183 1701 594 1777 gauf den größeren
582 1699 1839 1760 Teil der Zuhörer schien durch diese vom Inhalt des
169 1743 595 1816 anhaltend zu sein;
1825 1749 3064 1806 im Verband der unselig entschlummerten „Deutschen Volksbühne"
594 1740 1825 1806 Werkes nicht zwingend geforderte Darstellungsart befremdet; aber sie
172 1800 586 1854 en. Fulda hat wohl
1819 1790 3068 1854 draußen auf den Brettern des Karl Weiß=Theaters gestanden hat
594 1786 1826 1847 hob zweifellos die kleine zierliche Dichtung auf ein besonderes Niveau.
193 1834 582 1885 gewußt. Noch nie¬
1818 1840 3071 1894 und nun die Rolle des Henri verkörperte, die einst Joseph Kainz
584 1835 1823 1893 Denn ihr poetischer Gehalt an sich ist nicht eben bedeutend. Eine
178 1881 589 1939 nzufügen muß, hat sich
583 1880 1829 1944 Schnitzlersche Liebelei: Der junge weichmütige Martin liebt angeblich
1819 1878 3072 1929 hier kreiert hat. Die Begabung, die Herr Moissi schon früher an
183 1924 583 1977 unzarter und land¬
593 1920 1825 1976 die hübsche Sophie, und Sophie ihren Martin, aber beider Liebe
1815 1921 3061 1976 dieser Stelle nachgesagt wurde, trat gestern aufs neue zu Tage; sie ist
190 1963 583 2016 Tugend, Laster und
594 1968 1826 2015 wurzelt garnicht im Herzen. Martin erprobt an Sophie nur seine
1822 1963 3071 2009 noch nicht zu ihrer Reife gelangt; aber Herr Moissi besitzt das Tem¬
187 2007 594 2060 modellierender Hand
583 2012 1815 2065 Empfindungen, um später desto sicherer einer anderen huldigen zu
1824 1999 3074 2067 perament und das Können, das Hoffnungen erweckt. Von den zwanzig
198 2042 584 2102 die Satire, die die
1819 2035 3065 2099 Anderen, die neben ihm tätig waren, sei nur noch Tilla Durieux
584 2036 1819 2111 können; und Sophie fällt, kaum daß er erschienen, dem anderen
170 2086 592 2148 gewollt zur Karikatur,
1823 2090 3069 2156 genannt, die die Marquise von Lansac mit feiner Pikanterie ausstattete.
588 2088 1816 2146 Mann, dem starken, tapferen Kassian zu. Der tapfere Kassian,
193 2123 586 2186 , und das Schauspiel
593 2123 1835 2205 ein frisch=fröhlicher Bramarbas, siegte gründlich: er sticht
186 2167 583 2245 künstlerisch aber auch
591 2179 1827 2235 im hitzig entflammten Duell Martin tot und geht
1862 2167 3069 2242 A. F. Das Deutsch=Amerikanische Theater macht auch
590 2218 1818 2276 mit Sophie auf und davon. Das spielt sich in knappen Dialogen ab,
1814 2218 3063 2275 mit seinem neuen Stück, das gestern das Rampenlicht er¬
175 2235 590 2322 einzelnen eins feinere
594 2261 1818 2318 die mit der seinen Sprechkunst Arthur Schnitzlers geformt sind, in
1816 2261 3066 2329 blickte, seinem Namen Ehre. Wie in dem Volksstück „Ueber'n
169 2289 591 2365 atte glätten können.
591 2301 1815 2351 individuell geprägten Worten, hinter denen die charaktervollen Ge¬
1824 2309 3066 2370 großen Teich“ wird auch in „Newyork“ (fünf Bilder mit
165 2343 583 2398 Eimrat des Herrn
588 2344 1820 2398 stalten der drei Menschen scharf erscheinen, und die wieder einmal
1827 2351 3065 2401 Gesang aus dem Nachtleben einer Weltstadt, Text
180 2376 583 2441 kretion viel bestere
587 2386 1819 2450 von der Schwachheit des Weibes und der Sieghaftigkeit des robusten
1825 2391 3067 2442 und Motiv von Avolf Philipp) eine so gründliche Ver¬
167 2414 585 2487 Margarete O##o
581 2420 920 2492 Mannes künden.
1815 2430 3061 2491 mischung des Deutschen mit dem Amerikanischen geboten, wie
178 2467 592 2528 er. Der männliche
633 2457 1822 2536 Diese immerhin nicht allzu reiche Dichtung wurde durch
1815 2476 3061 2530 es (die Schenkung der ganzen Siegesallee nach Washington
164 2504 582 2573 chgespielt; die weib¬
1824 2505 3074 2580 oder selbst hundert schwungvolle Reden des Botschafters Speck
580 2516 1816 2572 die Darstellung in die aparte Sphäre des Grotesken
162 2542 584 2616 bnesse wird, fand in
1815 2557 3068 2618 v. Sternburg nicht hervorbringen könnten. Die Leute, die dort in
579 2552 1817 2613 gehoben; wie gesagt, nicht aus zwingender innerer Notwendigkeit
169 2583 580 2654 n allen Höhepunkten
1826 2596 3069 2653 zahlreichen Mengen auf der Bühne herumlaufen, haben in ihren
579 2609 1821 2663 heraus, aber entschieden mit gutem Glück. Sehr drastisch
181 2634 589 2695 wig gab die lypische
1818 2645 3067 2698 eigentümlich konstruierten Herzen bequem Platz für zwei ausgedehnte
583 2639 1818 2698 spielten zumal Alexander Ekert (Martin) und Ger¬
182 2671 586 2740 stets so zuträglichen
1823 2688 3065 2742 Vaterländer und reden in einem Mischdialekt, der vorläufig nur der
583 2673 1272 2752 trud Eysoldt (Sophie) in
1271 2689 1818 2755 einem eckigen Freskostil
174 2706 582 2779 n Minister eine seine
1813 2724 2427 2779 Köpenickerstraße eigentümlich ist.
1260 2718 1827 2788 einen leise marionettenhaft
577 2727 1267 2791 und liehen auch ihrer Sprache
180 2769 584 2823 zu nennen. Er spielte
586 2765 1821 2826 monoionen Klang. Herrn Liehr fehlen eigentlich die äußeren
1872 2756 3068 2828 In „Newyork“ sieht man nicht nur eine Weltstadt
195 2804 593 2865 so urbiedermännisch
581 2815 1820 2880 Mittel zur Verkörperung des wilden Kassian; um so
1816 2818 3073 2869 von ihrer Nachtseite, das Stück ist auch in künstle¬
187 2848 581 2921 den Sudermannschen
588 2855 1824 2916 anerkennenswerter ist es, wie gut er mit seiner Aufgabe
1821 2856 3070 2907 rischem Sinne so ziemlich die Nachtseite des Geures, das
587 2903 1816 2960 fertig wurde. Auch der äußere Nahmen für das Spiel war in seiner
1815 2897 3068 2958 früher die gute, alte Berliner Posse war. Zum Teufel
575 2940 1810 3001 kstilisierten Schlichtheit und Künstlichkeit mit sicherem Geschmack
1815 2930 3076 2999 ist der Spiritus, der Unsinn ist geblieben, freilich in
583 2980 805 3045 hergestellt.
1819 2985 3062 3043 einem bunteren, abwechselungsreicheren Gewande als früher,
177 3001 592 3079 tern einen hübschen
616 3024 1812 3085 Dem „tapferen Kassian“ folgte „Der grüne Kakadu“
1815 3029 3072 3076 und deshalb dürfte auch dieses Stück geeignet sein, zahlreiche
586 3063 769 3122 das oft
197 3062 583 3125 ein neuer und ein
761 3049 1821 3134 schon aufgeführte und immer bewährte Werk, in dem
1820 3070 3066 3128 Theaterbesucher, die nicht viel, aber gern vieles sehen wollen,
197 3102 580 3172 st bereitet, eine herz¬
786 3100 1814 3165 die hübsche Auekdote von den Schausvielern
578 3100 781 3169 Schnitzler
1827 3113 3073 3181 zu befriedigen. Es genügt daher, zu sagen, daß gestern Abend
1817 3142 1904 3200 in
188 3148 449 3220 ener Poeten.
570 3148 1823 3208 die blasierten Reichen eine Verbrechergesellschaft vormimen, so wir¬
1884 3140 3073 3202 dem schmucken weiland Wolzogenschen Tempelchen viele
587 3194 1822 3255 kungsvoll in den Auftakt der französischen Revolution erworben hat. Es
203 3182 589 3254 „Der tapfere
1822 3194 3065 3250 hübsche Damen in noch hübscheren Kostümen auf der Bühne herum¬
1814 3232 3071 3294 hopsten, daß manches Lied mit einschmeichelnder Melodie gesungen
193 3231 1835 3284 n der „Neuen Deut=list kaum nötig, zu sagen, daß dieser dankbare Einakter im Kleinen!
191 3274 3079 3357 wenn ich nicht irre, Theater eine außerordeutlich gelungene Wiedergabe fand, au der be¬ wurde, daß man die Newporker Hasenheide, die Bowery, ein.
719 3374 850 3461 2
