<?xml version="1.0" encoding="UTF-8" standalone="yes"?>
<PcGts xmlns="http://schema.primaresearch.org/PAGE/gts/pagecontent/2013-07-15" xmlns:xsi="http://www.w3.org/2001/XMLSchema-instance" xsi:schemaLocation="http://schema.primaresearch.org/PAGE/gts/pagecontent/2013-07-15 http://schema.primaresearch.org/PAGE/gts/pagecontent/2013-07-15/pagecontent.xsd">
    <Metadata>
        <Creator>prov=University of Rostock/Institute of Mathematics/CITlab/Gundram Leifert/gundram.leifert@uni-rostock.de:name=ONB_Newseye_GT_M1+(htr_id=10810)::::v=2.4.2
prov=University of Rostock/Institute of Mathematics/CITlab/Tobias Gruening/tobias.gruening@uni-rostock.de:name=de.uros.citlab.module.baseline2polygon.B2PSeamMultiOriented:v=2.4.2
prov=University of Rostock/Institute of Mathematics/CITlab/Tobias Gruening/tobias.gruening@uni-rostock.de:name=/mnt/transkribus/LA/DEA/URO/LA_news_onb_att.pb:de.uros.citlab.segmentation.CITlab_LA_ML:v=2.4.2
Transkribus</Creator>
        <Created>2019-10-07T12:13:36.891+02:00</Created>
        <LastChange>2019-10-08T21:44:08.540+02:00</LastChange>
        <TranskribusMetadata docId="224043" pageId="9507222" pageNr="22" tsid="16610569" status="IN_PROGRESS" userId="40391" imgUrl="https://files.transkribus.eu/Get?id=OJWACWWVICUKTIPVSDAQEODL&amp;fileType=view" xmlUrl="https://files.transkribus.eu/Get?id=ZTTJFYILSCYFWFLPJXCFSSUH" imageId="6196964"/>
    </Metadata>
    <Page imageFilename="224043_0022.jpeg" imageWidth="3392" imageHeight="4352">
        <ReadingOrder>
            <OrderedGroup id="ro_1711444471329" caption="Regions reading order">
                <RegionRefIndexed index="0" regionRef="r1"/>
            </OrderedGroup>
        </ReadingOrder>
        <TextRegion orientation="0.0" id="r1" custom="readingOrder {index:0;}">
            <Coords points="125,269 125,3479 3322,3479 3322,269"/>
            <TextLine id="r1l1" custom="readingOrder {index:0;}">
                <Coords points="1427,305 1551,324 1638,297 1751,323 1950,308 1950,248 1909,233 1683,237 1657,260 1619,230 1427,230"/>
                <Baseline points="1447,297 1472,296 1498,295 1523,294 1549,294 1574,294 1600,295 1626,295 1651,295 1677,296 1702,296 1728,297 1753,297 1779,297 1805,297 1830,296 1856,295 1881,294 1907,292 1933,289"/>
                <TextEquiv>
                    <Unicode>box 34/10</Unicode>
                </TextEquiv>
            </TextLine>
            <TextLine id="r1l2" custom="readingOrder {index:1;}">
                <Coords points="940,302 1000,306 1011,295 1023,307 1038,300 1045,307 1068,300 1079,308 1102,308 1103,240 1042,247 1031,239 1016,239 997,258 986,254 978,261 960,249 941,249"/>
                <Baseline points="959,299 989,300 1020,301 1050,301 1081,301"/>
                <TextEquiv>
                    <Unicode>ass</Unicode>
                </TextEquiv>
            </TextLine>
            <TextLine id="r1l3" custom="readingOrder {index:2;}">
                <Coords points="107,319 1300,336 1300,253 1228,242 1006,289 942,244 314,247 265,281 107,248"/>
                <Baseline points="125,308 182,313 240,316 298,319 356,321 414,322 471,322 529,322 587,322 645,321 703,320 760,319 818,318 876,316 934,315 992,314 1049,313 1107,313 1165,312 1223,313 1281,313"/>
                <TextEquiv>
                    <Unicode>1. Der tanfere Gassian</Unicode>
                </TextEquiv>
            </TextLine>
            <TextLine id="r1l4" custom="readingOrder {index:3;}">
                <Coords points="2752,1581 3309,1570 3308,1514 3000,1536 2940,1515 2751,1528"/>
                <Baseline points="2771,1572 2797,1571 2823,1570 2849,1570 2875,1569 2901,1568 2927,1568 2953,1568 2979,1568 3005,1568 3031,1568 3057,1568 3083,1567 3109,1567 3135,1567 3161,1567 3187,1566 3213,1566 3239,1565 3265,1564 3292,1562"/>
                <TextEquiv>
                    <Unicode>sonders das geschickte Betonen</Unicode>
                </TextEquiv>
            </TextLine>
            <TextLine id="r1l5" custom="readingOrder {index:4;}">
                <Coords points="1520,1601 2762,1602 2731,1530 1519,1522"/>
                <Baseline points="1539,1582 1599,1584 1659,1585 1719,1586 1779,1586 1839,1586 1899,1586 1960,1586 2020,1585 2080,1584 2140,1583 2200,1582 2260,1581 2320,1580 2381,1579 2441,1578 2501,1578 2561,1577 2621,1577 2681,1577 2742,1578"/>
                <TextEquiv>
                    <Unicode>die Bezeichnung „Burleske“. Gestern war er auf dem Zettel</Unicode>
                </TextEquiv>
            </TextLine>
            <TextLine id="r1l6" custom="readingOrder {index:5;}">
                <Coords points="2752,1621 2910,1616 2940,1635 2981,1608 3027,1623 3143,1607 3245,1629 3313,1620 3312,1568 3075,1581 2752,1568"/>
                <Baseline points="2772,1612 2798,1612 2824,1612 2850,1612 2876,1612 2902,1612 2928,1612 2954,1612 2980,1612 3006,1612 3033,1611 3059,1611 3085,1611 3111,1611 3137,1610 3163,1610 3189,1610 3215,1609 3241,1609 3267,1609 3294,1608"/>
                <TextEquiv>
                    <Unicode>Schauspieler und die energisch</Unicode>
                </TextEquiv>
            </TextLine>
            <TextLine id="r1l7" custom="readingOrder {index:6;}">
                <Coords points="242,1638 1213,1619 1212,1510 241,1525"/>
                <Baseline points="260,1630 306,1629 353,1627 399,1626 446,1625 493,1624 539,1624 586,1623 633,1622 679,1622 726,1622 773,1621 819,1621 866,1621 913,1620 959,1620 1006,1619 1053,1619 1099,1618 1146,1617 1193,1616"/>
                <TextEquiv>
                    <Unicode>D# Hu Drei Premieren.</Unicode>
                </TextEquiv>
            </TextLine>
            <TextLine id="r1l8" custom="readingOrder {index:7;}">
                <Coords points="1522,1640 2760,1642 2760,1582 1522,1595"/>
                <Baseline points="1541,1630 1604,1630 1667,1630 1730,1630 1793,1630 1856,1629 1919,1629 1982,1628 2045,1628 2108,1627 2172,1626 2235,1625 2298,1625 2361,1624 2424,1624 2487,1623 2550,1623 2613,1623 2676,1623 2740,1623"/>
                <TextEquiv>
                    <Unicode>„ein Puppenspiel“ genannt und wurde als Puppenspiel dargestellt,</Unicode>
                </TextEquiv>
            </TextLine>
            <TextLine id="r1l9" custom="readingOrder {index:8;}">
                <Coords points="327,1694 3323,1616 327,1641"/>
                <Baseline points="346,1684 501,1682 657,1681 813,1680 968,1679 1124,1678 1280,1677 1436,1676 1591,1675 1747,1674 1903,1672 2059,1671 2214,1669 2370,1667 2526,1665 2682,1662 2837,1659 2993,1655 3149,1651 3305,1646"/>
                <TextEquiv>
                    <Unicode>F. E. Im Deutschen Theater wurde gestern Ludwig] in einem eckigen derben Stil, der die Art des alten Marionetten= vortraten. Dagegen wurde aus</Unicode>
                </TextEquiv>
            </TextLine>
            <TextLine id="r1l10" custom="readingOrder {index:9;}">
                <Coords points="2754,1701 3323,1703 3321,1646 2753,1664"/>
                <Baseline points="2772,1700 2798,1699 2825,1699 2851,1699 2878,1698 2905,1697 2931,1696 2958,1696 2984,1695 3011,1695 3038,1694 3064,1694 3091,1693 3117,1692 3144,1691 3171,1691 3197,1690 3224,1690 3250,1689 3277,1688 3304,1688"/>
                <TextEquiv>
                    <Unicode>viel geschrien. Unter den Mitw</Unicode>
                </TextEquiv>
            </TextLine>
            <TextLine id="r1l11" custom="readingOrder {index:10;}">
                <Coords points="1528,1718 2763,1711 2732,1666 1528,1673"/>
                <Baseline points="1548,1714 1607,1715 1667,1715 1727,1715 1787,1716 1847,1715 1906,1715 1966,1715 2026,1714 2086,1714 2146,1713 2205,1712 2265,1711 2325,1710 2385,1710 2445,1709 2504,1708 2564,1708 2624,1707 2684,1706 2744,1706"/>
                <TextEquiv>
                    <Unicode>theaters mit lebensgroßen Figuren lustig imitierte. Ein</Unicode>
                </TextEquiv>
            </TextLine>
            <TextLine id="r1l12" custom="readingOrder {index:11;}">
                <Coords points="275,1736 1525,1722 1524,1658 275,1695"/>
                <Baseline points="295,1724 355,1725 416,1725 476,1726 537,1726 598,1725 658,1725 719,1724 779,1724 840,1723 901,1722 961,1721 1022,1720 1082,1718 1143,1718 1204,1717 1264,1716 1325,1715 1385,1715 1446,1715 1507,1715"/>
                <TextEquiv>
                    <Unicode>Fuldas neues Schauspiel „Maskerade“ den Berlinern</Unicode>
                </TextEquiv>
            </TextLine>
            <TextLine id="r1l13" custom="readingOrder {index:12;}">
                <Coords points="2757,1745 3314,1737 3313,1691 2756,1704"/>
                <Baseline points="2776,1741 2802,1741 2828,1740 2854,1740 2880,1739 2906,1739 2932,1738 2958,1737 2984,1737 3010,1736 3036,1735 3062,1735 3088,1734 3114,1733 3140,1732 3166,1732 3192,1732 3218,1731 3244,1731 3270,1731 3296,1732"/>
                <TextEquiv>
                    <Unicode>Moissi die Aufmerksamkeit a</Unicode>
                </TextEquiv>
            </TextLine>
            <TextLine id="r1l14" custom="readingOrder {index:13;}">
                <Coords points="1525,1761 2759,1741 2758,1700 1524,1719"/>
                <Baseline points="1545,1755 1604,1756 1664,1757 1724,1757 1784,1758 1843,1758 1903,1757 1963,1757 2023,1756 2082,1755 2142,1754 2202,1753 2262,1752 2321,1750 2381,1749 2441,1748 2501,1747 2560,1746 2620,1745 2680,1744 2740,1744"/>
                <TextEquiv>
                    <Unicode>Teil der Zuhörer schien durch diese vom Inhalt des</Unicode>
                </TextEquiv>
            </TextLine>
            <TextLine id="r1l15" custom="readingOrder {index:14;}">
                <Coords points="282,1778 1532,1771 1531,1715 282,1725"/>
                <Baseline points="301,1770 361,1769 422,1768 482,1767 543,1767 604,1766 664,1766 725,1765 786,1765 846,1764 907,1764 968,1764 1028,1763 1089,1763 1150,1762 1210,1762 1271,1761 1332,1760 1392,1760 1453,1759 1514,1758"/>
                <TextEquiv>
                    <Unicode>zum ersten Mal vorgeführt. Die Wirkung auf den größeren</Unicode>
                </TextEquiv>
            </TextLine>
            <TextLine id="r1l16" custom="readingOrder {index:15;}">
                <Coords points="2748,1788 3294,1782 3320,1774 3319,1721 3086,1748 2747,1743"/>
                <Baseline points="2768,1784 2794,1783 2821,1782 2847,1782 2874,1782 2901,1781 2927,1781 2954,1780 2980,1780 3007,1779 3034,1778 3060,1778 3087,1777 3113,1777 3140,1776 3167,1776 3193,1775 3220,1775 3246,1775 3273,1774 3300,1774"/>
                <TextEquiv>
                    <Unicode>im Verband der unselig ent</Unicode>
                </TextEquiv>
            </TextLine>
            <TextLine id="r1l17" custom="readingOrder {index:16;}">
                <Coords points="1518,1806 2707,1798 2759,1790 2759,1741 1517,1765"/>
                <Baseline points="1535,1800 1595,1799 1655,1798 1715,1798 1775,1797 1836,1796 1896,1796 1956,1795 2016,1794 2076,1793 2137,1792 2197,1792 2257,1791 2317,1790 2377,1789 2438,1788 2498,1788 2558,1787 2618,1786 2678,1785 2739,1785"/>
                <TextEquiv>
                    <Unicode>Werkes nicht zwingend geforderte Darstellungsart befremdet; aber sie</Unicode>
                </TextEquiv>
            </TextLine>
            <TextLine id="r1l18" custom="readingOrder {index:17;}">
                <Coords points="280,1827 1195,1825 1511,1807 1537,1762 280,1782"/>
                <Baseline points="299,1813 360,1811 421,1810 482,1809 543,1808 604,1808 665,1807 726,1807 787,1806 848,1806 909,1805 970,1805 1031,1805 1092,1805 1153,1804 1214,1804 1275,1804 1336,1803 1397,1803 1458,1803 1519,1802"/>
                <TextEquiv>
                    <Unicode>Teil des Publikums schien stark und anhaltend zu sein;</Unicode>
                </TextEquiv>
            </TextLine>
            <TextLine id="r1l19" custom="readingOrder {index:18;}">
                <Coords points="2747,1829 3315,1828 3314,1760 2840,1792 2746,1783"/>
                <Baseline points="2767,1825 2793,1826 2819,1825 2846,1825 2872,1825 2899,1824 2925,1823 2952,1822 2978,1821 3005,1820 3031,1819 3057,1818 3084,1817 3110,1816 3137,1815 3163,1815 3190,1814 3216,1814 3243,1814 3269,1814 3296,1815"/>
                <TextEquiv>
                    <Unicode>draußen auf den Brettern de</Unicode>
                </TextEquiv>
            </TextLine>
            <TextLine id="r1l20" custom="readingOrder {index:19;}">
                <Coords points="1520,1849 2747,1839 2754,1797 1519,1808"/>
                <Baseline points="1539,1840 1598,1840 1658,1839 1718,1839 1778,1838 1838,1838 1898,1837 1958,1837 2018,1836 2078,1835 2138,1835 2197,1834 2257,1833 2317,1832 2377,1832 2437,1831 2497,1830 2557,1829 2617,1828 2677,1827 2737,1826"/>
                <TextEquiv>
                    <Unicode>hob zweifellos die kleine zierliche Dichtung auf ein besonderes Niveau.</Unicode>
                </TextEquiv>
            </TextLine>
            <TextLine id="r1l21" custom="readingOrder {index:20;}">
                <Coords points="278,1864 1542,1856 1542,1803 277,1815"/>
                <Baseline points="295,1856 356,1854 418,1853 479,1852 541,1851 602,1850 664,1849 725,1849 787,1848 848,1848 910,1848 971,1847 1033,1847 1094,1847 1156,1846 1217,1846 1279,1845 1340,1844 1402,1843 1463,1842 1525,1840"/>
                <TextEquiv>
                    <Unicode>der Autor konnte nach jedem Akt erscheinen. Fulda hat wohl</Unicode>
                </TextEquiv>
            </TextLine>
            <TextLine id="r1l22" custom="readingOrder {index:21;}">
                <Coords points="2749,1875 3001,1862 3065,1883 3103,1856 3317,1867 3316,1825 3248,1812 3219,1827 3113,1814 2918,1834 2748,1822"/>
                <Baseline points="2767,1867 2793,1866 2820,1866 2846,1866 2873,1865 2900,1864 2926,1864 2953,1863 2980,1863 3006,1862 3033,1861 3060,1861 3086,1860 3113,1860 3140,1859 3166,1859 3193,1858 3220,1858 3246,1857 3273,1857 3300,1856"/>
                <TextEquiv>
                    <Unicode>und nun die Rolle des Henri</Unicode>
                </TextEquiv>
            </TextLine>
            <TextLine id="r1l23" custom="readingOrder {index:22;}">
                <Coords points="1529,1889 2745,1888 2763,1823 1528,1847"/>
                <Baseline points="1546,1883 1605,1882 1665,1882 1725,1881 1785,1881 1845,1880 1905,1880 1965,1879 2025,1879 2085,1878 2145,1878 2204,1877 2264,1876 2324,1876 2384,1875 2444,1874 2504,1873 2564,1873 2624,1872 2684,1871 2744,1870"/>
                <TextEquiv>
                    <Unicode>Denn ihr poetischer Gehalt an sich ist nicht eben bedeutend. Eine</Unicode>
                </TextEquiv>
            </TextLine>
            <TextLine id="r1l24" custom="readingOrder {index:23;}">
                <Coords points="282,1898 1535,1898 1535,1845 282,1860"/>
                <Baseline points="300,1900 360,1898 421,1897 482,1896 543,1895 604,1895 664,1894 725,1894 786,1893 847,1893 908,1892 968,1892 1029,1891 1090,1891 1151,1890 1212,1889 1272,1888 1333,1887 1394,1885 1455,1884 1516,1882"/>
                <TextEquiv>
                    <Unicode>noch nie die Szenen so straff zu führen gewußt. Noch nie¬</Unicode>
                </TextEquiv>
            </TextLine>
            <TextLine id="r1l25" custom="readingOrder {index:24;}">
                <Coords points="2751,1908 3132,1912 3169,1896 3320,1915 3319,1855 3296,1852 3108,1855 3086,1875 2751,1866"/>
                <Baseline points="2769,1911 2795,1909 2822,1909 2848,1908 2875,1907 2902,1906 2928,1906 2955,1906 2981,1905 3008,1905 3035,1905 3061,1904 3088,1904 3114,1904 3141,1903 3168,1903 3194,1902 3221,1901 3247,1900 3274,1899 3301,1897"/>
                <TextEquiv>
                    <Unicode>hien kreiert hat. Die Begabi</Unicode>
                </TextEquiv>
            </TextLine>
            <TextLine id="r1l26" custom="readingOrder {index:25;}">
                <Coords points="1518,1933 2640,1931 2760,1926 2760,1885 1518,1888"/>
                <Baseline points="1537,1925 1597,1924 1657,1923 1717,1923 1777,1922 1837,1921 1897,1921 1958,1920 2018,1920 2078,1920 2138,1919 2198,1919 2258,1918 2318,1918 2379,1917 2439,1917 2499,1916 2559,1916 2619,1915 2679,1914 2740,1914"/>
                <TextEquiv>
                    <Unicode>Schnitzlersche Liebelei: Der junge weichmütige Martin liebt angeblich</Unicode>
                </TextEquiv>
            </TextLine>
            <TextLine id="r1l27" custom="readingOrder {index:26;}">
                <Coords points="287,1943 1498,1940 1528,1883 286,1901"/>
                <Baseline points="304,1941 364,1940 424,1939 484,1939 545,1938 605,1937 665,1936 725,1936 786,1935 846,1934 906,1934 966,1933 1027,1932 1087,1932 1147,1931 1207,1930 1268,1929 1328,1929 1388,1928 1448,1927 1509,1926"/>
                <TextEquiv>
                    <Unicode>mals aber auch, wie ich mit Bedauern hinzufügen muß, hat sich</Unicode>
                </TextEquiv>
            </TextLine>
            <TextLine id="r1l28" custom="readingOrder {index:27;}">
                <Coords points="2761,1957 3314,1947 3313,1909 3170,1897 3012,1915 2760,1908"/>
                <Baseline points="2780,1950 2805,1950 2831,1949 2857,1949 2883,1949 2909,1949 2934,1949 2960,1948 2986,1948 3012,1948 3038,1947 3063,1947 3089,1946 3115,1946 3141,1945 3167,1944 3192,1944 3218,1943 3244,1942 3270,1941 3296,1940"/>
                <TextEquiv>
                    <Unicode>dieser Stelle nachgesagt wurde,</Unicode>
                </TextEquiv>
            </TextLine>
            <TextLine id="r1l29" custom="readingOrder {index:28;}">
                <Coords points="1519,1975 2761,1962 2760,1917 1518,1926"/>
                <Baseline points="1539,1967 1599,1966 1659,1965 1719,1965 1779,1964 1839,1963 1899,1962 1959,1962 2019,1961 2079,1961 2139,1960 2199,1960 2259,1959 2319,1959 2379,1958 2439,1958 2499,1957 2559,1956 2619,1955 2679,1954 2740,1953"/>
                <TextEquiv>
                    <Unicode>die hübsche Sophie, und Sophie ihren Martin, aber beider Liebe</Unicode>
                </TextEquiv>
            </TextLine>
            <TextLine id="r1l30" custom="readingOrder {index:29;}">
                <Coords points="282,1988 1434,1984 1535,1967 1535,1930 281,1954"/>
                <Baseline points="300,1982 360,1982 421,1981 482,1981 543,1981 604,1980 664,1979 725,1979 786,1978 847,1977 908,1976 968,1975 1029,1974 1090,1973 1151,1972 1212,1971 1272,1971 1333,1970 1394,1969 1455,1968 1516,1968"/>
                <TextEquiv>
                    <Unicode>der Mitschöpfer der „Freien Bühne“ so unzarter und land¬</Unicode>
                </TextEquiv>
            </TextLine>
            <TextLine id="r1l31" custom="readingOrder {index:30;}">
                <Coords points="2756,1997 3324,1999 3323,1946 2755,1959"/>
                <Baseline points="2773,1992 2799,1992 2826,1992 2852,1991 2879,1991 2906,1991 2932,1991 2959,1990 2986,1990 3012,1989 3039,1989 3066,1989 3092,1988 3119,1988 3146,1987 3172,1986 3199,1986 3226,1985 3252,1984 3279,1984 3306,1983"/>
                <TextEquiv>
                    <Unicode>noch nicht zu ihrer Reife gelan</Unicode>
                </TextEquiv>
            </TextLine>
            <TextLine id="r1l32" custom="readingOrder {index:31;}">
                <Coords points="1534,2014 2693,2011 2761,2003 2760,1954 1533,1976"/>
                <Baseline points="1552,2010 1611,2010 1671,2009 1730,2008 1790,2007 1849,2007 1909,2006 1968,2005 2028,2005 2087,2004 2147,2003 2206,2002 2266,2002 2325,2001 2385,2000 2444,1999 2504,1999 2563,1998 2623,1997 2682,1997 2742,1996"/>
                <TextEquiv>
                    <Unicode>wurzelt garnicht im Herzen. Martin erprobt an Sophie nur seine</Unicode>
                </TextEquiv>
            </TextLine>
            <TextLine id="r1l33" custom="readingOrder {index:32;}">
                <Coords points="288,2029 1511,2022 1533,1969 287,1984"/>
                <Baseline points="306,2026 366,2025 426,2023 487,2022 547,2021 608,2020 668,2019 728,2018 789,2017 849,2017 910,2016 970,2015 1030,2015 1091,2014 1151,2014 1212,2013 1272,2013 1332,2012 1393,2012 1453,2011 1514,2011"/>
                <TextEquiv>
                    <Unicode>läufig greller Mittel bedient. Moral und Tugend, Laster und</Unicode>
                </TextEquiv>
            </TextLine>
            <TextLine id="r1l34" custom="readingOrder {index:33;}">
                <Coords points="2756,2040 3234,2025 3321,2039 3320,1994 3226,1999 3207,1980 3091,1997 2756,1995"/>
                <Baseline points="2775,2032 2801,2032 2827,2032 2854,2031 2880,2031 2907,2031 2933,2031 2959,2031 2986,2031 3012,2030 3039,2030 3065,2030 3091,2030 3118,2029 3144,2029 3171,2028 3197,2027 3223,2026 3250,2025 3276,2024 3303,2022"/>
                <TextEquiv>
                    <Unicode>perament und das Können, das</Unicode>
                </TextEquiv>
            </TextLine>
            <TextLine id="r1l35" custom="readingOrder {index:34;}">
                <Coords points="1526,2056 2704,2054 2764,2049 2763,1997 1525,2015"/>
                <Baseline points="1544,2051 1604,2051 1664,2050 1724,2050 1784,2049 1844,2049 1904,2048 1964,2048 2024,2047 2084,2046 2144,2046 2204,2045 2264,2044 2324,2044 2384,2043 2444,2042 2504,2041 2564,2040 2624,2039 2684,2038 2745,2037"/>
                <TextEquiv>
                    <Unicode>Empfindungen, um später desto sicherer einer anderen huldigen zu</Unicode>
                </TextEquiv>
            </TextLine>
            <TextLine id="r1l36" custom="readingOrder {index:35;}">
                <Coords points="282,2075 1445,2070 1527,2058 1527,2020 281,2022"/>
                <Baseline points="302,2066 362,2065 422,2064 482,2063 543,2062 603,2062 663,2061 723,2061 784,2061 844,2060 904,2060 964,2059 1025,2059 1085,2058 1145,2058 1205,2057 1266,2056 1326,2055 1386,2053 1446,2052 1507,2050"/>
                <TextEquiv>
                    <Unicode>Sünde werden von Fuldas sonst oft fein modellierender Hand</Unicode>
                </TextEquiv>
            </TextLine>
            <TextLine id="r1l37" custom="readingOrder {index:36;}">
                <Coords points="2754,2091 2991,2069 3315,2071 3314,2034 3235,2024 2753,2035"/>
                <Baseline points="2774,2076 2800,2075 2826,2074 2852,2074 2878,2074 2904,2073 2930,2073 2956,2073 2982,2072 3008,2072 3035,2072 3061,2071 3087,2071 3113,2071 3139,2070 3165,2070 3191,2069 3217,2069 3243,2068 3269,2067 3296,2066"/>
                <TextEquiv>
                    <Unicode>Anderen, die neben ihm tätig</Unicode>
                </TextEquiv>
            </TextLine>
            <TextLine id="r1l38" custom="readingOrder {index:37;}">
                <Coords points="1520,2101 2754,2093 2754,2022 1519,2052"/>
                <Baseline points="1539,2093 1598,2093 1658,2092 1718,2091 1778,2091 1837,2091 1897,2090 1957,2090 2017,2090 2076,2089 2136,2089 2196,2088 2256,2088 2315,2087 2375,2086 2435,2085 2495,2083 2554,2082 2614,2080 2674,2078 2734,2076"/>
                <TextEquiv>
                    <Unicode>können; und Sophie fällt, kaum daß er erschienen, dem anderen</Unicode>
                </TextEquiv>
            </TextLine>
            <TextLine id="r1l39" custom="readingOrder {index:38;}">
                <Coords points="282,2112 1524,2103 1523,2051 281,2079"/>
                <Baseline points="302,2109 362,2108 422,2106 482,2105 542,2104 602,2104 662,2103 723,2102 783,2102 843,2101 903,2101 963,2101 1023,2100 1083,2100 1144,2099 1204,2099 1264,2098 1324,2097 1384,2096 1444,2095 1505,2093"/>
                <TextEquiv>
                    <Unicode>wie mit der Mauerkelle aufgetragen. So wird die Satire die die</Unicode>
                </TextEquiv>
            </TextLine>
            <TextLine id="r1l40" custom="readingOrder {index:39;}">
                <Coords points="2757,2136 2911,2143 2979,2123 3005,2142 3028,2123 3096,2138 3122,2122 3141,2141 3318,2136 3317,2069 2757,2080"/>
                <Baseline points="2775,2118 2801,2116 2827,2115 2853,2114 2879,2114 2905,2113 2931,2113 2957,2113 2983,2113 3009,2113 3036,2114 3062,2114 3088,2114 3114,2114 3140,2114 3166,2114 3192,2114 3218,2113 3244,2112 3270,2111 3297,2109"/>
                <TextEquiv>
                    <Unicode>genannt, die die Marquise von </Unicode>
                </TextEquiv>
            </TextLine>
            <TextLine id="r1l41" custom="readingOrder {index:40;}">
                <Coords points="1533,2145 2647,2139 2763,2130 2763,2081 1532,2081"/>
                <Baseline points="1551,2135 1610,2135 1670,2135 1729,2135 1789,2135 1849,2134 1908,2134 1968,2133 2027,2132 2087,2132 2147,2131 2206,2130 2266,2129 2325,2128 2385,2127 2445,2126 2504,2125 2564,2124 2623,2123 2683,2123 2743,2121"/>
                <TextEquiv>
                    <Unicode>Mann, dem starken, tapferen Kassian zu. Der tapfere Kassian,</Unicode>
                </TextEquiv>
            </TextLine>
            <TextLine id="r1l42" custom="readingOrder {index:41;}">
                <Coords points="287,2157 1529,2141 1528,2104 1457,2097 286,2108"/>
                <Baseline points="304,2151 364,2150 424,2149 485,2148 545,2147 605,2146 666,2145 726,2145 786,2144 847,2143 907,2142 967,2142 1028,2141 1088,2140 1148,2140 1209,2139 1269,2138 1329,2137 1390,2137 1450,2136 1511,2135"/>
                <TextEquiv>
                    <Unicode>moderne Gesellschaftsheuchelei geißeln will, ungewollt zur Karikatur,</Unicode>
                </TextEquiv>
            </TextLine>
            <TextLine id="r1l43" custom="readingOrder {index:42;}">
                <Coords points="1532,2191 2774,2187 2773,2116 1531,2142"/>
                <Baseline points="1550,2179 1610,2178 1670,2177 1730,2177 1791,2176 1851,2175 1911,2174 1972,2174 2032,2173 2092,2172 2153,2171 2213,2171 2273,2170 2333,2169 2394,2168 2454,2168 2514,2167 2575,2166 2635,2166 2695,2165 2756,2165"/>
                <TextEquiv>
                    <Unicode>ein frisch=fröhlicher Bramarbas, siegte gründlich: er sticht</Unicode>
                </TextEquiv>
            </TextLine>
            <TextLine id="r1l44" custom="readingOrder {index:43;}">
                <Coords points="276,2206 1439,2195 1533,2190 1533,2141 276,2150"/>
                <Baseline points="296,2194 360,2193 424,2192 488,2191 552,2190 616,2189 680,2188 745,2187 809,2186 873,2185 937,2184 1001,2183 1065,2183 1130,2182 1194,2181 1258,2181 1322,2180 1386,2180 1450,2180 1515,2179"/>
                <TextEquiv>
                    <Unicode> die Fabel wird im schlechten Sinne romanhaft, und das Schauspiel</Unicode>
                </TextEquiv>
            </TextLine>
            <TextLine id="r1l45" custom="readingOrder {index:44;}">
                <Coords points="2801,2202 2843,2220 2884,2201 2956,2208 2986,2226 3076,2203 3129,2221 3155,2206 3253,2205 3272,2220 3325,2204 3324,2136 3072,2135 2993,2159 2959,2136 2906,2156 2868,2137 2801,2146"/>
                <Baseline points="2821,2203 2846,2203 2871,2203 2897,2203 2922,2203 2948,2204 2973,2204 2999,2204 3024,2204 3050,2203 3075,2203 3101,2203 3126,2203 3152,2202 3177,2202 3203,2201 3228,2200 3254,2199 3279,2198 3305,2196"/>
                <TextEquiv>
                    <Unicode>A. F. Das Deutsch=</Unicode>
                </TextEquiv>
            </TextLine>
            <TextLine id="r1l46" custom="readingOrder {index:45;}">
                <Coords points="1530,2232 2735,2224 2775,2155 1529,2179"/>
                <Baseline points="1549,2221 1609,2220 1669,2219 1730,2219 1790,2218 1850,2216 1911,2215 1971,2214 2031,2213 2092,2212 2152,2211 2212,2210 2273,2209 2333,2209 2393,2208 2454,2208 2514,2207 2574,2207 2635,2207 2695,2208 2756,2208"/>
                <TextEquiv>
                    <Unicode>im hitzig entflammten Duell Martin tot und geht</Unicode>
                </TextEquiv>
            </TextLine>
            <TextLine id="r1l47" custom="readingOrder {index:46;}">
                <Coords points="276,2236 1537,2230 1536,2181 275,2194"/>
                <Baseline points="294,2236 355,2236 416,2235 477,2235 539,2234 600,2233 661,2232 722,2230 784,2229 845,2228 906,2227 967,2225 1029,2224 1090,2223 1151,2223 1212,2222 1274,2222 1335,2222 1396,2222 1457,2223 1519,2224"/>
                <TextEquiv>
                    <Unicode>verwandelt sich in ein zwar sehr lehrhaftes, künstlerisch aber auch</Unicode>
                </TextEquiv>
            </TextLine>
            <TextLine id="r1l48" custom="readingOrder {index:47;}">
                <Coords points="2749,2250 3032,2263 3291,2243 3291,2216 3257,2209 2749,2205"/>
                <Baseline points="2769,2249 2794,2249 2819,2249 2844,2249 2869,2249 2894,2249 2919,2249 2944,2248 2969,2248 2994,2248 3020,2248 3045,2248 3070,2248 3095,2248 3120,2248 3145,2247 3170,2247 3195,2247 3220,2247 3245,2246 3271,2246"/>
                <TextEquiv>
                    <Unicode>mit seinem neuen Stück,</Unicode>
                </TextEquiv>
            </TextLine>
            <TextLine id="r1l49" custom="readingOrder {index:48;}">
                <Coords points="1525,2268 2692,2267 2752,2259 2752,2221 1525,2223"/>
                <Baseline points="1543,2263 1602,2262 1662,2261 1721,2260 1781,2260 1841,2259 1900,2258 1960,2257 2019,2257 2079,2256 2139,2255 2198,2254 2258,2253 2317,2253 2377,2252 2437,2251 2496,2250 2556,2249 2615,2248 2675,2247 2735,2247"/>
                <TextEquiv>
                    <Unicode>mit Sophie auf und davon. Das spielt sich in knappen Dialogen ab,</Unicode>
                </TextEquiv>
            </TextLine>
            <TextLine id="r1l50" custom="readingOrder {index:49;}">
                <Coords points="284,2280 333,2302 416,2278 890,2293 1169,2263 1168,2233 972,2213 664,2244 283,2235"/>
                <Baseline points="302,2278 344,2277 386,2277 429,2276 471,2276 514,2275 556,2275 598,2274 641,2273 683,2272 726,2271 768,2271 810,2270 853,2269 895,2269 938,2268 980,2267 1022,2267 1065,2266 1107,2266 1150,2266"/>
                <TextEquiv>
                    <Unicode>höchst angreifbares „Volksstück“ älieren Genres.</Unicode>
                </TextEquiv>
            </TextLine>
            <TextLine id="r1l51" custom="readingOrder {index:50;}">
                <Coords points="2759,2301 2910,2287 3015,2301 3052,2281 3113,2303 3203,2283 3222,2301 3297,2304 3331,2300 3330,2236 3195,2257 3138,2242 2758,2252"/>
                <Baseline points="2776,2291 2802,2291 2829,2291 2856,2292 2883,2292 2910,2292 2937,2291 2964,2291 2991,2291 3018,2290 3045,2290 3071,2289 3098,2289 3125,2288 3152,2287 3179,2287 3206,2286 3233,2286 3260,2285 3287,2285 3314,2285"/>
                <TextEquiv>
                    <Unicode>blickte, seinem Namen Ehre.</Unicode>
                </TextEquiv>
            </TextLine>
            <TextLine id="r1l52" custom="readingOrder {index:51;}">
                <Coords points="1530,2311 2754,2303 2753,2247 1530,2266"/>
                <Baseline points="1551,2307 1610,2306 1669,2305 1728,2304 1788,2303 1847,2302 1906,2301 1965,2300 2025,2300 2084,2299 2143,2298 2202,2297 2262,2297 2321,2296 2380,2295 2439,2295 2499,2294 2558,2294 2617,2293 2676,2293 2736,2292"/>
                <TextEquiv>
                    <Unicode>die mit der feinen Sprechkunst Arthur Schnitzlers geformt find, in</Unicode>
                </TextEquiv>
            </TextLine>
            <TextLine id="r1l53" custom="readingOrder {index:52;}">
                <Coords points="316,2319 1532,2319 1532,2270 1260,2246 1125,2281 316,2289"/>
                <Baseline points="336,2318 394,2317 453,2317 512,2316 571,2315 630,2315 689,2314 748,2313 807,2313 866,2312 925,2312 983,2311 1042,2311 1101,2310 1160,2310 1219,2309 1278,2308 1337,2308 1396,2307 1455,2307 1514,2306"/>
                <TextEquiv>
                    <Unicode>Gespielt wurde recht sauber, obschon im einzelnen eine feinere</Unicode>
                </TextEquiv>
            </TextLine>
            <TextLine id="r1l54" custom="readingOrder {index:53;}">
                <Coords points="2758,2335 2950,2350 3100,2340 3115,2325 3172,2343 3213,2327 3300,2333 3299,2295 3220,2297 3205,2282 2757,2301"/>
                <Baseline points="2778,2336 2803,2336 2828,2335 2853,2335 2878,2335 2904,2334 2929,2334 2954,2333 2979,2333 3004,2333 3030,2332 3055,2332 3080,2331 3105,2331 3130,2330 3156,2330 3181,2329 3206,2328 3231,2328 3256,2327 3282,2327"/>
                <TextEquiv>
                    <Unicode>großen Teich“ wird auch in „</Unicode>
                </TextEquiv>
            </TextLine>
            <TextLine id="r1l55" custom="readingOrder {index:54;}">
                <Coords points="1530,2355 2719,2343 2760,2293 1529,2313"/>
                <Baseline points="1550,2348 1609,2347 1669,2346 1728,2345 1788,2344 1848,2343 1907,2343 1967,2342 2027,2341 2086,2340 2146,2340 2206,2339 2265,2338 2325,2338 2385,2337 2444,2336 2504,2335 2564,2334 2623,2333 2683,2332 2743,2331"/>
                <TextEquiv>
                    <Unicode>individuell geprägten Worten, hinter denen die charaktervollen Ge¬</Unicode>
                </TextEquiv>
            </TextLine>
            <TextLine id="r1l56" custom="readingOrder {index:55;}">
                <Coords points="284,2364 1522,2365 1537,2304 284,2319"/>
                <Baseline points="304,2362 364,2361 425,2361 486,2360 547,2359 607,2358 668,2358 729,2357 790,2356 850,2355 911,2354 972,2354 1033,2353 1093,2352 1154,2351 1215,2351 1276,2350 1336,2350 1397,2349 1458,2349 1519,2348"/>
                <TextEquiv>
                    <Unicode>Darstellung manche Härte des Stückes hätte glätten können.</Unicode>
                </TextEquiv>
            </TextLine>
            <TextLine id="r1l57" custom="readingOrder {index:56;}">
                <Coords points="2764,2384 2832,2380 2847,2395 2956,2371 3065,2373 3092,2392 3122,2373 3257,2386 3317,2378 3317,2333 2764,2339"/>
                <Baseline points="2781,2373 2808,2374 2835,2375 2862,2375 2890,2375 2917,2375 2944,2375 2972,2375 2999,2374 3026,2374 3054,2373 3081,2373 3108,2372 3136,2371 3163,2371 3190,2371 3218,2370 3245,2370 3272,2370 3300,2370"/>
                <TextEquiv>
                    <Unicode>Gesang aus dem Nacht</Unicode>
                </TextEquiv>
            </TextLine>
            <TextLine id="r1l58" custom="readingOrder {index:57;}">
                <Coords points="1532,2399 2767,2389 2766,2333 1532,2350"/>
                <Baseline points="1553,2391 1612,2390 1672,2388 1732,2387 1792,2387 1852,2386 1911,2385 1971,2384 2031,2384 2091,2383 2151,2383 2210,2382 2270,2382 2330,2381 2390,2381 2450,2380 2509,2379 2569,2379 2629,2377 2689,2377 2749,2375"/>
                <TextEquiv>
                    <Unicode>stalten der drei Menschen scharf erscheinen, und die wieder einmal</Unicode>
                </TextEquiv>
            </TextLine>
            <TextLine id="r1l59" custom="readingOrder {index:58;}">
                <Coords points="283,2417 1544,2399 1544,2358 283,2364"/>
                <Baseline points="302,2406 363,2404 424,2403 485,2401 546,2400 607,2399 668,2398 729,2397 790,2396 851,2396 913,2395 974,2395 1035,2394 1096,2394 1157,2393 1218,2393 1279,2393 1340,2392 1401,2391 1462,2391 1524,2390"/>
                <TextEquiv>
                    <Unicode>Das gilt besonders von dem Geheimrat des Herrn</Unicode>
                </TextEquiv>
            </TextLine>
            <TextLine id="r1l60" custom="readingOrder {index:59;}">
                <Coords points="2763,2427 3098,2415 3226,2432 3316,2420 3316,2363 2763,2385"/>
                <Baseline points="2781,2417 2806,2417 2832,2417 2858,2417 2884,2417 2909,2417 2935,2417 2961,2417 2987,2417 3012,2416 3038,2416 3064,2416 3090,2416 3115,2415 3141,2415 3167,2414 3193,2413 3218,2413 3244,2412 3270,2411 3296,2409"/>
                <TextEquiv>
                    <Unicode>und Motiv von Adolf P</Unicode>
                </TextEquiv>
            </TextLine>
            <TextLine id="r1l61" custom="readingOrder {index:60;}">
                <Coords points="1529,2439 2767,2442 2766,2378 1528,2390"/>
                <Baseline points="1548,2431 1608,2430 1668,2430 1728,2429 1788,2428 1848,2428 1908,2427 1968,2426 2028,2425 2088,2424 2148,2423 2208,2422 2268,2421 2328,2420 2388,2419 2448,2419 2508,2419 2568,2418 2628,2418 2688,2418 2749,2418"/>
                <TextEquiv>
                    <Unicode>von der Schwachheit des Weibes und der Sieghaftigkeit des robusten</Unicode>
                </TextEquiv>
            </TextLine>
            <TextLine id="r1l62" custom="readingOrder {index:61;}">
                <Coords points="283,2451 1514,2443 1536,2405 282,2417"/>
                <Baseline points="300,2446 360,2446 421,2445 482,2444 543,2443 604,2443 664,2442 725,2441 786,2440 847,2439 908,2438 968,2438 1029,2437 1090,2436 1151,2435 1212,2434 1272,2434 1333,2433 1394,2433 1455,2433 1516,2432"/>
                <TextEquiv>
                    <Unicode>Ernst Arndt, der mit mehr Diskretion viel bessere</Unicode>
                </TextEquiv>
            </TextLine>
            <TextLine id="r1l63" custom="readingOrder {index:62;}">
                <Coords points="2750,2473 2889,2463 2931,2481 3025,2449 3138,2481 3160,2462 3240,2472 3322,2455 3321,2417 3272,2414 2749,2421"/>
                <Baseline points="2770,2462 2796,2461 2823,2461 2850,2461 2876,2460 2903,2460 2930,2460 2956,2459 2983,2459 3010,2458 3037,2458 3063,2458 3090,2457 3117,2456 3143,2456 3170,2455 3197,2455 3223,2454 3250,2452 3277,2452 3304,2451"/>
                <TextEquiv>
                    <Unicode>mischung des Deutschen mit</Unicode>
                </TextEquiv>
            </TextLine>
            <TextLine id="r1l64" custom="readingOrder {index:63;}">
                <Coords points="1525,2494 1589,2493 1608,2478 1777,2488 1849,2475 1848,2427 1788,2427 1777,2439 1743,2443 1675,2417 1664,2429 1619,2429 1600,2441 1525,2438"/>
                <Baseline points="1543,2470 1568,2470 1594,2470 1620,2470 1646,2469 1672,2469 1698,2468 1724,2468 1750,2467 1776,2467 1802,2468 1828,2469"/>
                <TextEquiv>
                    <Unicode>Mannes künden.</Unicode>
                </TextEquiv>
            </TextLine>
            <TextLine id="r1l65" custom="readingOrder {index:64;}">
                <Coords points="287,2499 1544,2468 1543,2434 1265,2427 286,2454"/>
                <Baseline points="304,2490 365,2489 426,2489 487,2488 548,2487 609,2487 670,2486 731,2485 792,2484 853,2483 914,2482 975,2481 1036,2480 1097,2479 1158,2478 1219,2476 1280,2475 1341,2475 1402,2474 1463,2473 1525,2472"/>
                <TextEquiv>
                    <Unicode>Arbeit getan hätte; seine Geheimrätin (Margarete Ottol</Unicode>
                </TextEquiv>
            </TextLine>
            <TextLine id="r1l66" custom="readingOrder {index:65;}">
                <Coords points="2758,2512 2825,2497 2863,2515 3112,2512 3126,2496 3217,2495 3277,2510 3322,2501 3322,2452 3122,2470 3024,2449 2915,2477 2757,2464"/>
                <Baseline points="2775,2501 2801,2501 2827,2502 2854,2502 2880,2502 2906,2502 2933,2502 2959,2502 2985,2502 3012,2502 3038,2502 3064,2501 3091,2501 3117,2500 3143,2500 3170,2499 3196,2498 3222,2497 3249,2496 3275,2495 3302,2494"/>
                <TextEquiv>
                    <Unicode>es die Schenkung der ga</Unicode>
                </TextEquiv>
            </TextLine>
            <TextLine id="r1l67" custom="readingOrder {index:66;}">
                <Coords points="1578,2530 2764,2519 2763,2462 2725,2455 1578,2481"/>
                <Baseline points="1597,2518 1654,2518 1711,2518 1768,2517 1826,2517 1883,2517 1940,2516 1998,2516 2055,2515 2112,2515 2170,2514 2227,2514 2284,2513 2341,2512 2399,2512 2456,2511 2513,2510 2571,2510 2628,2509 2685,2509 2743,2508"/>
                <TextEquiv>
                    <Unicode>Diese immerhin nicht allzu reiche Dichtung wurde durch</Unicode>
                </TextEquiv>
            </TextLine>
            <TextLine id="r1l68" custom="readingOrder {index:67;}">
                <Coords points="276,2541 1537,2522 1536,2476 1397,2471 276,2492"/>
                <Baseline points="295,2529 356,2530 417,2530 478,2530 539,2530 600,2529 661,2529 722,2528 783,2528 844,2527 906,2526 967,2525 1028,2524 1089,2523 1150,2522 1211,2521 1272,2520 1333,2519 1394,2518 1455,2517 1517,2516"/>
                <TextEquiv>
                    <Unicode>Körner) brachte den Humor vorsichtiger. Der männliche</Unicode>
                </TextEquiv>
            </TextLine>
            <TextLine id="r1l69" custom="readingOrder {index:68;}">
                <Coords points="2771,2552 2989,2544 3019,2562 3139,2537 3324,2549 3323,2500 2770,2511"/>
                <Baseline points="2788,2544 2813,2545 2839,2545 2865,2546 2891,2546 2916,2546 2942,2545 2968,2545 2994,2545 3019,2544 3045,2543 3071,2543 3097,2542 3122,2541 3148,2540 3174,2540 3200,2539 3225,2538 3251,2538 3277,2537 3303,2537"/>
                <TextEquiv>
                    <Unicode>oder selbst hundert schwung</Unicode>
                </TextEquiv>
            </TextLine>
            <TextLine id="r1l70" custom="readingOrder {index:69;}">
                <Coords points="1532,2572 2763,2558 2762,2520 2480,2504 1531,2520"/>
                <Baseline points="1549,2561 1608,2560 1668,2560 1728,2560 1788,2559 1847,2559 1907,2559 1967,2558 2027,2558 2086,2557 2146,2557 2206,2556 2266,2556 2325,2555 2385,2554 2445,2554 2505,2553 2564,2552 2624,2552 2684,2551 2744,2550"/>
                <TextEquiv>
                    <Unicode>die Darstellung in die aparte Sphäre des Grotesken</Unicode>
                </TextEquiv>
            </TextLine>
            <TextLine id="r1l71" custom="readingOrder {index:70;}">
                <Coords points="279,2575 1468,2574 1528,2562 1528,2524 278,2541"/>
                <Baseline points="297,2574 357,2573 418,2572 478,2571 539,2570 600,2569 660,2568 721,2568 782,2567 842,2566 903,2566 964,2565 1024,2564 1085,2564 1146,2563 1206,2562 1267,2561 1328,2560 1388,2559 1449,2558 1510,2556"/>
                <TextEquiv>
                    <Unicode>Held wurde von Herrn Geisendörfer frisch gespielt; die weib¬</Unicode>
                </TextEquiv>
            </TextLine>
            <TextLine id="r1l72" custom="readingOrder {index:71;}">
                <Coords points="2764,2597 3328,2586 3327,2544 3290,2541 2763,2552"/>
                <Baseline points="2783,2587 2809,2587 2835,2587 2861,2587 2888,2587 2914,2587 2940,2587 2967,2586 2993,2586 3019,2586 3046,2585 3072,2585 3098,2584 3124,2583 3151,2582 3177,2582 3203,2581 3230,2580 3256,2578 3282,2577 3309,2576"/>
                <TextEquiv>
                    <Unicode>v. Sternburg nicht hervorbrin</Unicode>
                </TextEquiv>
            </TextLine>
            <TextLine id="r1l73" custom="readingOrder {index:72;}">
                <Coords points="1532,2615 2770,2610 2770,2550 1532,2573"/>
                <Baseline points="1549,2607 1609,2607 1669,2607 1729,2606 1789,2605 1849,2604 1909,2604 1969,2603 2029,2602 2089,2601 2149,2600 2209,2599 2269,2598 2329,2597 2389,2596 2449,2596 2509,2595 2569,2595 2629,2594 2689,2594 2750,2594"/>
                <TextEquiv>
                    <Unicode>gehoben; wie gesagt, nicht aus zwingender innerer Notwendigkeit</Unicode>
                </TextEquiv>
            </TextLine>
            <TextLine id="r1l74" custom="readingOrder {index:73;}">
                <Coords points="289,2616 1539,2612 1538,2563 289,2578"/>
                <Baseline points="306,2615 366,2615 427,2614 487,2613 548,2613 609,2612 669,2611 730,2611 790,2610 851,2609 912,2608 972,2608 1033,2607 1093,2606 1154,2605 1215,2604 1275,2603 1336,2603 1396,2602 1457,2601 1518,2600"/>
                <TextEquiv>
                    <Unicode>liche Heldin, eine Lehrerin, die plötzlich Baronesse wird, fand in</Unicode>
                </TextEquiv>
            </TextLine>
            <TextLine id="r1l75" custom="readingOrder {index:74;}">
                <Coords points="2762,2642 2968,2622 2991,2640 3304,2622 3303,2588 3224,2582 3126,2600 3013,2583 2761,2596"/>
                <Baseline points="2779,2633 2804,2631 2829,2630 2854,2628 2879,2627 2905,2627 2930,2626 2955,2626 2980,2625 3005,2625 3031,2625 3056,2625 3081,2625 3106,2624 3131,2624 3157,2623 3182,2623 3207,2621 3232,2620 3257,2619 3283,2617"/>
                <TextEquiv>
                    <Unicode>zahlreichen Mengen auf der</Unicode>
                </TextEquiv>
            </TextLine>
            <TextLine id="r1l76" custom="readingOrder {index:75;}">
                <Coords points="1529,2653 2628,2654 2763,2644 2762,2595 1528,2615"/>
                <Baseline points="1547,2651 1606,2650 1666,2649 1726,2648 1786,2647 1846,2645 1905,2645 1965,2644 2025,2642 2085,2641 2145,2640 2204,2640 2264,2639 2324,2638 2384,2637 2444,2637 2503,2637 2563,2637 2623,2637 2683,2637 2743,2637"/>
                <TextEquiv>
                    <Unicode>heraus, aber entschieden mit gutem Glück. Sehr drastisch</Unicode>
                </TextEquiv>
            </TextLine>
            <TextLine id="r1l77" custom="readingOrder {index:76;}">
                <Coords points="277,2680 1380,2661 1526,2652 1526,2610 276,2609"/>
                <Baseline points="297,2660 357,2659 418,2657 478,2656 539,2655 599,2654 660,2653 720,2652 781,2652 841,2651 902,2650 962,2650 1023,2649 1083,2648 1144,2648 1204,2647 1265,2646 1325,2645 1386,2644 1446,2643 1507,2641"/>
                <TextEquiv>
                    <Unicode>Fräulein Hannemann eine verständige, in allen Höhepunkten</Unicode>
                </TextEquiv>
            </TextLine>
            <TextLine id="r1l78" custom="readingOrder {index:77;}">
                <Coords points="2767,2675 3324,2674 3323,2629 2766,2637"/>
                <Baseline points="2786,2669 2813,2669 2840,2668 2867,2668 2895,2667 2922,2667 2949,2666 2977,2666 3004,2665 3031,2665 3059,2664 3086,2664 3113,2663 3141,2663 3168,2663 3195,2662 3223,2662 3250,2662 3277,2662 3305,2662"/>
                <TextEquiv>
                    <Unicode>eigentümlich konstruierten Herz</Unicode>
                </TextEquiv>
            </TextLine>
            <TextLine id="r1l79" custom="readingOrder {index:78;}">
                <Coords points="1528,2700 2770,2679 2769,2634 2584,2626 1527,2655"/>
                <Baseline points="1545,2694 1605,2692 1665,2691 1725,2690 1786,2688 1846,2687 1906,2685 1966,2684 2027,2683 2087,2682 2147,2681 2207,2680 2268,2679 2328,2678 2388,2677 2448,2676 2509,2676 2569,2675 2629,2675 2689,2675 2750,2675"/>
                <TextEquiv>
                    <Unicode>spielten zumal Alexander Ekert (Martin) und Ger¬</Unicode>
                </TextEquiv>
            </TextLine>
            <TextLine id="r1l80" custom="readingOrder {index:79;}">
                <Coords points="286,2703 1536,2693 1535,2648 1460,2641 286,2673"/>
                <Baseline points="306,2701 366,2700 427,2699 487,2698 548,2696 609,2696 669,2695 730,2694 790,2693 851,2692 912,2691 972,2691 1033,2690 1093,2690 1154,2689 1215,2689 1275,2688 1336,2688 1396,2688 1457,2688 1518,2688"/>
                <TextEquiv>
                    <Unicode>aber höchst schwache Darstellerin. Adele Hartwig gab die typische</Unicode>
                </TextEquiv>
            </TextLine>
            <TextLine id="r1l81" custom="readingOrder {index:80;}">
                <Coords points="2761,2719 3223,2704 3273,2719 3329,2703 3328,2639 3287,2662 2760,2674"/>
                <Baseline points="2781,2710 2807,2710 2833,2710 2860,2709 2886,2709 2913,2709 2939,2709 2965,2708 2992,2708 3018,2708 3045,2707 3071,2707 3097,2707 3124,2706 3150,2706 3177,2705 3203,2704 3229,2704 3256,2703 3282,2702 3309,2701"/>
                <TextEquiv>
                    <Unicode>Vaterländer und reden in eine#</Unicode>
                </TextEquiv>
            </TextLine>
            <TextLine id="r1l82" custom="readingOrder {index:81;}">
                <Coords points="2199,2707 2323,2736 2391,2712 2463,2742 2541,2707 2591,2733 2775,2712 2774,2671 2560,2688 2534,2666 2368,2683 2199,2669"/>
                <Baseline points="2217,2722 2243,2722 2270,2721 2297,2721 2324,2720 2351,2720 2378,2719 2405,2719 2432,2719 2459,2718 2486,2718 2512,2718 2539,2718 2566,2718 2593,2717 2620,2717 2647,2717 2674,2717 2701,2717 2728,2717 2755,2716"/>
                <TextEquiv>
                    <Unicode>einem eckigen Freskostil</Unicode>
                </TextEquiv>
            </TextLine>
            <TextLine id="r1l83" custom="readingOrder {index:82;}">
                <Coords points="1532,2740 1788,2747 1935,2722 2010,2744 2119,2712 2183,2734 2217,2729 2216,2684 1531,2698"/>
                <Baseline points="1551,2730 1583,2730 1615,2730 1648,2730 1680,2730 1713,2729 1745,2729 1777,2728 1810,2728 1842,2727 1875,2727 1907,2726 1939,2725 1972,2725 2004,2724 2037,2724 2069,2723 2101,2723 2134,2722 2166,2722 2199,2722"/>
                <TextEquiv>
                    <Unicode>trud Eysoldt (Sophie) in</Unicode>
                </TextEquiv>
            </TextLine>
            <TextLine id="r1l84" custom="readingOrder {index:83;}">
                <Coords points="293,2748 1528,2737 1527,2695 1388,2689 293,2710"/>
                <Baseline points="310,2741 370,2740 430,2740 490,2739 550,2738 610,2737 670,2736 730,2735 790,2734 850,2734 910,2732 970,2732 1030,2731 1090,2730 1150,2730 1210,2729 1270,2729 1330,2728 1390,2728 1450,2728 1510,2728"/>
                <TextEquiv>
                    <Unicode>Salondame mit der dieser Bühnengestalt stets so zuträglichen</Unicode>
                </TextEquiv>
            </TextLine>
            <TextLine id="r1l85" custom="readingOrder {index:84;}">
                <Coords points="2762,2763 2819,2778 2845,2759 2894,2774 3229,2753 3278,2775 3316,2760 3315,2707 2762,2718"/>
                <Baseline points="2780,2750 2805,2750 2831,2750 2857,2750 2883,2750 2908,2750 2934,2750 2960,2750 2986,2750 3011,2749 3037,2749 3063,2749 3089,2749 3114,2749 3140,2749 3166,2749 3192,2749 3217,2748 3243,2748 3269,2747 3295,2747"/>
                <TextEquiv>
                    <Unicode>Köpenickerstraße eigentümlich i</Unicode>
                </TextEquiv>
            </TextLine>
            <TextLine id="r1l86" custom="readingOrder {index:85;}">
                <Coords points="1527,2792 2777,2768 2776,2711 1526,2731"/>
                <Baseline points="1545,2775 1605,2774 1666,2773 1726,2772 1787,2771 1848,2770 1908,2769 1969,2768 2030,2767 2090,2766 2151,2765 2212,2764 2272,2764 2333,2763 2394,2762 2454,2762 2515,2761 2576,2761 2636,2760 2697,2760 2758,2760"/>
                <TextEquiv>
                    <Unicode>und liehen auch ihrer Sprache einen leise marionettenhaft</Unicode>
                </TextEquiv>
            </TextLine>
            <TextLine id="r1l87" custom="readingOrder {index:86;}">
                <Coords points="290,2793 1532,2784 1531,2705 289,2744"/>
                <Baseline points="308,2784 368,2783 428,2782 488,2781 549,2780 609,2779 669,2778 730,2777 790,2776 850,2775 911,2774 971,2773 1031,2772 1091,2771 1152,2771 1212,2770 1272,2770 1333,2769 1393,2769 1453,2769 1514,2770"/>
                <TextEquiv>
                    <Unicode>Verve. Und vor Herrn Strobl, der seinem Minister eine seine</Unicode>
                </TextEquiv>
            </TextLine>
            <TextLine id="r1l88" custom="readingOrder {index:87;}">
                <Coords points="2813,2812 2877,2818 2922,2798 3024,2814 3121,2785 3250,2809 3279,2797 3278,2748 3105,2744 2914,2772 2849,2758 2812,2767"/>
                <Baseline points="2830,2800 2855,2800 2880,2799 2905,2799 2930,2798 2956,2798 2981,2797 3006,2797 3031,2796 3057,2795 3082,2795 3107,2794 3132,2794 3158,2792 3183,2792 3208,2791 3233,2791 3259,2790"/>
                <TextEquiv>
                    <Unicode>In „Newyork“ sieht</Unicode>
                </TextEquiv>
            </TextLine>
            <TextLine id="r1l89" custom="readingOrder {index:88;}">
                <Coords points="1529,2823 2681,2824 2775,2819 2775,2766 1529,2785"/>
                <Baseline points="1548,2819 1608,2818 1668,2816 1729,2815 1789,2813 1849,2812 1910,2811 1970,2811 2030,2809 2091,2809 2151,2808 2211,2807 2272,2807 2332,2806 2392,2806 2453,2805 2513,2805 2573,2804 2634,2804 2694,2804 2755,2803"/>
                <TextEquiv>
                    <Unicode>monotonen Klang. Herrn Liehr fehlen eigentlich die äußeren</Unicode>
                </TextEquiv>
            </TextLine>
            <TextLine id="r1l90" custom="readingOrder {index:89;}">
                <Coords points="288,2831 1440,2824 1530,2819 1530,2777 288,2789"/>
                <Baseline points="308,2824 368,2823 428,2823 488,2823 548,2822 608,2821 668,2820 728,2819 788,2817 848,2816 909,2815 969,2814 1029,2813 1089,2812 1149,2811 1209,2811 1269,2811 1329,2811 1389,2811 1449,2812 1510,2814"/>
                <TextEquiv>
                    <Unicode>Selbstironie gab, ist noch Herr Adolf Klein zu nennen. Er spielte</Unicode>
                </TextEquiv>
            </TextLine>
            <TextLine id="r1l91" custom="readingOrder {index:90;}">
                <Coords points="2758,2840 2833,2851 2878,2835 2927,2861 3010,2827 3032,2849 3119,2841 3153,2860 3258,2832 3258,2795 3216,2784 3164,2803 3126,2784 3073,2804 3036,2785 2949,2812 2904,2797 2889,2813 2874,2798 2757,2787"/>
                <Baseline points="2777,2839 2802,2839 2828,2839 2854,2839 2880,2839 2905,2839 2931,2839 2957,2839 2983,2839 3009,2839 3034,2839 3060,2838 3086,2838 3112,2838 3137,2837 3163,2837 3189,2836 3215,2836 3241,2835"/>
                <TextEquiv>
                    <Unicode>von ihrer Nachtseite,</Unicode>
                </TextEquiv>
            </TextLine>
            <TextLine id="r1l92" custom="readingOrder {index:91;}">
                <Coords points="1538,2871 2731,2856 2761,2807 1538,2822"/>
                <Baseline points="1557,2860 1616,2859 1675,2858 1734,2857 1794,2856 1853,2855 1912,2854 1971,2853 2031,2851 2090,2851 2149,2849 2208,2849 2268,2848 2327,2847 2386,2847 2445,2846 2505,2846 2564,2846 2623,2846 2682,2847 2742,2847"/>
                <TextEquiv>
                    <Unicode>Mittel zur Verkörperung des wilden Kassian; um so</Unicode>
                </TextEquiv>
            </TextLine>
            <TextLine id="r1l93" custom="readingOrder {index:92;}">
                <Coords points="288,2873 1515,2868 1545,2812 288,2828"/>
                <Baseline points="308,2870 368,2868 429,2866 490,2865 551,2864 612,2863 673,2862 733,2862 794,2861 855,2860 916,2860 977,2860 1038,2859 1099,2859 1159,2858 1220,2858 1281,2858 1342,2857 1403,2857 1464,2856 1525,2855"/>
                <TextEquiv>
                    <Unicode>gestern einen Fuldaschen Grafen Trast genau so urbiedermännisch</Unicode>
                </TextEquiv>
            </TextLine>
            <TextLine id="r1l94" custom="readingOrder {index:93;}">
                <Coords points="2758,2887 2920,2895 2947,2880 3011,2898 3097,2883 3124,2906 3154,2879 3327,2883 3327,2842 3248,2830 3067,2857 3010,2827 2988,2842 2758,2838"/>
                <Baseline points="2777,2883 2803,2882 2830,2882 2856,2882 2883,2882 2909,2882 2936,2882 2962,2882 2989,2883 3015,2883 3042,2883 3068,2883 3095,2883 3121,2883 3148,2883 3174,2883 3201,2883 3227,2882 3254,2882 3280,2880 3307,2879"/>
                <TextEquiv>
                    <Unicode>rischem Sinne so ziemlich</Unicode>
                </TextEquiv>
            </TextLine>
            <TextLine id="r1l95" custom="readingOrder {index:94;}">
                <Coords points="1535,2909 2765,2897 2765,2844 1534,2864"/>
                <Baseline points="1555,2901 1614,2899 1674,2898 1733,2897 1793,2895 1852,2894 1912,2894 1971,2893 2031,2892 2090,2892 2150,2892 2210,2891 2269,2891 2329,2891 2388,2890 2448,2890 2507,2889 2567,2889 2626,2888 2686,2887 2746,2886"/>
                <TextEquiv>
                    <Unicode>auerkennenswerter ist es, wie gut er mit seiner Aufgabe</Unicode>
                </TextEquiv>
            </TextLine>
            <TextLine id="r1l96" custom="readingOrder {index:95;}">
                <Coords points="285,2922 1542,2909 1541,2860 1466,2857 284,2873"/>
                <Baseline points="303,2908 363,2908 424,2908 485,2908 546,2908 607,2907 668,2907 729,2906 790,2905 851,2905 912,2904 972,2903 1033,2902 1094,2902 1155,2901 1216,2900 1277,2900 1338,2899 1399,2899 1460,2898 1521,2898"/>
                <TextEquiv>
                    <Unicode>und„grandios edel, wie er vor fünfzehn Jahren den Sudermannschen</Unicode>
                </TextEquiv>
            </TextLine>
            <TextLine id="r1l97" custom="readingOrder {index:96;}">
                <Coords points="2769,2935 2916,2930 2954,2948 2995,2921 3157,2942 3315,2926 3314,2884 2769,2890"/>
                <Baseline points="2787,2927 2812,2926 2837,2925 2863,2925 2888,2925 2914,2925 2939,2925 2965,2925 2990,2925 3016,2926 3041,2926 3066,2926 3092,2926 3117,2926 3143,2925 3168,2925 3194,2924 3219,2922 3245,2921 3270,2919 3296,2917"/>
                <TextEquiv>
                    <Unicode>früher die gute, alte B</Unicode>
                </TextEquiv>
            </TextLine>
            <TextLine id="r1l98" custom="readingOrder {index:97;}">
                <Coords points="1533,2950 2723,2938 2764,2899 1533,2908"/>
                <Baseline points="1551,2945 1610,2943 1670,2942 1730,2941 1790,2940 1849,2939 1909,2938 1969,2936 2029,2936 2088,2935 2148,2934 2208,2933 2268,2932 2327,2932 2387,2931 2447,2931 2507,2930 2566,2930 2626,2930 2686,2929 2746,2929"/>
                <TextEquiv>
                    <Unicode>fertig wurde. Auch der äußere Nahmen für das Spiel war in seiner</Unicode>
                </TextEquiv>
            </TextLine>
            <TextLine id="r1l99" custom="readingOrder {index:98;}">
                <Coords points="274,2971 297,2967 327,2984 379,2955 556,2962 582,2953 580,2916 554,2913 467,2913 449,2922 377,2910 272,2922"/>
                <Baseline points="294,2966 320,2961 347,2958 374,2955 401,2954 428,2953 455,2953 482,2952 509,2952 536,2951 563,2949"/>
                <TextEquiv>
                    <Unicode>gegeben hatte.</Unicode>
                </TextEquiv>
            </TextLine>
            <TextLine id="r1l100" custom="readingOrder {index:99;}">
                <Coords points="2761,2974 2866,2965 2889,2984 2952,2961 3099,2986 3152,2963 3212,2974 3284,2954 3283,2917 3261,2913 3163,2936 3001,2919 2937,2931 2918,2912 2892,2931 2760,2925"/>
                <Baseline points="2781,2965 2806,2965 2831,2965 2857,2965 2882,2965 2908,2965 2933,2966 2959,2966 2984,2966 3010,2967 3035,2967 3061,2967 3086,2966 3112,2966 3137,2966 3163,2965 3188,2963 3214,2962 3239,2959 3265,2957"/>
                <TextEquiv>
                    <Unicode>ist der Spiritus, der</Unicode>
                </TextEquiv>
            </TextLine>
            <TextLine id="r1l101" custom="readingOrder {index:100;}">
                <Coords points="1540,2992 2695,3000 2763,2980 2762,2924 1539,2950"/>
                <Baseline points="1557,2989 1616,2987 1675,2984 1735,2983 1794,2981 1854,2980 1913,2979 1972,2979 2032,2978 2091,2977 2151,2977 2210,2976 2269,2976 2329,2976 2388,2975 2448,2975 2507,2974 2566,2973 2626,2972 2685,2971 2745,2970"/>
                <TextEquiv>
                    <Unicode>stilisierten Schlichtheit und Künstlichkeit mit sicherem Geschmack</Unicode>
                </TextEquiv>
            </TextLine>
            <TextLine id="r1l102" custom="readingOrder {index:101;}">
                <Coords points="289,3019 831,3017 913,2990 985,3008 1056,3000 1056,2951 965,2925 943,2945 656,2929 518,2964 288,2959"/>
                <Baseline points="309,3001 345,2999 382,2996 418,2995 455,2994 491,2993 528,2993 564,2993 601,2992 637,2992 674,2993 710,2993 747,2993 783,2993 820,2993 856,2992 893,2992 929,2991 966,2990 1002,2988 1039,2986"/>
                <TextEquiv>
                    <Unicode>/ Morgen noch einiges über das Stück.</Unicode>
                </TextEquiv>
            </TextLine>
            <TextLine id="r1l103" custom="readingOrder {index:102;}">
                <Coords points="2757,3026 3333,3003 3333,2969 3272,2954 3092,2978 2941,2957 2757,2966"/>
                <Baseline points="2775,3008 2802,3008 2829,3008 2856,3008 2883,3009 2910,3009 2937,3009 2964,3009 2991,3009 3018,3009 3045,3009 3072,3009 3099,3008 3126,3008 3153,3008 3180,3007 3207,3006 3234,3005 3261,3005 3288,3004 3315,3002"/>
                <TextEquiv>
                    <Unicode>einem bunteren, abwechselum</Unicode>
                </TextEquiv>
            </TextLine>
            <TextLine id="r1l104" custom="readingOrder {index:103;}">
                <Coords points="1540,3062 1592,3049 1610,3033 1633,3032 1641,3039 1675,3034 1724,3044 1746,3024 1765,3023 1763,2993 1722,2995 1673,2985 1609,2988 1602,2996 1538,2994"/>
                <Baseline points="1557,3031 1583,3029 1610,3027 1637,3025 1664,3024 1691,3023 1718,3024 1745,3025"/>
                <TextEquiv>
                    <Unicode>hergestellt.</Unicode>
                </TextEquiv>
            </TextLine>
            <TextLine id="r1l105" custom="readingOrder {index:104;}">
                <Coords points="2771,3058 3245,3057 3331,3048 3331,3010 3248,3019 3105,2999 2770,3017"/>
                <Baseline points="2789,3053 2815,3053 2841,3053 2867,3053 2893,3053 2919,3053 2945,3053 2972,3053 2998,3052 3024,3052 3050,3051 3076,3051 3102,3050 3128,3049 3155,3049 3181,3048 3207,3047 3233,3046 3259,3045 3285,3045 3312,3044"/>
                <TextEquiv>
                    <Unicode>und deshalb dürfte auch die</Unicode>
                </TextEquiv>
            </TextLine>
            <TextLine id="r1l106" custom="readingOrder {index:105;}">
                <Coords points="1576,3075 2664,3075 2761,3009 1575,3026"/>
                <Baseline points="1596,3066 1653,3066 1710,3066 1767,3066 1825,3065 1882,3065 1939,3064 1996,3064 2054,3063 2111,3063 2168,3062 2225,3061 2283,3060 2340,3059 2397,3058 2454,3057 2512,3055 2569,3054 2626,3053 2683,3051 2741,3050"/>
                <TextEquiv>
                    <Unicode>Dem „tapferen Kassian“ folgte „Der grüne Kakadu“</Unicode>
                </TextEquiv>
            </TextLine>
            <TextLine id="r1l107" custom="readingOrder {index:106;}">
                <Coords points="338,3078 1456,3090 1553,3066 1553,3021 337,3041"/>
                <Baseline points="358,3085 416,3085 475,3084 534,3083 593,3083 652,3082 711,3081 769,3080 828,3080 887,3078 946,3078 1005,3077 1064,3076 1123,3075 1181,3075 1240,3074 1299,3073 1358,3072 1417,3072 1476,3071 1535,3071"/>
                <TextEquiv>
                    <Unicode>E. H. Das Kleine Theater hatte gestern einen hübschen</Unicode>
                </TextEquiv>
            </TextLine>
            <TextLine id="r1l108" custom="readingOrder {index:107;}">
                <Coords points="2761,3102 3292,3097 3314,3093 3314,3056 2761,3057"/>
                <Baseline points="2779,3094 2804,3093 2830,3092 2856,3092 2882,3092 2908,3092 2934,3092 2960,3092 2986,3093 3012,3093 3038,3093 3063,3094 3089,3094 3115,3093 3141,3093 3167,3092 3193,3091 3219,3090 3245,3088 3271,3086 3297,3083"/>
                <TextEquiv>
                    <Unicode>Theaterbesucher, die nicht vi</Unicode>
                </TextEquiv>
            </TextLine>
            <TextLine id="r1l109" custom="readingOrder {index:108;}">
                <Coords points="1541,3120 2768,3109 2770,3033 1540,3067"/>
                <Baseline points="1559,3110 1618,3110 1678,3110 1738,3110 1798,3110 1857,3109 1917,3108 1977,3108 2037,3107 2096,3106 2156,3105 2216,3104 2276,3103 2335,3102 2395,3102 2455,3101 2515,3100 2574,3099 2634,3098 2694,3098 2754,3097"/>
                <TextEquiv>
                    <Unicode>das oft schon aufgeführte und immer bewährte Werk, in dem</Unicode>
                </TextEquiv>
            </TextLine>
            <TextLine id="r1l110" custom="readingOrder {index:109;}">
                <Coords points="274,3125 1539,3126 1538,3070 1474,3059 274,3087"/>
                <Baseline points="293,3127 354,3126 415,3126 476,3125 538,3124 599,3124 660,3123 722,3123 783,3123 844,3122 906,3122 967,3121 1028,3120 1089,3120 1151,3119 1212,3118 1273,3117 1335,3116 1396,3115 1457,3114 1519,3112"/>
                <TextEquiv>
                    <Unicode>kleinen Schnitzler=Abend: Zwei Einakter, ein neuer und ein</Unicode>
                </TextEquiv>
            </TextLine>
            <TextLine id="r1l111" custom="readingOrder {index:110;}">
                <Coords points="2764,3150 2842,3137 2956,3154 3079,3129 3166,3150 3317,3132 3316,3091 3271,3088 3143,3101 2909,3083 2879,3103 2763,3101"/>
                <Baseline points="2783,3136 2808,3136 2834,3135 2860,3135 2885,3135 2911,3134 2937,3134 2962,3134 2988,3134 3014,3134 3040,3134 3065,3134 3091,3133 3117,3132 3142,3132 3168,3131 3194,3130 3219,3129 3245,3127 3271,3125 3297,3123"/>
                <TextEquiv>
                    <Unicode>zu befriedigen. Es genügt</Unicode>
                </TextEquiv>
            </TextLine>
            <TextLine id="r1l112" custom="readingOrder {index:111;}">
                <Coords points="1731,3158 2359,3133 2774,3159 2773,3110 2664,3096 1731,3121"/>
                <Baseline points="1751,3148 1801,3148 1851,3148 1901,3148 1951,3148 2001,3148 2051,3147 2101,3147 2151,3146 2201,3146 2252,3145 2302,3145 2352,3144 2402,3143 2452,3143 2502,3142 2552,3141 2602,3140 2652,3140 2702,3139 2753,3138"/>
                <TextEquiv>
                    <Unicode> die hübsche Anekdote von den Schausvielern</Unicode>
                </TextEquiv>
            </TextLine>
            <TextLine id="r1l113" custom="readingOrder {index:112;}">
                <Coords points="1532,3162 1585,3160 1608,3170 1619,3158 1641,3157 1660,3168 1675,3159 1747,3156 1745,3119 1718,3112 1605,3110 1587,3122 1530,3121"/>
                <Baseline points="1549,3155 1574,3155 1600,3153 1626,3152 1651,3150 1677,3149 1703,3148 1729,3149"/>
                <TextEquiv>
                    <Unicode>Schnitzler</Unicode>
                </TextEquiv>
            </TextLine>
            <TextLine id="r1l114" custom="readingOrder {index:113;}">
                <Coords points="278,3181 1456,3188 1542,3176 1542,3116 277,3121"/>
                <Baseline points="295,3168 356,3168 417,3169 479,3169 540,3169 602,3169 663,3168 724,3168 786,3167 847,3166 909,3165 970,3164 1031,3163 1093,3162 1154,3161 1216,3161 1277,3160 1338,3159 1400,3159 1461,3159 1523,3159"/>
                <TextEquiv>
                    <Unicode>bekannter, und zum Schluß, vom Publikum selbst bereitet, eine herz¬</Unicode>
                </TextEquiv>
            </TextLine>
            <TextLine id="r1l115" custom="readingOrder {index:114;}">
                <Coords points="2771,3181 3046,3189 3129,3184 3155,3161 3181,3180 3298,3182 3339,3167 3338,3114 3305,3130 3037,3118 2966,3134 2928,3119 2883,3138 2770,3136"/>
                <Baseline points="2789,3175 2815,3175 2842,3176 2868,3176 2895,3176 2922,3176 2948,3176 2975,3176 3002,3176 3028,3176 3055,3176 3082,3175 3108,3175 3135,3174 3162,3174 3188,3173 3215,3172 3242,3171 3268,3170 3295,3170 3322,3169"/>
                <TextEquiv>
                    <Unicode>in dem schmucken weiland</Unicode>
                </TextEquiv>
            </TextLine>
            <TextLine id="r1l116" custom="readingOrder {index:115;}">
                <Coords points="1519,3221 2775,3189 2775,3151 1518,3149"/>
                <Baseline points="1539,3199 1599,3196 1660,3194 1721,3192 1782,3191 1843,3190 1903,3189 1964,3188 2025,3188 2086,3187 2147,3187 2207,3187 2268,3186 2329,3186 2390,3185 2451,3184 2511,3183 2572,3182 2633,3181 2694,3179 2755,3176"/>
                <TextEquiv>
                    <Unicode>die blasierten Reichen eine Verbrechergesellschaft vormimen, so wir¬</Unicode>
                </TextEquiv>
            </TextLine>
            <TextLine id="r1l117" custom="readingOrder {index:116;}">
                <Coords points="288,3226 1090,3201 1184,3226 1368,3205 1398,3167 288,3181"/>
                <Baseline points="305,3209 358,3210 412,3210 466,3210 520,3210 573,3210 627,3210 681,3209 735,3209 788,3208 842,3207 896,3206 950,3205 1003,3204 1057,3203 1111,3202 1165,3201 1218,3201 1272,3200 1326,3199 1380,3198"/>
                <TextEquiv>
                    <Unicode>liche Huldigung für den anwesenden werten Wiener Poeten.</Unicode>
                </TextEquiv>
            </TextLine>
            <TextLine id="r1l118" custom="readingOrder {index:117;}">
                <Coords points="2765,3229 3198,3216 3266,3235 3333,3226 3333,3170 3122,3176 3080,3161 2915,3190 2764,3180"/>
                <Baseline points="2783,3219 2809,3218 2836,3217 2862,3216 2889,3216 2915,3215 2942,3215 2968,3214 2995,3214 3021,3214 3048,3214 3074,3213 3101,3213 3127,3213 3154,3213 3180,3213 3207,3213 3233,3213 3260,3212 3286,3212 3313,3211"/>
                <TextEquiv>
                    <Unicode>hübsche Damen in noch hübsche</Unicode>
                </TextEquiv>
            </TextLine>
            <TextLine id="r1l119" custom="readingOrder {index:118;}">
                <Coords points="1537,3245 2772,3227 2771,3182 1537,3204"/>
                <Baseline points="1556,3239 1615,3237 1675,3235 1735,3234 1795,3232 1854,3232 1914,3230 1974,3230 2034,3229 2093,3228 2153,3228 2213,3227 2273,3226 2332,3226 2392,3225 2452,3224 2512,3223 2571,3223 2631,3221 2691,3220 2751,3219"/>
                <TextEquiv>
                    <Unicode>kungsvoll in den Auftakt der französischen Revolution erworben hat. Es</Unicode>
                </TextEquiv>
            </TextLine>
            <TextLine id="r1l120" custom="readingOrder {index:119;}">
                <Coords points="327,3257 1550,3257 1550,3193 327,3211"/>
                <Baseline points="344,3249 403,3249 462,3249 522,3249 581,3249 641,3249 700,3249 760,3249 819,3249 879,3249 938,3248 997,3248 1057,3247 1116,3247 1176,3246 1235,3245 1295,3243 1354,3242 1414,3240 1473,3238 1533,3236"/>
                <TextEquiv>
                    <Unicode>Am Beginn stand der neue Einakter „Der tapfere</Unicode>
                </TextEquiv>
            </TextLine>
            <TextLine id="r1l121" custom="readingOrder {index:120;}">
                <Coords points="2764,3275 3314,3262 3336,3258 3335,3194 3177,3228 2763,3226"/>
                <Baseline points="2783,3265 2809,3265 2836,3264 2863,3264 2889,3264 2916,3264 2943,3264 2969,3264 2996,3264 3023,3263 3050,3263 3076,3262 3103,3261 3130,3261 3156,3260 3183,3258 3210,3257 3236,3256 3263,3255 3290,3253 3317,3250"/>
                <TextEquiv>
                    <Unicode>hopsten, daß manches Lied i</Unicode>
                </TextEquiv>
            </TextLine>
            <TextLine id="r1l122" custom="readingOrder {index:121;}">
                <Coords points="1530,3280 2749,3282 2775,3222 1529,3250"/>
                <Baseline points="1550,3284 1610,3283 1670,3282 1730,3281 1791,3280 1851,3279 1911,3278 1971,3277 2032,3276 2092,3275 2152,3274 2212,3273 2273,3272 2333,3271 2393,3270 2453,3269 2514,3268 2574,3267 2634,3266 2694,3265 2755,3265"/>
                <TextEquiv>
                    <Unicode>ist kaum nötig, zu sagen, daß dieser dankbare Einakter im Kleinen</Unicode>
                </TextEquiv>
            </TextLine>
            <TextLine id="r1l123" custom="readingOrder {index:122;}">
                <Coords points="290,3309 1438,3298 1550,3240 289,3241"/>
                <Baseline points="308,3294 369,3294 430,3294 491,3294 552,3294 613,3293 674,3293 735,3292 796,3291 857,3290 919,3289 980,3288 1041,3287 1102,3286 1163,3285 1224,3284 1285,3283 1346,3283 1407,3282 1468,3282 1530,3282"/>
                <TextEquiv>
                    <Unicode>Kassian“. Als er vor einigen Monaten in der „Neuen Deut¬</Unicode>
                </TextEquiv>
            </TextLine>
            <TextLine id="r1l124" custom="readingOrder {index:123;}">
                <Coords points="289,3376 3337,3261 288,3308"/>
                <Baseline points="308,3350 458,3347 609,3344 759,3341 910,3338 1060,3336 1211,3333 1361,3331 1512,3328 1662,3326 1813,3324 1963,3322 2114,3320 2264,3318 2415,3316 2565,3315 2716,3313 2866,3311 3017,3309 3167,3308 3318,3306"/>
                <TextEquiv>
                    <Unicode>schen Rundschau“ gedruckt wurde, trug er, wenn ich nicht irre, Theater eine außerordeutlich gelungene Wiedergabe fand, au der be¬# wurde, daß man die Nel</Unicode>
                </TextEquiv>
            </TextLine>
            <TextLine id="r1l125" custom="readingOrder {index:124;}">
                <Coords points="1667,3496 1738,3491 1760,3474 1795,3487 1813,3474 1851,3479 1842,3352 1819,3353 1798,3377 1745,3369 1727,3386 1696,3373 1659,3387"/>
                <Baseline points="1683,3469 1712,3466 1741,3464 1770,3462 1799,3460 1829,3459"/>
                <TextEquiv>
                    <Unicode>S</Unicode>
                </TextEquiv>
            </TextLine>
            <TextEquiv>
                <Unicode>box 34/10
ass
1. Der tanfere Gassian
sonders das geschickte Betonen
die Bezeichnung „Burleske“. Gestern war er auf dem Zettel
Schauspieler und die energisch
D# Hu Drei Premieren.
„ein Puppenspiel“ genannt und wurde als Puppenspiel dargestellt,
F. E. Im Deutschen Theater wurde gestern Ludwig] in einem eckigen derben Stil, der die Art des alten Marionetten= vortraten. Dagegen wurde aus
viel geschrien. Unter den Mitw
theaters mit lebensgroßen Figuren lustig imitierte. Ein
Fuldas neues Schauspiel „Maskerade“ den Berlinern
Moissi die Aufmerksamkeit a
Teil der Zuhörer schien durch diese vom Inhalt des
zum ersten Mal vorgeführt. Die Wirkung auf den größeren
im Verband der unselig ent
Werkes nicht zwingend geforderte Darstellungsart befremdet; aber sie
Teil des Publikums schien stark und anhaltend zu sein;
draußen auf den Brettern de
hob zweifellos die kleine zierliche Dichtung auf ein besonderes Niveau.
der Autor konnte nach jedem Akt erscheinen. Fulda hat wohl
und nun die Rolle des Henri
Denn ihr poetischer Gehalt an sich ist nicht eben bedeutend. Eine
noch nie die Szenen so straff zu führen gewußt. Noch nie¬
hien kreiert hat. Die Begabi
Schnitzlersche Liebelei: Der junge weichmütige Martin liebt angeblich
mals aber auch, wie ich mit Bedauern hinzufügen muß, hat sich
dieser Stelle nachgesagt wurde,
die hübsche Sophie, und Sophie ihren Martin, aber beider Liebe
der Mitschöpfer der „Freien Bühne“ so unzarter und land¬
noch nicht zu ihrer Reife gelan
wurzelt garnicht im Herzen. Martin erprobt an Sophie nur seine
läufig greller Mittel bedient. Moral und Tugend, Laster und
perament und das Können, das
Empfindungen, um später desto sicherer einer anderen huldigen zu
Sünde werden von Fuldas sonst oft fein modellierender Hand
Anderen, die neben ihm tätig
können; und Sophie fällt, kaum daß er erschienen, dem anderen
wie mit der Mauerkelle aufgetragen. So wird die Satire die die
genannt, die die Marquise von 
Mann, dem starken, tapferen Kassian zu. Der tapfere Kassian,
moderne Gesellschaftsheuchelei geißeln will, ungewollt zur Karikatur,
ein frisch=fröhlicher Bramarbas, siegte gründlich: er sticht
 die Fabel wird im schlechten Sinne romanhaft, und das Schauspiel
A. F. Das Deutsch=
im hitzig entflammten Duell Martin tot und geht
verwandelt sich in ein zwar sehr lehrhaftes, künstlerisch aber auch
mit seinem neuen Stück,
mit Sophie auf und davon. Das spielt sich in knappen Dialogen ab,
höchst angreifbares „Volksstück“ älieren Genres.
blickte, seinem Namen Ehre.
die mit der feinen Sprechkunst Arthur Schnitzlers geformt find, in
Gespielt wurde recht sauber, obschon im einzelnen eine feinere
großen Teich“ wird auch in „
individuell geprägten Worten, hinter denen die charaktervollen Ge¬
Darstellung manche Härte des Stückes hätte glätten können.
Gesang aus dem Nacht
stalten der drei Menschen scharf erscheinen, und die wieder einmal
Das gilt besonders von dem Geheimrat des Herrn
und Motiv von Adolf P
von der Schwachheit des Weibes und der Sieghaftigkeit des robusten
Ernst Arndt, der mit mehr Diskretion viel bessere
mischung des Deutschen mit
Mannes künden.
Arbeit getan hätte; seine Geheimrätin (Margarete Ottol
es die Schenkung der ga
Diese immerhin nicht allzu reiche Dichtung wurde durch
Körner) brachte den Humor vorsichtiger. Der männliche
oder selbst hundert schwung
die Darstellung in die aparte Sphäre des Grotesken
Held wurde von Herrn Geisendörfer frisch gespielt; die weib¬
v. Sternburg nicht hervorbrin
gehoben; wie gesagt, nicht aus zwingender innerer Notwendigkeit
liche Heldin, eine Lehrerin, die plötzlich Baronesse wird, fand in
zahlreichen Mengen auf der
heraus, aber entschieden mit gutem Glück. Sehr drastisch
Fräulein Hannemann eine verständige, in allen Höhepunkten
eigentümlich konstruierten Herz
spielten zumal Alexander Ekert (Martin) und Ger¬
aber höchst schwache Darstellerin. Adele Hartwig gab die typische
Vaterländer und reden in eine#
einem eckigen Freskostil
trud Eysoldt (Sophie) in
Salondame mit der dieser Bühnengestalt stets so zuträglichen
Köpenickerstraße eigentümlich i
und liehen auch ihrer Sprache einen leise marionettenhaft
Verve. Und vor Herrn Strobl, der seinem Minister eine seine
In „Newyork“ sieht
monotonen Klang. Herrn Liehr fehlen eigentlich die äußeren
Selbstironie gab, ist noch Herr Adolf Klein zu nennen. Er spielte
von ihrer Nachtseite,
Mittel zur Verkörperung des wilden Kassian; um so
gestern einen Fuldaschen Grafen Trast genau so urbiedermännisch
rischem Sinne so ziemlich
auerkennenswerter ist es, wie gut er mit seiner Aufgabe
und„grandios edel, wie er vor fünfzehn Jahren den Sudermannschen
früher die gute, alte B
fertig wurde. Auch der äußere Nahmen für das Spiel war in seiner
gegeben hatte.
ist der Spiritus, der
stilisierten Schlichtheit und Künstlichkeit mit sicherem Geschmack
/ Morgen noch einiges über das Stück.
einem bunteren, abwechselum
hergestellt.
und deshalb dürfte auch die
Dem „tapferen Kassian“ folgte „Der grüne Kakadu“
E. H. Das Kleine Theater hatte gestern einen hübschen
Theaterbesucher, die nicht vi
das oft schon aufgeführte und immer bewährte Werk, in dem
kleinen Schnitzler=Abend: Zwei Einakter, ein neuer und ein
zu befriedigen. Es genügt
 die hübsche Anekdote von den Schausvielern
Schnitzler
bekannter, und zum Schluß, vom Publikum selbst bereitet, eine herz¬
in dem schmucken weiland
die blasierten Reichen eine Verbrechergesellschaft vormimen, so wir¬
liche Huldigung für den anwesenden werten Wiener Poeten.
hübsche Damen in noch hübsche
kungsvoll in den Auftakt der französischen Revolution erworben hat. Es
Am Beginn stand der neue Einakter „Der tapfere
hopsten, daß manches Lied i
ist kaum nötig, zu sagen, daß dieser dankbare Einakter im Kleinen
Kassian“. Als er vor einigen Monaten in der „Neuen Deut¬
schen Rundschau“ gedruckt wurde, trug er, wenn ich nicht irre, Theater eine außerordeutlich gelungene Wiedergabe fand, au der be¬# wurde, daß man die Nel
S</Unicode>
            </TextEquiv>
        </TextRegion>
    </Page>
</PcGts>
