3392 4352
1405 232 1932 322 box 34/10
82 244 1272 346 11. Der tanfere Gassian
451 1252 2878 1319 ser wird eines der sehr wenigen Stücke sein, die aus den zwei letzten! Prospère bei weitem nicht die farbige Detailfülle Hans Fischers,
1661 1263 2874 1337 aber in seiner steifen ausbildungswerten Eigenart steckt eine
474 1291 1667 1358 Dekaden deutscher Dramatik bleiben werden. Ich glaube, das
95 1229 379 1392 usik.
468 1341 2866 1396 Wienertum hat hier das höchste gegeben, was es zu geben ver## stilistische Kraft, die der unterdrückten Wut des Spelunkenwirts
1667 1342 2863 1419 #eit unheimlicheren Ausdruck leiht. Im übrigen war Fischer viel
460 1374 1663 1446 mochte: seine Selbstkritik. Auch die stärksten Bewunderer haben
1667 1373 2878 1455 mehr. Wirt, Leopold viel mehr Schmierenvater, und ebenso ließ man
444 1412 1670 1492 bisher in diesem mit vollendetstem Theatersinn gefügten Akt nichts
95 1404 446 1489 antentums.
1670 1415 2871 1498 seine ganze Truppe absichtsvoll komödiantenhaft wirken. Diese
473 1452 1666 1527 gesehen als ein besonders geschicktes Spiel des Wiener Tragöden
1658 1456 2881 1533 Schmieranten waren so minder schauerlich als die realistischen
137 1467 470 1534 und bedeutende
510 1492 1670 1557 — esist aber die Tragödie des Wiener Spieler¬
1665 1497 2869 1575 Pseudo=Verbrecher im „Deutschen Theater“ aber sie gaben eine
90 1511 477 1581 gefahr halten. Nicht,
475 1525 1667 1592 tums. Es ist die Dekadence, die sich selbst erkennt und sich zu
1665 1535 2876 1615 bessere Folie für das Auftreten des guten Schauspielers Henri ab.
107 1560 473 1611 Wollte man aber
470 1569 1669 1633 der Gesundheit großer Kunst erhebt, indem sie ihren eigenen Unter¬
1672 1582 2886 1659 Den spielt Herr Moissi, in dem vielleicht das geniale Tempera¬
102 1601 475 1649 ine bedenkliche Kon¬
486 1608 1661 1678 gang verkündet. Was Hofmannsthal in seinem „Tor und Tod“
1672 1616 2871 1693 ment steckt, dessen beflügelnder Kraft das Reinhardtsche Ensemble
102 1624 478 1693 klistischer Banausen.
480 1647 1664 1711 lyrisch gab, die Götzendämmerung des reinen Aesthetentums“, hier
1677 1649 2877 1731 sehr bedarf. Man pflege und hüte ihn! Als Henri hält er den
106 1679 475 1730 tum mit dem großen
474 1674 1667 1747 ist es mit dramatischer Wucht gestaltet: der Mann, dem die Kunst
1681 1696 2877 1776 Vergleich mit Kainzens Subtilität natürlich noch nicht aus. Aber
104 1713 482 1769 hmmenhängt. Diese
475 1729 1671 1795 zur Welt und das Leven des Leidens und Handelns ein Theater
1670 1738 2878 1809 er wirkte echt und stark und wußte für Henris komödiedurchtränktes
105 1746 483 1810 in dem nicht umzu¬
121 1770 1676 1847 i Mann das ganze voller Zuschauer und Spieler ward — der Mann wird erschlagen,
1673 1767 2881 1847 Leben und seine lebendurchtränkte Komödie sicher unterscheidende
478 1814 1674 1871 von der furchtbaren, wirkliches erzeugenden Wirklichkeit, er erstickt
1677 1817 2873 1891 Töne zu finden. Das dritte: die furchtbare Koinzidenz von Leben und
106 1828 484 1884 n tiefer veranlagten
475 1847 1677 1907 in seinem lustlosen Raum, verhungert bei seinen goldenen Broten.
95 1871 482 1924 kionsphilosophie ver¬
1679 1853 2872 1939 Komödie kam nicht gleich stark heraus—vie eicht nur, weil der Re¬
491 1889 1687 1948 Die Welt muß zu Grunde gehen, in der selbst dem Besten sein
90 1909 483 1968 Ehenlassen lehrt, weil
1671 1893 2879 1971 gisseur Moissi hilflos im ungebändigten Massengeheul ertrinken ließ.
488 1922 1669 1993 Heiligstes nicht zu schade ist, einen starken Theatereffekt daraus zu
102 1946 477 2004 erische Genießertum,
1672 1922 2883 2013 Und welcher Widersinn ließ den Henri am Schluß in die Freiheits¬
480 1960 1682 2035 münzen. Der Schauspieler Henri ist der Beste, in ihm ist noch eine
105 1992 483 2039 stinkte über die ethi¬
1676 1971 2886 2045 rufe einstimmen — ihn, den Zerbrochenen, das Opfer!?! Dieser
489 2001 1673 2069 Sehnsucht nach Leben und Schaffen auf fruchtbarer Ackererde, mit
100 2010 484 2081 itigen muß, ist klar.
1687 2008 2883 2085 kleine Zug verdreht den ganzen Sinn des Stückes, in dem die Revo¬
488 2049 1681 2109 naiver Inbrunst glaubt er, sich aus einer allen bereiten Dirne eine
103 2049 481 2120 tragischer Ergriffen¬
1688 2048 2895 2132 lution niemals als Führerin zu neuem Leben erscheint, sondern
498 2086 1679 2145 treue Gefährtin machen zu können. Aber das Pathos des Berufs¬
110 2103 483 2161 aktiver Leidenschaft,
1686 2091 2885 2170 nur als düstere Begleitmusik eines großen Zusammenbruchs, als
480 2120 1682 2197 deklamators verfälscht seine Sehnsucht, das bessere Wissen seiner
102 2145 489 2204 ten leben, so steigt
1684 2118 2887 2204 ein zorniges Mitschwingen der beleidigten Natur, nicht anders als
495 2165 1670 2233 zwiespältigen Seele vergiftet seine gläubige Naivität. Und wie er
99 2191 487 2241 aus ihren Gedichten,
1681 2167 2565 2258 im „König Lear“ das Unwetter auf der Heide.
494 2197 1678 2262 nun, sich und die andern aufreizend zu durchschauern, die tiefste
2501 2193 2867 2280 Julius Bab.
100 2225 490 2279 schon zum guten Teil
490 2228 1687 2304 Furcht seiner Seele spielt, wie er vormimt, er habe seinen fein¬
110 2266 485 2309 m Maße den talent¬
1748 2250 2893 2321 Neues Königliches Schauspielhaus. Lubliner, Sardon, Otto
484 2273 1692 2349 sten verstehendsten Gönner, den Herzog, bei der Geliebten ertappt
104 2293 488 2361 hur Schnitzler.
1688 2298 2893 2372 Ernst, Ernst von Possart — das sind die stolzen Namen, die Herr
492 2319 1685 2383 und ermordet — da rächt sich die geschändete Wahrheit. Das Ge¬
2123 2354 2205 2388 „ 70
305 2343 488 2413 rggn
1691 2348 2896 2410 von Hülsen als Erzieher des deutschen Volkes zu künstlerischer
479 2355 1682 2427 Aspielte wird wirklich — Henri, der Rousseausche Träumer, ist zum
100 2371 496 2446 hren lieh, ist recht 9
1682 2380 2899 2452 Kultur die zeitgenössische Dichtung am Berliner Hoftheater reprä¬
488 2404 1681 2466 Mörder geworden; der Herzog, der feinste Darsteller der alten
107 2426 482 2482 nst, sendern „Kunst¬
1693 2416 2907 2495 sentieren läßt. Eine Umfrage: „Wie kann man unter Vermeidung
488 2440 1680 2499 Kultur, der mit vierundzwanzig Jahren überreife, liegt ermordet,
102 2471 489 2521 die auf die Barock¬
1689 2460 2896 2527 aller künstlerischen Produktion das moderne Theatergewerbe in
496 2484 1681 2540 eine Marquise erregt ihre lustverbrauchten Nerven an dem Anblick
98 2508 495 2566 er grotesken zügellos
1690 2513 2898 2574 seiner gröbsten Talentlosigkeit und verlogensten Charlatanerie
488 2519 1687 2575 seines Blutes. Diese Welt steriler Genußsucht, in der ein toll¬
98 2550 491 2604 Eschmack, ihrem unge¬
1689 2536 2894 2606 repräsentieren?“ hätte, glaube ich, keine bessere Liste zu Tage
486 2563 1679 2627 befreiter Spieltrieb Künstler und Strolche, Edelfrauen und Dirnen,
110 2586 494 2642 heinsüßen Sentimen¬
1698 2577 2896 2649 fördern können. Aber die „Andromache“ des Münchener Hof¬
499 2601 1680 2662 wüst durcheinander gewirrt und so die Basis des Lebens, die Per¬
113 2629 492 2689 hrer hölzern zimper¬
1686 2618 2903 2681 theaterintendanten, die man uns am Sonnabend aufbürdete, ist
495 2636 1691 2706 sönlichkeit, erschüttert hat, bricht unter dem Donner der Revolution
102 2650 490 2722 Eler aufs geistreichste
1688 2654 2895 2723 [bisher (des Kommenden sind wir gewärtig!) das stärkste. Eine
888 2679 1689 2727 Die tief innerliche Notwendigkeit, mit dem
497 2698 747 2748 zusammen. —
117 2702 489 2761 Epikuräertum etwas
1688 2699 2895 2763 sinn= und gefühllose Moritat, die sehr schlechte Jamben und noch
493 2715 1683 2783 hier aus dem dargestellten Lebenszustande die Katastrophe heraus¬
98 2736 497 2809 keit jener Welt ver¬
1698 2730 2903 2810 schiechteres Kopieren klassischen Stils, nicht weniger geschmacklos,
502 2756 1689 2818 wächst, hat in neuer deutscher Dramatik nur etwa in dem gewal¬
104 2769 494 2827 Zu den Elementen des
1694 2772 2896 2844 aber noch viel langweiliger machen. Das ganze wäre unerträg¬
493 2799 1686 2870 tigen Schlußalt des „Erdgeist“, ihres Gleichen. Dies große Selbst¬
112 2817 490 2877 it südlicheren Wesens
1700 2809 2904 2881 lich gewesen, wenn nicht Frl. Lindners prächtige swenn auch, wie ich
497 2844 1687 2909 gericht der Wiener Dekadence wird viele ihrer feinsten Spiele über¬
106 2854 505 2914 Pomp als Lohenstein
1699 2865 2904 2930 fürchte, nicht ganz freiwillige) Komik diese rätselhafte Zwecklosigkeit
496 2893 674 2955 dauern.
123 2893 501 2957 nEigen=menschlichem
1698 2894 2909 2967 zur Höhe heiterer Parodie gehoben hätte. — Als Schmerzensgeld
586 2899 1692 2971 Der Eindruck der Neueinstudierung hatte schwer mit der Er¬
109 2941 509 2998 lich marionettenhaft¬
1693 2929 2910 3002 zahlte man uns eine Neueinstudierung der „Gelehrten Frauen“,
504 2955 1691 3018 innerung an die erste Brahmsche Aufführung zu ringen. Von da¬
138 2977 498 3028 daß die Zuschauer,
1694 2968 2899 3039 die neben viel mittelmäßigem und einigem Schlechtem drei schau¬
508 2995 1701 3059 mals war nur Herr von Winterstein geblieben, der für den Herzog
131 3016 505 3061 Stilwitz waren, sich
1698 3001 2906 3075 spielerische Kostbarkeiten bot: Sollmers Chysal, Nuscha Butzes
496 3035 1701 3094 melancholische Vornehmheit, aber nicht jenes überfeine mürbe Ari¬
121 3052 502 3116 soldt und Licho ganz
1695 3040 2909 3120 Philowietl und die Belise der Schramm. Trotzdem werden auch die
508 3082 1701 3143 stokratentum hat, mit dem später Friedrich Kayßler die Rolle
138 3092 498 3161 Kassian“ fiel glatt
1696 3103 2906 3156 enragiertesten Moliéreschwärmer die Neueinstudierung dieses viel¬
497 3127 1693 3173 meisterte. Der renommistische Agitator, einst Reinhardts beste Rolle,
1694 3133 2921 3198 gegebenen Stückes nicht als Heldentat ansehen für eine Bühne, die
121 3165 1697 3220 grüne Kakadu“ und der von Rittner her unvergeßliche sentimentale Strolch, wur¬
1706 3169 2914 3248 seit Jahr und Tag große Meisterwerke germanischer Kunst verspricht
126 3190 1699 3273 diert und wieder be¬ den diesmal nur leidlich dargestellt, wogegen die perverse Wildheit
1698 3206 2914 3275 — und vorenthält: „Antonius und Kleopatra“ die „Penthesilea" und
127 3223 1712 3300 glaube „Der grüne der Marquise noch keinen vollendeteren Ausdruck gefunden hat und
2748 3246 2868 3309 Bb.
126 3267 2083 3354 ufnahme; ich glaube, finden wird als bei Tilla Durieux. Richard Leopold hatte als den zweiten Faust.
1853 3321 2370 3423 e
