3344 4352
1443 246 1986 346 box 34/10
112 269 1331 376 11. Der tapfere Cassian
2732 1375 2962 1461 re Pe ree
1473 1378 2164 1471 Pversichert, co c — —
2984 1380 3106 1461 9 0- 5
373 1407 1363 1492 Konfektionsabteilung nichts mehr zu kaufen.
465 1419 3331 1508 Zwei Interviews eines unserer Mitarbeiter mit dem gegen die Reaktion zu verteidigen und zu ver= glauben, daß Syvcton durch Selbst#
363 1501 3326 1548 Grafen Milewski und der Frau Wlodzimirska hüten, daß die Sonne der Freiheit durch die er rechnete mit voller Bestimmtheit d
367 1546 3330 1609 zeigen den Erpresser Dr. Frischauer in dem düsteren Wolken des Klerikalismus verdunkelt werde. einen glänzenden Sieg davonzuträge
1476 1592 3326 1656 Mit einem Worte, Combes und seine Getreuen wollen Umständen läßt aber auch die Annah
369 1591 879 1657 schlimmsten Lichte.
1482 1694 3329 1754 Komödie hat noch eine zweite Seite, und das ist der Zauber, die Montez selbst, den gekrönten Bier
605 1686 784 1766 A
1473 1734 3327 1793 welcher von dem berückenden Geschöpfe ausgeht, das nicht bande ihrer Launen dem Publikum ad
470 1730 1397 1827 Berliner Kunst- und Theaterrundschau.
1482 1784 3329 1842 nur einem begabten Könige den kleinen, zierlichen Fuß auf wäre aus der tragischen Halbbeleuchtun
942 1799 1478 1877 Berlin, Anfang Dezember.
1479 1823 3337 1892 den Nacken setzte, sondern sogar ein ganzes Land unter des Komischen gestellt worden und da#
1491 1869 3334 1926 den Pantoffel brachte. Ihrem gefährlichen Reize konnte sich einheit gerettet gewesen. Offenbar aus
455 1846 1500 1922 Der verflossene Monat hat uns, trotzdem er im Zeichen
378 1906 3336 1972 lauter renommierter Bühnenschriftsteller stand, keinen einzigen auch der Dichter nicht entziehen und er gestaltete das Angst vor der Zensur, die wohl nirgen
366 1961 3317 2007 richtigen Theatererfolg gebracht. Ludwig Fuldas „Mas- rassige Weib so liebevoll aus ihrer Umgebung heraus, daß gestatten würde, einen Wittelsbacher
378 2001 3318 2061 kerade“ errang hier im „Deutschen Theaier“ nicht viel mehr ihr unsere Sympathie zufliegt, während sich in die gute auf die Bühne zu bringen, hat sich
2580 2045 3334 2104 gesehen, den König aus dem Spiel
374 2041 2602 2100 als einen sogenaunten succes d'estime, Max Dreyers Stück Laune über die samos karikierte Revolutionsspielerei der
2578 2081 3299 2141 so werden die Zuschauer um die
375 2081 2595 2144 „Die Siebzehnjährigen“ wurde nur durch das mustergültige Münchener Bierphilister ein verächtlicher Zug hineinstiehlt.
2591 2130 3330 2189 nis der Komödie höchst wichtige
370 2116 2590 2182 Brahmsche Ensemble eine Reihe von Wiederholungen im Abenteuerinnen vom Schlage der Lola Montez üben ohne¬
1494 2173 3337 2232 hin auf die Männerwelt oft einen weit stärkeren Reiz aus, welche zeigt, daß die Münchener von 1#
369 2164 1496 2249 Lessing-Theater gesichert und Artur Schnitzlers Einakter
2575 2208 3336 2279 trotz eingeschlagener Fensterscheiben und
1494 2214 2602 2280 als den anständigen Mädchen und braven Ehefrauen recht
368 2222 1494 2274 „Der tapfere Cassian“ fiel glatt durch. Von wirklich
2588 2249 3331 2329 im Grunde genommen ein Herz und ein
372 2261 2588 2317 literarischem Interesse war nur die Erstaufführung der ist, und wenn der Student Xaverl vor die schöne Lola hin¬
2653 2297 3329 2368 „Die Morgenröte“ gelangte im 9
368 2298 2599 2364 hissorischen Komödie „Die Morgenröte“ aus der tritt, um ihr, frei nach Ferdinand in „Kabale und Liebe“,
2579 2322 3333 2394 Uraufführung, einstudiert, ausgestattet un
373 2330 2586 2404 Feder des bekannten Münchener Satirikers Josef gründlich die Leviten zu lesen, aber, von ihrer potenzierten
2583 2373 3329 2443 Sorgfalt und Stilechtheit, welche den
365 2385 2589 2447 Ruederer, der hiemit den Versuch machte, die komische Weiblichkeit berückt, seine guten Vorsätze rasch unter ihren
2588 2435 3323 2490 unter der Direktion Reinharts stehen,
382 2432 2584 2491 Revolution, welche den Sturz der berüchtigten heißen Küssen vergißt, da schaut bereits aus dieser
2585 2460 3323 2533 unter den deutschen Musentempeln ge
379 2476 2588 2536 Courtisane des Bayernkönigs Ludwig I., Lola Montez, Szene die hinter dem närrischen Treiben der
2583 2511 3352 2585 Lola Montez wurde von dem den Wien
373 2519 2600 2587 herbeiführte, auf die Bretter zu bringen. Wir sagen aus= Münchener Spießbürger lauernde Tragödie der schönen
2588 2564 3335 2623 Fräulein Fehdmer gegeben, welches ni
374 2556 2602 2621 drücklich Versuch, denn trotz einer Anzahl prächtig gezeichneter Lola heraus, die 1561 in der Nähe von New=York
378 2618 3330 2662 Figuren und des in behaglicher Breite über manche köst= ein einsames Ende fand. Ein lustig Bühnenspiel jedoch, das Schönheit ihrer eigenen Erscheinung
373 2642 3339 2714 liche Szene ausgestreuten Humors, trotz des historisch ge=nicht rastlos unsere Heiterkeit auslöst, sondern in welches Teufelsweib besitzt, sondern auch im S#
2584 2684 3349 2758 mente ganz jene Lola Montez war
365 2698 2600 2764 treu herausgearbeiteten Milieus und fest sitzender satirischer der Schatten des Tragischen hineinfällt, zersplittert sich in
3160 2722 3331 2793 ihrem
2581 2733 3187 2807 den verliebten König zu
373 2734 2597 2801 Hiebe fehlt der Komödie das Gerippe einer straff ge= der leitenden Idee, und wir wissen auch bei Ruederei zum
2593 2766 2800 2847 würdigte,
2875 2771 3359 2843 daß eine Berliner
1482 2763 2602 2840 Schlusse nicht: Sollen wir über die Münchener Revolvtions¬
367 2783 1505 2849 gliederten und fesselnden Handlung, die Einheit der Idec.
2595 2806 3330 2884 dem Jahre 1847 nicht viel übertreil
373 2823 2601 2886 Wenn der Autor den liberalen Freiheitsdusel von 1848, helden lachen oder uns für die tolle Spanierin begeistern,
2585 2870 3331 2921 königliche Courtisane darstellt, in stoff
365 2850 2607 2931 das Phrasengedresche der revolutionären Wortführer und die bis zum letzten Augenblicke die Fäden in der weichen,
1492 2903 3358 2970 feingeformten Hand behält, an denen sie das Männervolk dem Rücken ihrer Dogge liegend und
375 2917 1502 2973 die rotbeschärpten Bierphilister verspottet, welche, angetan
1496 2949 2320 3009 von Isar=Athen so possierlich zappeln läßt?
2578 2953 3361 3018 der Hand! Darunter stehen die bezieh
371 2941 1494 3015 mit ungefährlichem Rüstzeug, gegen das königliche Schloß
1556 2990 3359 3053 Dieser Zwiespalt hätte sich wahrscheinlich ausgleichen Zwei Seelen — und kein Gedanke!
369 3007 1503 3063 vorrücken, um ihren König submissest zu bitten, das „könig¬
2584 3023 3009 3110 Doch viele Schläge!
1497 3032 2598 3102 lassen, wenn in der Komödie der königliche Liebhaber selbst
378 3040 1490 3108 liche Mensch“ — so nannte man in München die schöne
2651 3059 3360 3133 Weniger Behagen bereitele uns dag
1494 3087 2602 3135 handelnd aufträte. Ludwig I., halb Philister, halb Roman¬
369 3087 1492 3146 Spanierin — über die Grenze zu schaffen, dann kommt
2595 3119 3334 3180 Abend, welchen Direktor Reinhart im
1485 3129 2590 3185 tiker, der zwar viel Kunstsinn besaß, aber dabei unglaublich
377 3123 1500 3183 über uns das herzliche Lachen der unbeteiligten Zuschauer,
1495 3170 2581 3222 schlechte Verse machte, durfte in einer Komödie von der
2593 3166 3350 3224 veranstaltete. Es sollten ursprünglich dre
371 3160 1491 3243 denen die Torheiten vergangener Zeiten im Hohlspiegel des
1493 3210 2601 3269 schönen Lola nicht auf den Brettern fehlen und die Komil
2581 3225 3361 3278 werden, weil aber die Zenfur das „Haus
363 3215 1501 3275 echten Humoristen gezeigt werden. Wer weiß, wie unsere
364 3260 3337 3306 Enkel oder Urenkel dereinst über Affären lachen werden, seiner behäbigen Gestalt hätte die Münchener Revolte erst gelangten nur „Der grüge Kakadu“
371 3308 3359 3371 die wir jetzt als bochernstes Geschäft betreiben! Aber die recht in das Licht einer kolossalen Eselei aerückt. Aber auch Cassian“ zur Aufführung. Das verbotg
