3484 4384
678 202 750 250 I
560 186 626 252 A
293 158 1375 279 4. 6 1e box 8/3
801 1342 1513 1433 NdeEFAerbaPgerZeitung
580 1391 1126 1483 Ausschnitt aus
1245 1416 1292 1465 „
1138 1465 1185 1499 *
590 1481 1320 1553 vom: .. CULi Loi0
671 1591 1443 1693 Kunst und Wissenschaft.
634 1660 1595 1748 Im Thalia=Theater fuhr gestern der sommerliche
510 1698 1592 1791 Thespiskarren mit dem Dreigespann Friedrich Lien¬
519 1755 1601 1811 hardt, ArtduxlSchnitzler und Carl Goldfeld
518 1797 885 1856 auf die Szene, um
1018 1815 1590 1870 chdie Namen Lienhardt und
519 1829 1586 1912 Schnitzter wird eine= Ungleichheit der Flügelrosse konstatiert,
515 1865 1571 1951 die einen nicht sehr widerstandsfähigen Wagen mit seinen
517 1912 1252 1975 Insassen in ziemliche Gefahr bringen
1302 1927 1582 1994 ann. Friedrich
507 1950 1183 2007 Lienhardt strebt als Vertreter ein
1342 1974 1592 2026 t und hohen
503 1995 1193 2047 Willens den ätberischen Schillerschen
1408 2012 1463 2061 D
515 2036 1254 2100 zu, und er steht wohl auch den Hochsitz
518 2073 1305 2137 Andacht und Verständnis als innigst zu er
521 2104 1298 2177 über sich liegen, Abweichend von den realist
513 2142 652 2197 Bestreb
718 2157 1305 2200 en Lienhardts, bleibt Arthur
514 2189 1337 2245 in seinen Anatol=Einaktern, mit vollkommen
521 2222 1365 2289 schaft in den feinkultivierten Bezirken seine
518 2262 1538 2328 modern differenzierten Geisteslebens, so daß er niemals
514 2299 1292 2371 fremden Sphären zu atmen braucht.
1315 2310 1589 2367 Abseits von
506 2335 575 2387 die
731 2343 1583 2403 schen Kreisen trabt Herr Carl Goldfeld in
756 2390 1582 2446 Arena des Dilettantenstücks, ohne daß ihm
518 2411 565 2456 de
842 2423 1268 2479 tte Portion satirischen
1299 2432 1582 2483 utterwitzes ab¬
514 2449 563 2502 ge
867 2449 1582 2516 soll. Nur ist der bloß witzige Kopf kein
860 2507 1593 2559 ünstler. — Wenn man sich mit der
506 2532 582 2580 son
862 2543 1594 2600 allianz des gestrigen Theaterabends ab¬
516 2569 594 2623 gefu
850 2576 1594 2636 sen sich allerlei Gewinne buchen. Das
506 2610 594 2658 Sch
843 2624 1596 2679 Fremde von Friedrich Lienhardt gehört
511 2644 618 2699 einen
808 2655 1587 2720 en Eulenspiegelzyklus an, das als Ganzes
517 2689 855 2735 verstanden und
885 2699 1464 2756 genossen sein will, weil
1489 2700 1583 2755 die
525 2723 632 2772 Idee
631 2725 761 2771 Sin
769 2725 1582 2799 Lienhardts Dramen eine besondere
513 2759 1589 2835 Rolle spielt, und weil in dem gebotenen Teil
518 2808 1584 2872 die Tendenz des Ganzen fast auf den Kopf gestellt erscheint.
507 2851 1583 2911 Till Eulenspiegel findet seine Erfüllung in Hans Sachs,
507 2896 1592 2952 der stolze, herbe Spötter und Verächter der faulen bürger¬
509 2916 1583 2990 lichen Welt muß untergehen, um dem tüchtigen, im Ganzen
505 2972 1592 3027 bescheiden wirkenden Meister Platz zu machen. Lienhardts
511 3001 1582 3057 Eulenspiegel=Dichtung ist in gewissem Sinne ein Gegen¬
514 3042 1577 3108 stück zu Richard Wagners Meistersingern. Nur tritt bei
624 3089 1590 3147 er zu Meister Sachs als Ergänzung das Genic
646 3121 1581 3188 r Stolzing, und deswegen erscheint uns das
644 3162 1582 3227 rsche deutsche Weltbild als das bedeutendere. Lien¬
650 3200 1577 3265 leibt mit seinen Gedanken und Empfindungen in
639 3239 1583 3302 bescheideneren, gleichsam kunstgewerblichen oder
534 3275 1624 3364 Verkbundkreise, und demgemäß ist auch sein Till kein Narr *
526 3328 571 3378 0
1615 816 2693 892 von Shakespeareschem Format, sondern nur ein Abtrünniger
1625 881 2698 927 des eigennützigen und philiströsen Pfahlbürgertums. Er
1624 929 2702 978 lebt nur im Gegensatz zu diesem, während ihm die positiven,
1615 960 2711 1007 überragenden Seelenkräfte fehlen. Er kommt also schon
1623 999 2695 1052 dem Costerschen Eulenspiegel nicht gleich. Demgemäß ist
1626 1036 2701 1098 das Schelmenspiel der Fremde im wesentlichen die poetische
1618 1082 2702 1128 Schilderung einer nicht unsentimentalen Liebes= und Ent¬
1627 1125 2715 1171 sagungsgeschichte des braunschweigischen Hofnarren Till
1621 1157 2700 1209 und des Wirtstöchterleins Kunigunde, das sich in der
1635 1186 2714 1248 groben und eigennützigen Umwelt auch vereinsamt fühlt.
1623 1235 2702 1283 Die seelisch=dramatischen Mittel Lienhardts können in guter
1627 1274 2699 1312 Darstellung sicher bis zur Erzielung von Stimmungswir¬
1633 1310 2706 1352 kungen heranreichen, und die Darstellung im Thalia¬
1633 1350 2712 1401 Theater kam den Absichten des Dichters unter der Spiel¬
1635 1385 2709 1439 leitung des Herrn Walter O. Stahl sehr anerkennenswert
1629 1426 2702 1467 entgegen. Insbesondere erfreute man sich der Eulenspiegel¬
1632 1466 2714 1512 figur, die Herr Hirsch auch nach der Seite ihren Tragik
1638 1503 2715 1574 fein zu zeichnen und mit Empfindungsgehalt zu füllen
1637 1543 1795 1595 wußte.
1651 1567 2722 1621 (Schnitzlers Agonie ist psychologisch nicht weniger sein
1644 1621 2712 1675 als die anderen Anatolszenen, aber sie ist mit ihrer ratio¬
1638 1652 2710 1705 tellen Zersetzung einer Liebelei weniger erquicklich und
1657 1700 2713 1746 hühnenwirksam als die übrigen oft gespielten Einakter des
1644 1737 2721 1788 Zyklus. Der gestrigen Darstellung fehlte manches von der
1634 1772 2714 1828 leichten und sicheren Eleganz, ohne die sich Schnitzler nicht
1638 1824 2711 1864 spielen läßt. In dem Goldfeldschen Einakter interessierte
1638 1849 2724 1905 sam stärksten die Darstellung, die sich der Arbeit wei über¬
1920 1894 2719 1956 Sehr artig fand sich Frl. Glasel mit der
1639 1894 1855 1945 legen zeigte
2515 1926 2681 1983 H. O.
1652 1920 2290 1994 schablonenhafte Anfängerin ab.
2061 1962 2717 2033 chau. August Strindbergs
1641 2012 1928 2067 Glückspete
2221 2013 2715 2065 ien autorisierten deutschen
1648 2052 2064 2108 Uebersetzung von Emil
2373 2053 2710 2126 ühnenvertrieb des
1650 2098 2092 2157 Drei=Masken=Verlages #
2366 2095 2572 2148 erschienen.
1694 2134 2192 2184 Dem Mitteleuropä
2435 2128 2650 2185 band ak
2513 2171 2683 2220 der Oster
1647 2169 2242 2223 demischer Ingenieurbe
1646 2219 2278 2263 woche vom Oesterreichischen Inge
1655 2250 2380 2305 Verein und dem Verband Deutscher
1645 2304 2422 2344 gegründet wurde, hat sich nunmehr auch
1775 2326 2004 2386 höheren
2100 2329 2513 2384 ischen Beamten
1645 2357 2610 2435 militär=technische Instituten angeschlosse
1714 2410 2093 2476 el. Der Dichter Ver
2266 2405 2720 2483 ist einer Meldung aus
1650 2444 2098 2520 Kristiania zufolge an eine
2303 2460 2701 2518 zündung gestorhen.
2394 2498 2716 2555 öln hat die Ver¬
1708 2501 2163 2557 Im Kunstgewerbe=Museum
2285 2547 2726 2597 ewerbe eine Sonder¬
1657 2543 2166 2592 einigung für Kunst in Hande
1687 2580 2727 2641 usstellung von Stickereien und Zeichnungen
1650 2617 2718 2660 von Frau Hedwig Dülberg Arnheim veranstaltet. Die
1652 2660 2717 2705 Eigenart der ausgestellten Stickereien liegt teils in dem un¬
1653 2696 2700 2740 mittelbaren Erfassen der Grundgesetze des Stickens, teils in
1674 2737 2731 2794 dem Versuch, den formalen Bestrebungen der Ausdruckskunst
1666 2774 2627 2848 auch das Gebiet der schmückenden Kunst zu gewinnen.
