3392 4320
778 220 829 277 6
170 214 1253 309 10. Der Puppenspieler
824 1310 1385 1467 Feuilleton.
790 1505 1375 1614 Schnitzler=Abende.
733 1595 1516 1656 An zwei Tagen hintereinander haben
663 1641 1519 1728 zwei Wiener Bühnen, das Volkstheater und
673 1712 1516 1773 die Renaissancebühne, sechs Einakter von
665 1751 1519 1815 Schnitzler gespielt. Dazwischen liegt ein
559 1711 637 1838 2
666 1796 1512 1855 Sonntag voll aufregender Nachrichten vom
676 1848 1527 1915 großen Welttheater. Umsturz und wieder
456 1835 638 1938 2 2
665 1890 1516 1961 Umsturz! Schicksalsfragen tauchen gebieterisch
671 1947 1527 2018 auf und verlangen Antwort. Die Flut der
669 1985 1519 2061 Tagesereignisse spült über die Theaterein¬
675 2041 1528 2104 drücke weg und verwischt so manches. Aber
666 2095 1172 2171 Manches bleibt trotzdem.
741 2133 1523 2210 Da war ein Einakter von Einem,
673 2186 1525 2254 der sich einbildet, die Fäden in der
662 2238 1531 2300 Hand zu haben und die Menschen wie
663 2277 1535 2352 ein Puppenspieler zu lenken und weiß doch
678 2320 1529 2398 nicht, daß er der Narr seines Schicksals ist und
672 2382 1524 2450 sein Leben versäumt hat, oder will es wenig¬
665 2430 1524 2498 stens nicht wissen. Onno spielte diesen
668 2478 1525 2550 Mann. Warum eigentlich? Onno hat den
674 2540 1522 2597 Ton der vibrierenden Ekstase, er ist der ewig
673 2577 1534 2651 Junge voll hinreißender Unreife. Aber einen
675 2628 1524 2702 Charakter hinzustellen, der anders ist, als er
676 2691 1532 2749 sich gibt, ist doch wahrhaftg nicht seine Sache.
679 2732 1535 2802 Es kam ein unleidlicher Mischmasch voll Ver¬
676 2776 1532 2837 logenheit heraus. Ein widerliches Komödian¬
677 2819 1526 2891 tengetu. Warum hat nicht Homma diese
668 2893 1532 2964 Rolle gespielt, der hätte doch einen Menschen
1391 194 1850 291 box 34/9
2461 1301 3306 1363 Den Beschluß des Abends machte die ent¬ S
1538 1307 2383 1365 aus diesen posierenden Worten gemacht. Es
2397 1343 3238 1411 zückende und witzige Satire „Komtesse Mizzi“,
1540 1361 2373 1415 spielten auch sonst noch ein paar Leute mit.
2388 1401 3234 1464 in ihrer Art ebenso ein vollkommenes Meister¬
1545 1399 2370 1457 Sie redeten. Dann kam „Der grüne Kakadu“:
2390 1454 3248 1503 werk wie „Der grüne Kakadu“ in seiner, mit
1538 1450 2386 1512 Schnitzlers Meisterwerk. Die größte Kunst im
2389 1497 3237 1559 denselben Vorzügen, die den „Kakadu“ aus¬
1529 1506 2379 1557 kleinsten Raum zusammengedrängt. Die Ge¬
2388 1540 3244 1608 zeichnen, nämlich, daß die Menschen Menschen
1538 1542 2388 1612 fahren seines Wesens, die Schatten seiner
2388 1591 3246 1646 bleiben und nicht psychologische Paradigmen
1528 1596 2374 1658 Lichtseiten sind in diesem Stück nahezu über¬
2390 1644 3242 1703 werden und auch ihre Rede Menschenrede
1533 1654 2385 1707 wunden. Hier ist er Plastiker und begnügt
2391 1693 3249 1734 bleibt und nicht zur Schreibe wird, um den
1531 1690 2387 1759 sich, die Figuren hinzustellen, ohne sie allzu
2394 1735 3248 1796 alten Vischer nutzbringend anzuwenden. Das
1529 1740 2371 1802 langatmig auszudeuten. Hier siegte der Dra¬
2386 1775 3242 1847 alte Österreich mit seinem ganzen faulen
1544 1790 2371 1846 matiker über den Novellisten. Aber im Volks¬
2398 1828 3250 1896 Zauber, der aber immerhin doch noch eine
1544 1832 2381 1904 theater siegte er eben leider nicht. Unerträglich
2397 1878 3239 1952 Art Zauber war, ersteht in diesem Stückchen.
1543 1886 2384 1958 gedehnt das Tempo. Die Einsätze wollten nie
2396 1926 3250 2005 Der alternde Graf des Herrn Homma ein¬
1536 1946 2380 1999 zur richtigen Zeit kommen, immer wieder
2391 1985 3254 2036 fach eine Meisterleistung. Tief verankerte
1531 1979 2388 2043 klafften Löcher im Dialog, immer wieder riß
2393 2028 3249 2098 Menschlichkeit, nirgends Karikatur. Fräulein
1537 2032 2395 2094 der steile Aufstieg, den dieser Akt nehmen
2398 2070 3246 2144 Woiwode als Komtesse Mizzi vielleicht
1548 2079 2383 2148 muß, ab. Jede dieser Rollen verlangt einen
2394 2113 3242 2194 eine Schwebung allzu behaglich. Man hätte
1538 2131 2382 2191 ganzen Schauspieler, der imstande ist, mit
2384 2166 3251 2232 doch die hinter ihr liegenden Kämpfe ein biß¬
1539 2186 2376 2247 ein paar Sätzen einen Menschen hinzustellen.
2400 2222 3255 2291 hen ahnen können, wenn das Gespräch die
1537 2239 2391 2290 Dieser Forderung wurde von den vielen, die
2402 2274 3248 2334 Vergangenheit berührt. Voll Frische und
1533 2266 2392 2346 in diesem Akt herumwimmeln, nicht entspro¬
2397 2315 3254 2403 drolliger Frechheit der junge Dietz als Kind
1533 2322 2394 2400 chen. Seiner Aufgabe gewachsen war Herr
2406 2373 2616 2443 der Liebe.
1542 2377 2382 2444 Homma als Strolch und ehrlicher Ver¬
2479 2384 3251 2473 Von den Schnitzler=Einaktern, die an der
1535 2422 2392 2487 brecher, war der junge Schilbkraut mit
2394 2460 3251 2537 Renaissancebühne wiedererstanden, haftet vor
1546 2484 2390 2534 seiner reizenden Melancholie, als Herzog von
2403 2525 3253 2580 allen Dingen die große Szene, die Harry
1536 2527 2393 2594 Cardignan. Onno hatte die Effekte seiner
2399 2575 3243 2639 Walden mit einem jungen Schauspieler,
1542 2571 2396 2632 Rolle für sich, ohne ihr viel mehr zu ver¬
2409 2611 3252 2672 namens Wengraf, spielt, der mir zum
1536 2621 2387 2693 leihen, als die physischen Reize seiner Stimme.
2405 2668 3251 2734 ersten Male und angenehm auffiel. In dieser
1543 2680 2388 2737 Alle übrigen brüllten bald mehr, bald weni¬
2401 2723 3251 2780 großen Szene entwickelt Walden seine ganze
1547 2710 2389 2792 ger. Von Gestaltung der Figuren war nichts
2406 2761 3252 2822 anmutige Meisterschaft und verhilft sich jund
1546 2768 2402 2834 zu verspüren. Es ist offenbar schwerer, einen
1539 2802 3249 2889 schlechten Komödianten zu spielen, als einer dem Dichter, der diesen prachtvollen Typus
2383 2864 3250 2945 voll Verlogenheit und Echtheit, kindlicher
1532 2873 1724 2953 zu sein.
3260 2761 3313 2816 ##
