3392 4352
171 184 1861 340 10. Der Puppenspieler box 34/9
478 515 968 600 ueugunr uune remas
555 577 984 666 Die Zeit, Wien
334 600 591 680 nitt aus:
479 694 784 777 30 S 1913
369 805 2296 873 b Neue Wiener Bühne. Bassermann in ferste deutsche Schauspieler war, bevor er als
1310 868 2298 935 solcher sich in die Auslagen stellte. Keine Spur
324 869 1321 941 drei Einaktern von Sch####e Zuerst als
333 919 2288 981 „Puppenspieler“, der anderen hochmütig das von Unbewußtheit und Naivität, man sieht
1319 959 2292 1010 immer den Herrn Bassermann neben der
331 963 1328 1031 Schicksal spielte und selbst verloren ging, nichts
1321 1003 2299 1057 Gestalt stehen, die Nuancen geistreich aus¬
331 1006 1321 1068 behielt als den leeren Glauben an sich selbst.
1315 1048 2295 1099 tifteln, ein jedes bißchen Gelächter schonungs¬
328 1050 1313 1104 Fern die Augen, der ganze gealterte und zer¬
1318 1095 2291 1143 los auspressen... Auch sonst war die Auf¬
335 1097 1308 1146 brochene Mensch getragen von seiner stolzen
1327 1111 2293 1186 führung der beiden letzten Komödien fast er¬
341 1133 1314 1189 Einsamkeit. Ein jedes Wort ins Innerliche
1316 1169 2296 1229 staunlich schlecht, der gespenstische Witz des
339 1179 1309 1235 gerückt, so weit, daß keiner ihm auch nur nahe
1311 1226 2291 1286 Spitalaktes von Herrn Neuß herunter¬
339 1229 1305 1285 kann. Ein Besiegter, und dennoch ein Ueber¬
1322 1251 2295 1323 deklamiert, von Herrn Schulbaur offenbar
337 1268 1315 1322 legener, tief in Geheimnisse getaucht. Dann ist
1314 1309 2299 1370 nicht verstanden, die wirbelnde Lustigkeit der
331 1320 1314 1376 Bassermann der Dichter in den „Letzten
1322 1335 2300 1414 „Literatur“ holperte wie ein knarrender Wagen
335 1355 1303 1406 Masken“, der zum armen, sterbenden Journa¬
1319 1395 2299 1449 auf einer Provinestraße. So darf man sich nicht
339 1405 1302 1456 listen ins Spital gerufen wird. Dort will dieser
1314 1428 2296 1499 wundern, daß bloß die Unbedingten Basser¬
330 1448 1301 1510 ihm seinen Haß ins Antlitz speien. Der kleine
1317 1487 2297 1538 mann Beifall klatschten. Er „kann“ jetd fast
336 1496 1318 1559 „große“ Dichter kommt: mit einer verlegen
1314 1528 2295 1585 alles und hat darüber nur zwei Kleinigkeiten
343 1536 1314 1594 lärmenden Sicherheit, eingeschüchtert von der
1315 1574 2032 1645 vergessen: Einfachheit und Natur.
331 1586 1316 1634 Nähe des Todes, und dennoch bringt er all die
335 1630 1308 1680 erbärmlichen Wichtigkeiten seines armen Lebens
344 1669 1317 1738 mit, seine Angst und seine Eitelkeit. Und dann
345 1722 1306 1769 sehen wir ihn endlich noch als rassigen Aristo¬
332 1743 1324 1812 kraten in der „Literatur“, dumm und nobel
342 1787 1317 1856 und angenehm entfernt von den Schmierig¬
333 1847 1314 1895 keiten des Poetenmetiers mit den Posen seiner
330 1895 1313 1960 geckischen Seelenentblößungen. Als Puppen¬
330 1939 1310 1995 spieler noch erobernd durch seine geistige Vor¬
339 1976 1322 2039 nehmheit und durch eine freilich schon stark
331 2008 1323 2092 unterstrichene Diskretion, zeigte er leider in
1456 1948 1844 2129 isschnitt aus:
327 2057 1324 2118 den nächsten beiden Akten, wie sehr sein
1870 2086 2406 2177 Wusiriertes Wiener Eatrshliett
328 2117 1315 2171 glänzendes Talent glänzen will. Seine Be¬
1720 2122 2245 2225 30 MAT 1913 Wien
339 2156 1324 2210 gabung hat noch nie so deutlich wie gestern ver¬
1454 2158 1581 2229 om:
345 2200 1316 2246 raten, daß sie durch das Umherziehen be¬
332 2239 1312 2297 schädigt und verzerrt wird. Eine jede Nuance
1607 2240 2508 2331 Neue Wiener Bühne. In drei Einaktern von
327 2286 1324 2348 kommt in Sperrdruck, aus einer Bewegung
1494 2263 2491 2355 Artur Schu####er „Der Puppenspieler".
1501 2338 2383 2389 „Die letzten Masken“, „Literatur“ —
335 2329 1320 2398 wird eine schauspielerische Begebenheit, und
2383 2344 2503 2403 gab
1497 2368 2493 2431 gestern Albert Bassermann drei Hauptrollen und
335 2381 1310 2429 gerade in der seelischen Anmut dieser un¬
1494 2403 2506 2465 erwies in jeder auts neue große schausvielerische Ver¬
336 2423 1312 2474 vergleichlichen dramatischen Miniaturen war
1494 2442 2504 2517 wandlungsfähigkeit, hohe künstlerische Intelligenz und
334 2464 1313 2515 peinlich zu bemerken, wie grob seine Reise¬
334 2518 1316 2575 virtuosenart nach der Wirkung schielt. Er ver¬
1517 2550 2516 2614 virtuoseste Technik. Sein Puppenipieler Georg Merklin,
333 2552 1316 2614 sagt sich nun nichts mehr, und schmerzlich ge¬
1521 2591 2518 2646 der selbst zur Schicksalspuppe wird, ist ein entfernter
327 2589 1319 2652 denkt man jenes Bassermann, der in der fast
1520 2626 2520 2688 Vetter seines prachtvollen Ulrik Brendel. Das Unausge¬
335 2635 1349 2717 allzu strengen Zucht des Brahm=Ensembles derd
1523 2668 2529 2731 sprochene, das leidvoll zwischen den Worten liegt, all
1515 2706 2522 2742 der Erdenjammer eines Verkommenden, den nur die
1516 2742 2523 2785 Menschenverachtung und der Größenwahn noch über
1516 2776 2523 2817 Wasser halten, kam zu wundersam ergreifender Er¬
1513 2816 2525 2869 scheinung. An Herrn Iwald fand der berühmte Gast
1516 2856 2525 2902 einen würdigen Mitspieler, der im Oboisten Jagisch
1506 2901 2527 2961 mi den einfachsten Mitteln eine Gestalt voll Gemüt
1510 2935 2509 2987 und Herzlichkeit aufbaute. In den „Letzten Masken“
1506 2973 2520 3030 gab Bassermann den von allen Eitelkeiten ge¬
1513 3006 2529 3050 schwellten arrivierten dicken Weihgast, gewisser¬
1508 3032 2520 3087 maßen als Großindustriellen des Geistes, als Kom¬
1502 3076 2511 3131 merzialrates der Poesie. Die wohlwollenden Affektationen
1498 3117 2517 3164 dieses übersüßen falschen Biedermannes kamen sehr
1503 3159 2513 3214 naturgetreu heraus., Den Rademacher spielte Herr
1512 3196 2514 3254 Neuß. den Jackwerth Herr Schulbaur und beide
1510 3231 2509 3280 fanden für ihre trefflichen Darbietungen wohlverdienten
1497 3266 2509 3325 Beifall. Die zwei Doktoren, der gute und der böse.
1500 3314 2514 3368 wurden von den Herren Kammauf und Wünsch
1496 3344 2513 3397 Scharakteristisch skizziert und die kleine Rolle der
1510 3382 2502 3431 Wärterin war bei Fräulein Ernik gut aufgehoben.
1493 3423 2507 3473 In „Literatur“ spielte Bassermann den
1490 3454 2513 3509 jungen Aristokraten, obschon der andere, der
1495 3496 2511 3540 defekte Schriftsteller, die weitaus dankbarere Rolle ist.
1499 3538 2505 3583 Der Künstler wollte sich jedenfalls auch im Salon¬
1498 3569 2508 3627 fach zeigen, korrekte Haltung und legere Eleganz in
1499 3612 2504 3660 maßvoller Chargierung vorführen. Fräulein Balten,
1494 3648 2508 3694 die vom Deutschen Volkstheater herüberkommt, sah
1498 3688 2512 3734 kals Margarete blendend aus und war auch sen¬
1491 3716 2507 3764 Isationell toilettiert. Den Gilbert svielte Herr Iwald
1492 3756 2520 3824 ssehr überzeugend als talentloses Genie aus dem
1490 3799 1871 3863 Literaturkaffeehaus.
