3344 4320
1396 182 1760 276 box 34/9
128 180 1198 277 10. Der Puppenspieler
387 906 653 1021 e
775 977 1177 1076 Telephon 12801.
402 1080 1526 1145 Alex. Weigls Unternehmen für Zeitungs-Ausschnifte
580 1152 1345 1254 „OBSERVER“
396 1258 1517 1343 L österr. behördl. konz. Bureau für Zeitungsberichte u. Personalnachrichten
584 1334 1366 1425 Wien, I., Concordiaplatz 4.
825 1388 1115 1463 Vertretungen
402 1441 1515 1524 In Berlin, Budapest, Chicago, Geuf, London, New-Vork,
387 1494 1525 1566 Paris, Rom, Mailand, Stockholm, Christiania, St. Petersburg.
668 1531 1253 1612 (Quellenangabo ohne Gewähr.)
398 1614 868 1697 Ausschnitt aus:
403 1730 576 1789 vom:
685 1715 1531 1837 1ADHIE WOCHE, WIEN
635 1837 1056 1911 Carltheater.
404 1879 1416 1966 Schnitzlerabend. Es ist recht traurig, daß
319 1934 1406 2008 man in Wien Wohltätigkeitsaufführungen abwarten
311 1982 1400 2031 muß, um Schnitzler, den hervorragendsten Wiener
319 2028 1397 2063 Dramatiker, spielen zu sehen. Dafür war dieser Mon¬
312 2067 1393 2133 tag genußvoll wie kein andrer Tag dieser Saison.
318 2106 363 2157 7 4
498 2116 1384 2170 etzten Masken“ und „Literatur“
312 2146 1400 2198 waren bereits von früher her bekannt. Daher wandte
315 2190 1356 2257 sich alles Interesse dem „Puppenspieler“ zu,
310 2229 1397 2305 diesem feinen Akte, desten Reiz erst von der Bühne
307 2271 1387 2321 weg wirken mußte, um in seiner ganzen Tiefe im ge¬
316 2318 1383 2381 sprochenen Worte zum Ausdrucke zu kommen. Das
312 2370 1383 2426 subtikste Charakterisieren, das Hinenleuchten in das
308 2410 1203 2454 rein Seelische, ein bißchen malitiöse Ironie
1270 2414 1384 2467 das
308 2447 1377 2511 sind die Faktoren Schnitzlerischer Kunft. Sie wurde
303 2497 1383 2559 mit geringen Ausnahmen vortrefflich und in vor¬
295 2526 1390 2590 nehmster Weise wiedergegeben. Der Abend zeigte,
307 2574 1394 2656 wieder, was das Burgtheater an Heinie verliert..
310 2616 1376 2670 Nur so weiter, Heur Dr. Schlonther. Ihr Name wird
295 2659 1379 2739 in der Geschichte des Burgtheaters verzeichnet sein.
304 2690 941 2784 Aber auf einer schwarzen Seite.
1245 2714 1336 2778 B.
1709 949 2090 1087 achte
2158 1054 2552 1138 Telephon 12801.
1789 1147 2923 1213 Aien. Weigls Unternehmen für Zeitungs-Ausschnilto
1983 1207 2727 1327 „OBSERVER“
1783 1319 2898 1406 I. österr. behördl. konz. Bureau für Zeitungsberichte u. Personalnachrichten
1971 1386 2748 1465 Wien, I., Concordiaplatz 4.
2209 1448 2497 1516 Vertretungen
1790 1501 2915 1556 in Berlin, Budapest, Chicago, Genf, London, New-Vork,
1780 1548 2899 1608 T’aris, Rom, Mailand, Stockholm, Christiania, St. Petersburg.
2063 1587 2632 1657 (Quellenangabe ohne Gewähr.)
1779 1670 2258 1757 Ausschnitt aus:
2251 1701 2947 1804 Montagspresse, Wien
1793 1777 1975 1849 voln:
1843 1844 2220 1951 — TUETDI
2194 1950 2514 2046 Theater.
1857 2017 2959 2087 (Carltheater.) Schnitzler=Abend. Im Carl=The¬
1745 2065 2972 2153 ater fand dem geschmackvoll vornehmsten unter den jüngeren
1745 2104 2962 2187 Dichtern zu Ehren ein Abend statt, der neben zwei leider
1748 2154 2967 2244 in Wien zu selten vernommenen Einaktern] Schnitzlers eine
1761 2202 2960 2295 kleine Schnitzler=Première darbot. Man gab mit Burg¬
1764 2250 2969 2351 schauspielern in den Hauptrollen die nachdenklich=wuchtigen
1760 2307 2961 2398 „letzten Masken“ und das fröhlich=ironische Lustspiel
1764 2343 2963 2453 „Literatur“, ferner zum erstenmale die tiefsinnige Studie
1768 2392 2949 2495 „Der Puppenspieler“. In den „Letzten Masken“
1768 2436 2966 2535 trat Erich Schmidt als der eitle, berühmte Schriftsteller
1767 2503 2974 2586 Weihgast sehr angenehm hervor. „Der Puppenspieler“ ist
1766 2540 2975 2634 dem Dichter wohl aus Anregungen und Erinnerungen seines
1776 2606 2972 2685 ärztlichen Berufs erwachsen. Dunkle Seelenprobleme, die
1766 2640 2976 2729 Möglichkeit der Willensübertragung, werden in dieser dem
1766 2689 2971 2781 Theaterhandwerklichen völlig fernen und doch auch vom
1771 2738 2977 2833 Theater herab ergreifenden Studie mit schwermütiger Ver¬
1779 2797 2984 2887 sunkenheit erwogen. Man erinnert sich, daß solche Fragen
1779 2837 2988 2932 den Psychologen Schnitzler schon öfter, etwa in dem anmutigen
1781 2907 2988 2985 Versspiele „Paracelsus“ lockten. In der Durchführung dieser,
1788 2950 2991 3035 wie wir sagten, für das Wiener Theater fast allzu schwebenden
1794 2986 2999 3076 Stimmungsnuancen spürt man überall die Hand des ver¬
1785 3035 3003 3130 sonnenen, reifen, vollendeten Künstlers, des besten, den wir
1792 3080 2993 3180 zur Zeit in unserer Heimat haben. Jarno zeigte sein
1789 3129 3000 3219 starkes Können as der Puppenspieler von neuem und von
2710 3182 2950 3237 P. W—r.
1777 3207 2263 3267 der anregendsten Seite.
