3344 4352
116 274 1192 356 10. Der Puppenspieler
320 828 1020 946 Telephon 12801.
266 932 1253 1021 Alex. Weigls Unternehmen für Zeitungs-Aus.
468 1012 1223 1138 „OBSERVER“
267 1134 1406 1200 L österr. behördl. konz. Bureau für Zeitungsberichte u. Personalnachrichten
474 1200 1226 1273 Wien, I., Concordiaplatz 4.
688 1272 995 1332 Vertretungen
284 1314 1405 1371 in Berlin, Budapest, Chicago, Genf, London, New-Tork,
282 1358 1402 1416 Paris, Rom, Mailand, Stockholm, Christiania, St. Petersburg.
557 1404 1116 1489 (Quellenangabe ohne Gewähr.)
268 1510 659 1595 Ausschnitt 3
654 1473 1462 1600 Hönigkeits Weitblatt, Wien
580 1583 860 1669 14 12.1904
295 1627 489 1684 vom:
423 1760 1402 1822 Carl=Theater. Zugunsten des unter dem Protektorate
387 1812 1418 1868 der Fürstin Lothar Metternich=Winneburg
392 1862 1415 1918 stehenden „Ersten öffentlichen Kinder=Kranken=Institutes
388 1913 1416 1968 in Wien“ fand hier gestern eine Wohltätigkeits=Vorstellung
381 1959 1425 2018 statt, in welcher die k. k. Hofschauspieler Rosa Albach¬
391 2001 1422 2059 Retty, Albert Heine, Erich Schmidt und Otto
391 2049 1425 2102 Treßler, dann Direktor Josef Jarno, Frau Frieda
386 2106 1409 2148 Wagen und Hans Claar mitwirkten. Man hörte
388 2154 1416 2200 und sah Arthur Schnitzler — wohl den feinsten
391 2200 1410 2255 und geistreichsten der Jung=Wiener Dichter. Die „letzten
384 2240 1407 2293 Masken“ und „Literatur“ waren bereits bekannt. Man
386 2285 1409 2332 hatte nur die Auffassung der Darsteller zu studieren.
383 2324 1410 2387 Mir scheint, daß die „Deutschen“ die Figuren dieser zwei
398 2371 1422 2438 Stücke tiefgründiger aufgefaßt hatten. Immerhin konnte
395 2427 1416 2487 man Albert Heine als Rademacher in dem ersten Stück
398 2468 1419 2519 und als Gilbert in dem letztgenannten, dann Otto
393 2530 1417 2575 Treßler als Schauspieter Jackworth und dann als
391 2556 1500 2624 Sportsman Clemens in gewisse Beziehungen bringen.
393 2610 1423 2671 Um was der eine seine Figur in breitere Deutlichkeit
400 2669 1421 2718 rückte, verschob sie der andere ins Possenhaftere. Die
399 2702 1426 2758 starke Kunst Heines, die liebenswürdige Gigerlhaftigkeit
403 2761 1411 2805 Treßlers gefielen aber ausnehmend. Ein Sturm von
389 2796 1424 2862 Beifall lohnte ihnen die Eigenart ihrer Auffassung. Daß
392 2844 1414 2895 Frau Albach=Retty, diese reizende Verkörperung
402 2889 1428 2953 konfuser Oberflächlichkeit, als Margarethe geradezu
398 2953 1432 2995 entzückend war, bedarf wohl keiner Erwähnung. „Der
403 2990 1424 3042 Puppenspieler“ war für Wien eine Neuheit.
399 3030 1429 3081 Schnitzler nennt den Einakter eine Studie. Das ist
393 3080 1421 3139 er auch. Eine Studie über die Frage, ob es klüger sei,
398 3125 1429 3191 so hübsch beiseite zu leben, das Glück im Herzen, den
397 3180 1428 3228 Frieden im Hause, ohne sonderlichen Ehrgeiz bei einer
399 3209 1387 3268 schönen Hängelampe und in bequemer Sofaecke, oder —
408 3263 1432 3320 im Kampfe mit sich und mit Idealen, als Stürmer,
392 3314 1432 3379 Dränger und Phantast, der die Welt zu regieren ver¬
402 3355 1427 3413 meint und ja doch auch nichts anderes ist als eine Puppe
403 3404 1436 3461 in den Willkürfingern des Zufalls, dem wir alle untertan
409 3449 1432 3505 sind. Jarno gab den Grübler und Selbstmenschen mit
410 3502 1431 3559 viel schwerfälliger ins Pathologische gerichteten Gründ¬
400 3547 1428 3598 lichkeit. Ob nicht etwas geniales Vagabundentum mehr
401 3600 1429 3653 am Platze gewesen wäre, kann ununtersucht bleiben. Aber
402 3639 1432 3690 er war gut und höchst wirksam neben Hans Claar,
405 3690 1434 3740 der denn doch ein bißchen zuviel Biedermeier von Anno
405 3727 1439 3782 dreißig schien. Frau Wagen war an ihrem Platze.
414 3781 1438 3846 Das elegante Publikum des ausverkauften Hauses kargte¬
415 3836 1438 3901 nicht mit Beifall, den die Darsteller sich wirklich verdient
1154 3872 1410 3928 X. v. G—g.
412 3879 568 3943 hatten.
1338 260 1815 349 box 34/9
1724 1267 2035 1385 P
2275 1426 2660 1516 Telephon 12801.
1906 1505 3032 1591 Alex. Weigls Unternehmen für Zeitungs-Ausschnifta
2747 1591 2843 1665 E4
2096 1598 2760 1695 DUBSERVER
1905 1691 3023 1789 L. österr. behördl. konz. Bureau für Zeitungsberichte u. Personalnachrichten
2084 1768 2854 1843 Wien, I., Concordiaplatz 4.
2303 1833 2607 1895 Vertretungen
1897 1883 3011 1950 In Berlin, Budapest, Chicago, Genf, London, New-Vork,
1885 1924 3014 1991 Paris. Rom. Mailand, Stockholm, Christiania, St. Petersburg.
2171 1963 2732 2047 (Quellenangabe ohne Gewühr.)
1893 2040 2971 2138 Ausschnitt aus: BOHEMIA, PRAG
2318 2106 2366 2146 4
2092 2104 2297 2176 13 72
1894 2160 2083 2219 vom:
2062 2247 2637 2348 Theaternachrichten.“
1950 2304 2838 2396 Dr. P W-r. Ein Schnitzler=Abend. Aus
2592 2348 2842 2415 Im Karl¬
1876 2371 2434 2451 Witn, 12. d., wirt-
1881 2391 2831 2488 Theäter fand heute dem geschmackvollvornehmsten
1888 2441 2831 2540 unterchen jüngeren Dichtern zu Ehren ein Abend.
1891 2455 2839 2577 statt, der neben zwei leider in Wien zu selten
1899 2513 2842 2612 vernammenen Einaktern Schnitzlers eine kleine
1901 2554 2839 2657 Schmyler=Premiere darbot. Man gab mit Burg¬4
1903 2594 2827 2702 schauspielern in den Hauptrollen die nachdenklich=
1909 2651 2861 2738 wuchtigen „Letzten Masken“ und das
1901 2692 2862 2793 fröhlich=ironische Lustspiel „Literatur“, fernerl
1912 2734 2863 2826 zum erstenmale die tiefsinnige Studie „Der
1907 2765 2856 2867 Puppenspieler“. In „den letzten Masken“:
1907 2818 2854 2905 trat Erich Schmidt als der eitle, berühmte Schrift¬
1917 2857 2864 2952 steller Weihgast sehr angenehm hervor. „Der
1917 2903 2853 2999 Puppenspieler“ ist dem Dichter wohl aus An¬
1909 2941 2853 3033 regungen und Erinnerungen seines ärztlichen
1911 2985 2865 3079 Berufs erwachsen. Dunkle Seelenprobleme, die
1916 3043 2869 3114 Möglichkeit der Willensübertragung, werden in
1910 3076 2863 3158 dieser dem Theaterhandwerklichen völlig fernen
1923 3115 2871 3200 und doch auch vom Theater herab ergreifenden
1927 3170 2867 3244 Studie mit schwermütiger Versunkenheit erwagen.
1922 3210 2878 3283 Man erinnert sich, daß solche Fragen den Psycho¬
1939 3254 2874 3330 logen Schnitzler schon öfter, etwa in dem anmu¬
1940 3286 2873 3368 tigen Versspiele „Paracelsus“ anlockten. In der
1933 3321 2883 3407 Durchführung dieser, wie wir sagten, für das
1929 3367 2887 3460 Wiener Theater fast allzu schwebenden Stimmungs¬
1940 3407 2888 3495 nuancen spürt man überall die Hand des ver¬
1938 3450 2894 3538 sonnenen, reifen, vollendeten Künstlers, des besten,
1947 3508 2886 3582 den wir zur Zeit in unserer Heimat haben.
1944 3535 2895 3622 Jarno zeigte sein starkes Können als der Puppen¬
1930 3575 2897 3681 spieler von neuem und von der anregendsten Seite.
2751 3619 2914 3664 —
