3392 4352
1405 239 1854 324 box 34/9
170 261 1234 353 10. Der Puppenspieler
366 892 1220 1015 ½0Telephon 12801.
465 995 1566 1098 Alex. Weigis Unternehmen für Zeitungs-Ausschnitto
636 1074 1396 1197 „OBSERVER“
457 1201 1564 1256 C österr. behördl. konz. Bureau für Zeitungsberichte u. Personalnachrichten
637 1257 1411 1344 Wien, I., Concordiaplatz 4.
862 1325 1161 1394 Vertretungen
451 1386 1574 1453 in Berlin, Budapest, Chicago, Genf, London, New-York,
453 1423 1555 1492 Paris, Rom, Mailand, Stockholm, Christiania, St. Petersburg.
722 1472 1291 1533 (Quellenangabe ohne Gewähr.)
451 1555 906 1638 Ausschnitt aust
903 1574 1647 1684 VIENER ABENOPOS
614 1616 902 1697 14.72 1904
459 1659 633 1728 vom:
786 1771 1247 1861 Theater und Kunst.
537 1849 1533 1910 Im Carl=Theater fand gestern zu Gunsten des
491 1910 1534 1960 Ersten öffentlichen Kinder=Kranken-Instituts eine Wohl¬
498 1958 1538 2023 tätigkeits=Vorstellung statt, an der die k. k. Hofschauspieler
502 2008 1540 2074 Frau Albach=Retty, die Herren Heine, Schmidt und Treßler,
490 2061 1531 2115 Direktor Jarno und die Mitglieder des Josefstädter
499 2106 1539 2174 Theaters Fr. Wagen und Hans Claar mitwirkten. Man
495 2165 1537 2210 gab drei Einakter von Artur Schnitzler, von denen zwei,
492 2224 1540 2272 „Die letzten Masken" und „Literatur", sowohl von den
496 2251 1538 2303 Berlinern als auch im Deutschen Volkstheater bereits gespielt
488 2311 1538 2370 worden sind. Merkwürdig, daß in dem ersten Stücke das Wiener
485 2355 1527 2408 Lokalkolorit in der Berliner Aufführung viel besser wieder¬
495 2406 1535 2464 gegeben wurde als von den Wiener Schauspielern;
491 2461 1536 2521 gestern brachte nur Herr Schmidt, dessen Leistung sich
493 2511 1536 2554 auch nach der Bassermanns immerhin noch sehen
484 2544 1532 2602 lassen kann, einen wienerischen Zug hinein. Herr
488 2611 1531 2671 Heine ... doch wer einem wohltätigen Zwecke seine Kräfte selbst¬
476 2659 1523 2715 los zur Verfügung stellt, hat auf jeden Fall Anspruch auf
475 2709 1519 2774 Anerkennung und Dank. — „Der Puppenspieler“
484 2764 1523 2822 eine „Studie“ — sie erschien vor einigen Jahren in einer
475 2806 1531 2856 deutschen Revue — ist eines der schwächsten dramatischen
485 2860 1518 2900 Produkte Schnitzlers. Die Gestalt des Helden ist wohl inter¬
482 2915 1526 2959 essant und auch das behandelte Problem. Ein Mensch glaubt
471 2961 1528 3012 andere an seinen Fäden zu leiten wie der Puppenspieler, er
481 2998 1527 3063 spielt Schicksal und fühlt selbst die dämonische Kraft in sich, andere
469 3062 1526 3113 zu töten — bloß durch seinen Gedanken. Aber die Puppen
477 3109 1525 3172 haben ein eigenes Leben; die Fäden, an denen er sie zu
475 3159 1518 3208 lenken glaubte, ergreifen ihn und bestimmen sein eigenes
467 3197 1518 3263 Geschick. Der Schluß sollte nun doch sein, daß er über
462 3263 1515 3307 dieser Erkenntnis innerlich zu Grunde ginge. Aber nein, nicht
471 3308 1513 3369 darüber, sondern weil ihm sein Weib davongegangen und sein
468 3359 1525 3412 Kind gestorben ist! So endigt der gewaltige philosophische,
464 3414 1532 3457 psychologische Anlauf in den Niederungen des bürgerlichen
471 3460 1514 3512 Rührstückes. Dennoch wird man den Veranstaltern des Abends
469 3508 1515 3553 dankbar sein, diese Stück gewählt zu haben, denn es gab
477 3561 1528 3621 Gelegenheit, Herrn Jarno in einer neuen Rolle zu sehen;
475 3608 1551 3685 er war vorzüglich, dieser Schauspieler wächst mit jeder neuen ##
473 3652 658 3711 Aufgabe.
2163 1501 2550 1575 Telephon 12301.
2207 1562 2331 1602 E
1799 1587 2934 1664 Alex. Weigls Unternehmen für Zeitungs-Ausschniito
1984 1668 2749 1801 „OBSERVER“
1802 1802 2932 1872 L. österr. behördl. konz. Bureau für Zeitungsberichte u. Personalnachrichten
2008 1850 2763 1935 Wien, I., Concordiaplatz 4.
2223 1928 2528 1980 Vertretungen
1820 1956 2929 2031 in Berlin, Budapest, Chicago, Genf, London, New-Tork,
1810 2003 2925 2076 T’aris, Rom, Mailand, Stockholm, Christiania, St. Petersburg.
2091 2061 2662 2127 (Quellenangabe ohne Gewähr.)
1815 2159 2284 2226 Ausschnitt aus:
2212 2200 2963 2296 Berliner Börsenceurier
1841 2261 2009 2333 vom:
2255 2301 2488 2363 Bm
1833 2315 2039 2390 S
1849 2338 2854 2401 Unser Korrespondent telegraphiert aus Wien:
1793 2379 2839 2448 Der zu wohltätigem Zwecke im Carltheater veran¬
1799 2411 2839 2498 staltete Schnitzler=Abend brachte nur geteilte
1806 2453 2848 2532 Wirkung Masken“ ergriffen durch
1799 2516 2846 2577 die nervenerregend wahre Verkörperung Rademachers
1805 2538 2852 2607 durch Heine. „Der Puppenspieler“ für Wien
1812 2580 2852 2668 Novität, brachte es zu keiner tieferen Wirkung, weil
1806 2619 2849 2686 zu skizzenhaft und an inneren Widersprüchen krankend.
1817 2659 2855 2747 Jarno, der in der Titelrolle eine feinziselierte
2152 2689 2854 2772 bot, wurde lebhaft gerufen.
1810 2726 2128 2783 Charakterstudie
1819 2748 2847 2818 „Litteratur“ zum ersten Mal mit Burgschau¬
1813 2780 2848 2861 spielern besetzt, amüsierte durch die echtrassige, flotte
2544 2821 2862 2880 Margarethe,
1815 2837 2488 2908 Darstellung der Frau Retty
1822 2857 2854 2944 Treßlers als gräfliches Gigerl und Heines köstlich un¬
1829 2931 2238 3002 verschämten Gilbert.
