3296 4256
1261 174 1805 272 box 34/9
113 181 1197 294 10. Der Puppenspieler
1110 1218 1896 1278 Den Beschluß des Abends machte die ent¬
183 1236 1021 1304 aus diesen posierenden Worten gemacht. Es
1050 1270 1889 1335 zückende und witzige Satire „Komtesse Mizzi“,
189 1283 1031 1357 spielten auch sonst noch ein paar Leute mit.
1049 1329 1890 1386 in ihrer Art ebenso ein vollkommenes Meister¬
191 1334 1032 1402 Sic redeten. Dann kam „Der grüne Kakadu“:
1049 1366 1896 1427 werk wie „Der grüne Kakadu“ in seiner, mit
202 1389 1033 1449 Schnitzlers Meisterwerk. Die größte Kunst im
1050 1415 1887 1475 denselben Vorzügen, die den „Kakadu“ aus¬
190 1433 1031 1507 kleinsten Raum zusammengedrängt. Die Ge¬
1048 1459 1898 1530 zeichnen, nämlich, daß die Menschen Menschen
206 1484 1039 1560 fahren seines Wesens, die Schatten seiner
1053 1520 1895 1579 bleiben und nicht psychologische Paradigmen
207 1528 1030 1597 Lichtseiten sind in diesem Stück nahezu über¬
1062 1568 1895 1622 werden und auch ihre Rede Menschenrede
202 1583 1043 1646 wunden. Hier ist er Plastiker und begnügt
1061 1617 1901 1676 bleibt und nicht zur Schreibe wird, um den
206 1619 1044 1704 sich, die Figuren hinzustellen, ohne sie allzu
1058 1656 1906 1729 alten Vischer nutzbringend anzuwenden. Das
199 1673 1034 1745 langatmig auszudeuten. Hier siegte der Dra¬
1057 1711 1899 1775 alte Österreich mit seinem ganzen faulen
207 1723 1038 1798 matiker über den Novellisten. Aber im Volks¬
1058 1751 1902 1819 Zauber, der aber immerhin doch noch eine
197 1788 1038 1853 theater siegte er eben leider nicht. Unerträglich
1066 1803 1906 1865 Art Zauber war, ersteht in diesem Stückchen.
210 1829 1047 1898 gedehnt das Tempo. Die Einsätze wollten nie
1068 1857 1911 1916 Der alternde Graf des Herrn Homma ein¬
213 1883 1040 1947 zur richtigen Zeit kommen, immer wieder
1059 1897 1914 1967 fach eine Meisterleistung. Tief verankerte
202 1919 1038 1990 klafften Löcher im Dialog, immer wieder riß
1061 1966 1915 2022 Menschlichkeit, nirgends Karikatur. Fräulein
201 1970 1046 2037 der steile Aufstieg, den dieser Akt nehmen
1057 1990 1915 2071 Woiwode als Komtesse Mizzi vielleicht
215 2018 1046 2093 muß, ab. Jede dieser Rollen verlangt einen
1069 2038 1914 2104 eine Schwebung allzu behaglich Man hätte
214 2062 1056 2143 ganzen Schauspieler, der imstande ist, mit
1054 2096 1918 2163 doch die hinter ihr liegenden Kämpfe ein biß¬
211 2122 1052 2197 ein paar Sätzen einen Menschen hinzustellen.
1073 2149 1911 2205 chen ahnen können, wenn das Gespräch die
205 2171 1050 2231 Dieser Forderung wurde von den vielen, die
1077 2193 1909 2265 Vergangenheit berührt. Voll Frische und
218 2217 1047 2294 in diesem Akt herumwimmeln, nicht entspro¬
1075 2242 1920 2305 drolliger Frechheit der junge Dietz als Kind
222 2263 1061 2334 chen. Seiner Aufgabe gewachsen war Heir
1073 2306 1278 2364 der Liebe.
211 2327 1063 2381 Homma als Strolch und ehrlicher Ver¬
1158 2333 1912 2403 Von den Schnitzler=Einaktern, die an der
215 2360 1069 2427 brecher, war der junge Schildkraut mit
1065 2398 1911 2449 Renaissancebühne wiedererstanden, haftet vor
229 2423 1063 2489 seiner reizenden Melancholie, als Herzog von
1080 2435 1919 2516 allen Dingen die große Szene, die Harry
216 2459 1070 2526 Cardignan. Onno hatte die Effekte seiner
1080 2503 1926 2550 Walden mit einem jungen Schauspieler,
224 2505 1056 2576 Rolle für sich, ohne ihr viel mehr zu ver¬
1081 2536 1918 2621 namens Wengraf, spielt, der mir zum
217 2555 1071 2636 leihen, als die physischen Reize seiner Stimme.
1085 2584 1926 2652 ersten Male und angenehm auffiel. In dieser
222 2603 1057 2679 Alle übrigen brüllten bald mehr, bald weni¬
1089 2637 1933 2706 großen Szene entwickelt Walden seine ganze
224 2656 1072 2747 ger. Von Gestaltung der Figuren war nichts
1082 2686 1925 2764 anmutige Meisterschaft und verhilft sich und
234 2704 1070 2783 zu verspüren. Es ist offenbar schwerer, einen
1096 2734 1921 2813 dem Dichter, der diesen prachtvollen Typus
221 2764 1079 2833 schlechten Komödianten zu spielen, als einer
1092 2777 1935 2867 voll Verlogenheit und Echtheit, kindlicher
217 2820 405 2903 zu sein.
1914 1215 2759 1266 Skrupellosigkeit und ahnungsloser Genialität
1917 1270 2759 1326 hinstellt, zu stärkster Wirkung. Immer erfreu¬
1911 1314 2773 1371 licher entwickelt sich Fräulein Lola Knei¬
1908 1361 2770 1411 dinger. Da reift eine wirkliche junge Sa¬
1919 1410 2764 1465 londame heran, die nicht nur das Aussehen,
1927 1467 2762 1518 sondern auch das Wesen einer solchen hat.
1927 1503 2761 1561 Die Augenblicke ihrer verständnislosen Em¬
1921 1556 2767 1623 pörung über das Wesen ihres Mannes mach¬
1926 1611 2769 1659 ten Eindruck. Im ersten Stück trat Frau
1923 1657 2774 1707 Walden=Wagen mit ihrer feinen, klu¬
1934 1698 2774 1755 gen, allerdings etwas gleichmütigen Art an
1926 1743 2770 1806 die Seite ihres Gatten, der die kühle und hä¬
1934 1797 2770 1868 mische Figur des Mannes im Schatten, der
1923 1839 2779 1901 auf den Tag seiner Rache wartet, mit ein¬
1929 1886 2772 1948 dringlicher Schärfe zur Geltung brachte. Das
1934 1949 2775 2003 Bacchusfest war kein Erlebnis. Nicht als
1934 1987 2783 2049 Stück, nicht als schauspielerische Darbietung.
1930 2037 2775 2084 Es minderte nur den guten Eindruck des
1927 2078 2788 2150 Abends. Wie schön wäre ein Schnitzler=Abend,
1937 2132 2770 2190 der sich aus „Große Szene“, „Grüner Kaka¬
1935 2187 2785 2244 du“ und „Komtesse Mizzi“, zusammensetzen
1938 2247 2791 2289 würde! Man könnte eventuell auch noch „Lite¬
1943 2284 2783 2341 ratur“ dazu nehmen. Und dann müßte man von
1936 2335 2779 2391 den verschiedenen Theatern die Schauspieler
1937 2389 2780 2438 dazu aussuchen und dann könnte man wieder
1937 2437 2796 2488 einmal von einem theatralischen Erlebnis
1942 2471 2786 2542 sprechen. Aber so wie die Ensembles derzeit
1941 2517 2793 2585 im Volkstheater und in der Renaissancebühne
1938 2572 2789 2646 zusammengesetzt sind, gibt es immer nur Not¬
1953 2631 2787 2685 besetzungen, was den dargestellten Stücken
1936 2675 2787 2725 nicht zum Vorteil gereicht und dem Zuschauer
1954 2721 2697 2807 lein Vergnügen macht. Mir auch nicht.
2304 2762 2764 2845 Felix Dörmann,
