3392 4320
129 241 1828 336 10. Der Puppenspieler box 34/9
635 1116 1863 1250 Der Merkar. Wien RUNDSCHAU.
1366 1199 1739 1288 THEATER.
1541 1254 2418 1340 meisterhaft, ist er“ wirklich mitten in einem
719 1267 1475 1357 DEUTSCHES VOLKSTHEATER.
1554 1335 2406 1386 Spiel der Masken und Lemuren der
659 1345 1527 1437 Schitzle „Der Puppen¬
1540 1364 2417 1433 Mensch, die Revolution des Menschen
665 1409 1534 1481 spieler“ — „Der grüne Kakadu“.
1546 1422 2417 1481 gegen den Mummenschanz der Herzen. Die
886 1466 1397 1534 „Komtesse Mizzi“.
1551 1475 2424 1535 Regie Friedrich Rosenthals war sichtlich
1547 1535 2416 1586 um Aktualität bemüht, aber sie unterstrich
697 1508 1526 1587 Für den Puppenspieler gehört ein glit¬
1550 1571 2425 1632 zuviel, wurde laut und grell. Im übrigen
665 1583 1531 1646 zernder, schillernder, kurz ein komödianti¬
1545 1618 2414 1668 bleibe das dichterische Wort und sein Sinn
677 1625 1527 1703 scher Schauspieler. Der ist Ferdinand Onno
1552 1669 2421 1732 Endziel jeder Regie. Wenn auf der Bühne
668 1680 1531 1760 nicht. Er glaubt an das, was er spricht, er
1554 1721 2425 1782 zwei Gruppen sind und die stumme allerlei
673 1724 1531 1793 gibt das Wort als Zeugnis, nicht als Trug
1550 1770 2421 1835 Regieschabernak treibt und dadurch den
674 1776 1537 1843 eines Lebens. Was doppelten Boden haben
1546 1817 2415 1884 Zuschauer, aber auch Zuhörer von der
673 1825 1538 1894 müßte, hat darum bei ihm nur einen ein¬
1556 1867 2425 1936 sprechenden Gruppe, die allein wichtig ist,
678 1869 1530 1938 fachen. Dadurch aber wird die Gestalt ver¬
1556 1917 2420 1976 so ablenkt, daß man schließlich kein Wort
682 1933 1536 2001 schoben, ihrer skeptischen Ironie beraubt
1559 1961 2434 2030 versteht, so ist das eine alte, aber auch
678 1972 1545 2028 und es bleibt ein etwas larmoyanter, nicht
1556 2019 2427 2076 schlechte Marotte der Regie (besonders bei
676 2024 1543 2091 sehr erheblicher Geselle übrig. Weil Onno
1557 2068 2418 2129 Opern beliebt), der ich ungern begegne.
679 2079 1543 2139 im „Grünen Kakadu“ das Furioso seiner
1555 2115 2426 2187 „Das ist keine Verlebendigung der Szene,
678 2122 1538 2192 nervösen Leidenschaft ohne spöttische
1547 2160 2434 2234 (sondern ihre Mechanisierung. Das Wort
666 2173 1535 2265 Hemmung ausleben darf, ist sein Henri
1539 2226 2408 2278 allein hat den Vordergrund zu beherrschen,
1531 2274 2402 2343 Sache des Regisseurs ist es, die vom Dich¬
1532 2321 2396 2381 #ter unbelebte Gruppe für den Zuschauer
1529 2367 2414 2435 unauffällig aus dem Kreis seiner Neu- und
1535 2438 2410 2494 Schaugier verschwinden zu lassen, ge¬
1542 2463 2409 2533 wissermaßen unsichtbar zu machen. In der
1543 2515 2412 2588 „Komtesse Mizzi“ spielte Herr Homma den
1543 2579 2405 2637 ungarischen Grafen mehr possenhaft als
1536 2617 2403 2682 komödienhaft (der Mensch, der hinter der
1539 2669 2413 2734 Lächerlichkeit steckt, blieb unsichtbar),
1537 2718 2410 2784 aber spielte ihn in seiner Art stark und
1540 2770 2411 2824 echt. Bei Lina Woiwode war es ähnlich,
1539 2818 2405 2888 mehr Maitresse als Komtesse. Ganz un¬
1538 2874 2415 2928 möglich aber, daß in diesem durchaus
1538 2916 2405 2965 österreichischen Stück, nur in der weichen
1537 2964 2408 3032 buhlerischen Wiener Luft denkbar und
1544 3020 2417 3076 möglich, Norddeutsche mit ihren harten,
1542 3060 2413 3131 eckigen Bewegungen und Redensarten die
1539 3108 2412 3176 österreichischen Aristokraten mimen.
1542 3172 2410 3216 Schrecklich. So muß es einem Schlesier
1529 3208 2423 3272 zu Mute sein, wenn ihm die Niese Gerhart
1542 3235 2418 3316 Hauptmann vorspielt und vorspricht. Aber
1546 3311 2422 3368 was bei dem Dichter der „Rose Bernd“
1543 3357 2418 3425 noch erlaubt ist, weil Schlesien weit ist
1544 3402 2415 3473 und wir in Wien sind, ist bei Schnitzler
1543 3455 2420 3527 geradezu sündhaft, eben weil wirin Wien
1547 3521 2428 3588 sind und Wien nicht auch schön zu er¬
2155 3550 2412 3634 O. M. F.
1540 3563 1897 3633 setzen brauchen.
