3392 4352
1397 233 1859 323 box 34/9
171 241 1250 339 10. Der Puppenspieler
1178 434 1268 525 —
1378 529 2005 661 Theater und Kunst.
1266 657 2092 742 Schnitzler=Einatterabend im
1336 732 2012 815 Deutschen Volkstheater.
1443 798 1901 879 I. Der Puppenspieler.
1260 857 2194 927 In dieser kleinen retrospektiven Stubie ist
1149 912 2192 981 bereits der ganze reife Schnitzler des „Einsamen
1164 954 2194 1014 Weges“ enthalten, mit seiner stillen, abgeklärten
1152 1005 2194 1063 Wehmut und bittersüßen Traurigkeit, die wie eine
1163 1047 2191 1104 zarte, verwehende Melodie in abendlicher Luft zu zer¬
1172 1090 2193 1142 rinnen scheint; mit seiner skeptisch lächelnden und doch
1169 1144 2186 1196 sehnsüchtig, die Augen halb geschlossen, tief ins eigene
1164 1189 2194 1247 Innere hineinhorchenden Resignation, mit dem matt
1165 1230 2194 1289 schimmernden Reiz seiner geistigen Anmut, mit
1170 1273 2188 1331 seinem heimlichen Spott, der zuletzt auch noch über
1170 1324 1499 1387 sich selbst lacht.
1266 1379 2186 1420 Da gibt es Menschen, die neugierig so lange er¬
1171 1421 2189 1472 fahren wollen, was es mit dem Leben eigentlich ist, bis
1175 1454 2197 1519 sie neben dem Leben, irgendwo am Wege, vergessen
1166 1523 2191 1566 liegen bleiben. Puppenspieler, die wirklich glauben.
1163 1551 2205 1614 daß man mit dem Leben, mit Menschen und ihren
1163 1592 2192 1658 rätselvoll wirren Schicksalen ungestraft wie mit
1160 1652 2189 1698 gehorsam=sicheren Puppen spielen dürfe; und eines
1171 1679 2205 1747 Tages erwachen sie, eingemauert in der großen
1171 1751 2210 1796 Einsamkeit, und wissen nur — aber dann ist es zu¬
1171 1775 2198 1832 spät —, daß keiner vom andern weiß, daß sie keinen
1168 1824 2198 1873 erkannt haben von den vielen, denen sie die Hand
1169 1868 2198 1925 gereicht, daß nicht einmal der Liebe die Kraft
1177 1908 2192 1961 innewohnt, einen Menschen dem andern aufzuschließen.
1267 1958 2193 2011 Wir alle sind nur Puppen, und der einzige, der
1176 2010 2207 2058 wirkliche Puppenspieler ist das Leben, und wer es
1165 2049 2208 2101 unternimmt, ihn betrügen zu wollen, betrügt sich
1171 2106 1646 2160 selbst am furchtbarsten.
1271 2126 2197 2198 Von dem leisen Glanz, von der zerbrechlich gleich
1170 2194 2208 2250 einem müden Falter bei Sonnenuntergang schillernd
1178 2251 2197 2290 vorüberschwebenden Grazie dieses Stückes blieb bei der
1170 2280 2197 2340 Aufführung nicht viel übrig; der Regisseur Herr¬
1168 2330 2203 2390 Rosenthal versagte. Er läßt Schnitzler so spielen.
1166 2390 2216 2436 als würde es sich um einen Leichenbitter von Ibsen
1162 2421 2199 2477 oder Strindberg handeln. Herr Onno als Puppen¬
1180 2468 2204 2522 spieler exzediert wieder in seinem gewaltsam
1178 2532 2211 2569 modulierenden Sprechgesang, Herr Nowotny be¬
1172 2562 2211 2614 schränkt sich darauf, seine Stichworte korrekt aufzu¬
1184 2599 2215 2667 sagen. Fräulein Trebitsch verdirbt wenigstens
1180 2656 1326 2732 nichts.
1452 2693 1931 2765 II. Der grüne Kakadn.
1268 2732 2205 2815 Das Stärkste, Mächtigste, was wir Schnitzler
1168 2800 2204 2866 an dramatischen und theatralischen Eindrücken ver¬
1176 2853 2201 2904 danken. Eine in den Einzelfiguren genial kontra¬
1180 2890 2205 2955 punktierte, schließlich wild und blutrot aufflammende
1175 2947 2204 2986 Symphonie der namenlosen Masse, ein aufwühlender
1178 2988 2216 3047 Zustand letzter Erregung, Verstörung und Raserei.“
1176 3037 2217 3086 Eine ungeheuer lebendig gebliebene Vergangenheit, ein
1172 3086 2207 3145 Feuer, aus dem noch gefährliche Funken in das
1181 3145 2204 3194 Pulverfaß unsrer Gegenwart überspringen könnten.
1276 3176 2205 3233 Das ist aber bei dieser Aufführung kaum zu
1185 3230 2217 3277 befürchten. Statt eines atembeklemmenden Taumels
1190 3267 2211 3348 entfesselte der Regisseur nur leeren, atemlosen
1178 3314 2205 3375 Tumult. Es wird schrecklich viel gebrüllt und ge¬
1188 3384 2207 3433 suchtelt, Scheiben geben klirrend in Trümmer, eine
1195 3418 2219 3465 Pistole wird abgeschossen, und doch ist keine Spur
1178 3469 2210 3524 davon zu merken, daß diese Groteske voll tragischer
1182 3510 2213 3575 Schauer am Abend des 14. Juli 1789 spielt, daß
1191 3559 2203 3609 irgend etwas unaufhaltsam Heranrückendes in der
1186 3599 2209 3668 schwül geladenen Atmosphäre grollt, lauert und droht.
1187 3654 2201 3707 etwas Ungeheures und bestialisch Ungeheuerliches:
1183 3704 1619 3762 die Revolution.
1289 3750 2201 3806 Schade um den kostbaren Grain des Herrn
1176 3797 2206 3844 Homma, schade auch um den interessanten, überaus
1197 3844 2203 3913 anregenden Cadignan des jungen Schildkraut.
1493 3892 1910 3960 VII. Komtesse Mizi.
1268 3948 2201 4006 Das ist vielleicht das einzige von den drei
1186 3991 2196 4051 Stücken, bei dem man ein merkwürdiges Gefühl
1186 4037 2195 4087 nicht los werden kann: nicht als ob diese arglos bissige
1199 4100 2198 4148 Satire bereits gealtert wäre, doch sie scheint aus einer
1199 4130 2197 4179 andern, gewissermaßen prähistorischen, mehr lächer¬
