3344 4256
1362 305 1825 406 box 34/9
133 319 1228 426 10. Der Puppenspieler
1113 1560 3066 1638 unter dem Protektorat der Fürstin Lothar geschätzten Freund das Kostbarste verschenkt, alles,
2089 1589 3052 1657 was eigentlich für ihn selbst bestimmt war: Ruhe,
1118 1619 2078 1684 Metternich=Winneburg steht, drei Einakter von
242 1555 1020 1715 Theater und Kunst.
2084 1630 3056 1701 Frieden und Schaffenskraft und die treueste
1122 1672 2079 1726 Artur Schnitzler. Die Studie „Der Puppen¬
2093 1670 3055 1743 Liebe einer guten Frau. Vergeblich hüllt er sich
1127 1700 2082 1778 spieler“ zum ersten Male. Wie sich Künstler
176 1693 917 1796 )#4 Artur Schnitzler-Abend.
2080 1707 3062 1805 jetzt in seine posierte Ueberlegenheit, in seine
1114 1748 2079 1822 menschlich zu ihrem Erfolg verhalten oder wie sie
2083 1756 3068 1826 Dämonie, in seinen Freiheitsdrang, wie ein
192 1778 1107 1854 Es müssen jetzt schon ganz besondere Gelegen¬
1119 1798 2069 1863 sich mit ihrer Unfähigkeit abfinden, gehört zu
2084 1805 3061 1874 armer Mann sich frierend in abgetragene Kleider
161 1831 1109 1900 heiten kommen, damit der bedeutendste dra¬
1120 1839 2073 1901 den Problemen, die Schnitzler sehr beschäftigen.
2091 1849 3066 1915 hüllt: vergeblich will er auch jetzt noch sich über
147 1888 1117 1933 matische Dichter Wiens einmal auf einer Wiener
1121 1886 2072 1956 Ibsens Hjalmar Ekdal hat ihn bei diesen
2084 1893 3060 1964 die Situation emporschwingen. Er bleibt tief
159 1923 1121 1982 Bühne zur Aufführung gelangt. Dieser lächer¬
1129 1929 2074 1990 Gängen durch die innersten Räume der Seele
2084 1939 3059 2006 unter ihr, beginnt es zu ahnen, und flieht, um
153 1959 1111 2018 liche Zustand währt nun schon einige Jahre und
1122 1971 2085 2027 oft begleitet und geleitet. Das Schnitzlerische
2093 1976 3065 2053 wenigstens die letzten Reste von Selbsttäuschung
163 2005 1119 2071 wird wahrscheinlich noch lange andauern, denn
1121 2016 2079 2085 dabei: daß die Menschen ihr Schicksal nicht ver¬
2077 2021 3061 2087 noch zu retten. Herr Jarno hat diese komplizierte
154 2053 1121 2107 Herr Schlenther kann es Herrn Artur Schnitzler
1133 2056 2082 2124 stehen, und daß aus diesem Mißverständnis
2094 2058 3060 2126 Gestalt vortrefflich gespielt und die mit Hochmut,
158 2093 1111 2148 nimmer verzeihen, daß er sich vom Direktor des
1122 2106 2085 2162 Pointen von Welthumor und Lebenstragik sich
2105 2107 3067 2175 Prahlerei, mit stolzer Scham und kindischer
2913 2138 2961 2185 n
164 2138 1114 2220 Burgtheaters nicht hat zum Besten halten lassen.
1130 2147 2090 2205 ergeben. „Der Puppenspieler“ hat einmal, vor
2081 2155 3080 2232 Wichtigkeit zugedeckte Verbitterung des unfähig
203 2182 1123 2234 Als damals, in jener Affäre des „Schleier der
1125 2185 2086 2250 langer Zeit, irgendeinen Erfolg gehabt. Das
2086 2193 3073 2262 Gewordenen, Schiffbrüchigen, des geistigen Bank¬
166 2220 1119 2283 Beatrice“ dem so unbedenklich getäuschten und
1135 2232 2086 2307 heißt, es ist einmal in ihm ein Licht auf¬
2091 2238 3071 2306 rottierers ergreifend sichtbar gemacht. Ihm stan¬
170 2260 1120 2338 geschädigten Dichter der Geduldfaden riß, war
1133 2278 2088 2344 gegangen, das dann erlosch. Die Finsternis und
2096 2286 3080 2360 den leise und künstlerisch diskret Frau Wagen
159 2298 1127 2374 es mir für kurze Tage wohl möglich, die Wiener
1121 2330 2074 2379 Leere, die nun in ihm zurückbleibt, die Impotenz
2088 2334 2718 2407 und Herr Claar zur Seite.
165 2349 1124 2418 Kritik gegen direktoriale Willkür und Treulosig¬
2131 2353 3069 2428 Die beiden anderen Einakter gehören
1125 2370 2083 2440 und die Sterilität täuscht er sich selbst mit allerlei
167 2396 1118 2461 keit zu einen. Aber die auf der bekannten Protest¬
2090 2410 3067 2471 Schnitzlers Zyklus „Lebendige Stunden“ an.
1138 2415 2091 2478 wirren und in sich selbst verlogenen wunderlichen
169 2437 1116 2504 erklärung mit Unterschrift besiegelte Solidarität
1138 2457 2091 2526 Großartigkeiten hinweg. Er hält sich für dämo¬
2104 2449 3072 2523 In „Die letzten Masken“ gab Herr Heine den
172 2479 1125 2552 hielt nicht lange vor. Bei manchen waren es die
1129 2499 2082 2576 nisch, unter anderem. Sein Schaffenstrieb, meint
2102 2494 3062 2564 Rademacher, den sterbenden Journalisten; er
165 2522 1131 2596 Herren Chefredakteure, die es für klüger hielten,
2099 2542 3061 2614 spielte auch in „Literatur“ den Gilbert. Herr
1128 2546 2086 2614 er, sei zu groß, um mit Feder und Papier sich
157 2568 1127 2628 mit dem Burgtheater zu paktieren, andere Kri¬
2092 2579 3062 2654 Heine hat in Wien seine besten Leistungen außer¬
1138 2587 2093 2654 genugzutun. Er spielt mit lebendigen Menschen,
158 2615 1128 2671 tiker wieder erwiesen sich — als der Anfall von
2093 2616 3074 2699 halb des Burgtheaters verrichtet. Auch gestern
1146 2635 2085 2693 wie man mit Puppen spielt. Lenker irdischer
163 2653 1130 2719 Schneid vorüber war — als Friedensfreunde aus
2102 2673 3069 2743 zeigte er, wie viel wir an ihm verlieren, und
1144 2677 2095 2730 Geschicke, das ist ihm gerade gut genug. So
171 2699 1136 2767 Temperament, noch andere hatten noch andere
2106 2717 3079 2781 wie leichtfertig er für uns verloren ward, der ein¬
1135 2717 2093 2787 kommt er zu einem Jugendfreund, der immer
170 2747 1131 2806 Gründe, und zuletzt zog die Wiener Wurschtigkeit
2100 2759 3073 2826 fach der beste Charakterdarsteller, der th ater¬
1147 2769 2088 2825 ein bescheidener, unbedeutender Mensch gewesen.
166 2785 1138 2849 den jedesmal so beliebten Schwamm auch über
2095 2801 3070 2878 freudigste, entwicklungsfähigste Schauspieler ist,
1141 2810 2096 2884 Der Puppenspieler hat ihn stets verachtet, hat
165 2823 1126 2900 diese Geschichte. Es ist also nur zu begreiflich,
2095 2842 3070 2917 den wir jetzt an der Burg hatten. Herr
1137 2855 2098 2913 einmal ein Mädchen beredet, daß es sich für einen
168 2876 1139 2943 weimn man in einer Stadt, in der die Gesinnungs¬
2105 2880 3065 2952 Schmidt war im ersten Stück der Weihgast,
1146 2899 2096 2955 Sommerabend in den armen Musikanten verliebt
164 2927 1137 2987 lethargie so chronisch geworden, dem Publikum,
2096 2920 3069 2996 keineswegs von so durchscheinendem Humor wie
1146 2947 2106 3006 stelle. Der bescheidene, unbedeutende Freund
164 2960 1134 3026 den heimischen Dichtern und der lokalen Presse
2102 2973 3072 3044 Bassermann, aber eindringlich genug. Herr
1136 2982 2106 3052 sollte das Glück der Weiberzärtlichkeit kennen
176 3002 1133 3066 einfach alles bieten darf. Und geraten heute, nach
2102 3022 3070 3089 [Treßler versah es in beiden Stücken; als
1153 3027 2094 3087 lernen, es aus des Puppenspielers Händen emp¬
177 3050 1135 3112 dem Artur Schnitzler=Abend, den wir gestern
2102 3062 3076 3140 Florian in den „Letzten Masken“, wie als Egon
1139 3069 2097 3130 fangen. Nun findet er nach Jahren das Mädchen
174 3091 1139 3155 sahen, einige ins Staunen, warum denn dieser
2112 3091 3072 3174 in der „Literatur“. Der Florian ist keine solche
1140 3114 2093 3184 als die Frau des Verachteten, findet den kleinen,
186 3136 1132 3199 Dramatiker so glatt von unserer Bühne ver¬
2109 3137 3072 3214 Marionette, und der Clemens kein Gigerl aus
1154 3159 2104 3220 unbedentenden Jugendgenossen als Gatten, als
169 3186 1129 3245 schwunden ist, so sei hiermit an die Vorgänge von
2108 3183 3082 3271 den Pschütt=Karikaturen. Frau Retty war als
1148 3201 2094 3262 Vater, glücklich und im Gleichgewicht des Lebens.
177 3228 1132 3296 damals erinnert, die beweisen, daß wir uns in
2732 3231 3044 3311 Felix Salten.
2102 3244 2552 3321 Margarethe reizend.
1153 3246 2104 3310 Wohl hat er hier ein Menschenschicksal bestimmt.
174 3256 1132 3334 Wien unsere besten und frischesten Kräfte er¬
1144 3291 2116 3366 Aber die Triebkraft des Daseins schlug Wurzel
177 3308 1133 3384 sticken lassen, ohne auch nur empfindlicher darauf
1138 3337 2106 3404 und das duftendste, üppigste Laubwerk des
173 3367 423 3430 zu achten.
1153 3367 2109 3442 Lebens schoß aus jener Laune eines Sommer¬
215 3377 1149 3461 Gestern hörte man, in einer Wohltätigkeits¬
1145 3430 2119 3479 abends empor. Außerdem: der Puppenspieler
186 3442 1146 3501 vorstellung im Carl=Theater zugunsten des
199 3448 2118 3549 Ersten öffentlichen Kinder=Krankeninstituts, das hat an jenem Abend abnunaslos an den gerina¬
