3296 4256
1363 195 1828 284 box 34/9
142 204 1222 296 15. Der Puppenspieler
1340 528 1925 604 „DER PLENNV‘
447 539 682 617 Seite 28.
1635 648 2855 728 in das 440 Personen fassende Theaterchen zu zwängen.
396 675 1627 742 riens, ist gekommen und schreitet unter Tücherwinken
1637 701 2851 763 Endlich eröffnete folgender Befehl des Nowo-Nikola¬
402 721 1612 785 und Begrüßungstosen ihrem Ehrenplatze zu. Erst der
1639 753 2866 823 jewsker Militärkommandos einen Ausweg: „Das Regiment
406 788 1615 841 Taktstock des Kapellmeisters macht dem Jubel ein Ende,
1645 821 2867 869 X besucht heute das Theater, und zwar: 1. Bataillon
407 830 1625 891 den das Erscheinen dieser wundervollen Frau ausgelöst
1647 848 2865 907 den ersten Akt, 2. Bataillon den zweiten und 3. Bataillon
401 865 1630 928 hat, deren Werk und Wirken aber von jenen Tausenden
1641 902 2863 958 den dritten Akt.“ Auf diese Art konnte der Vollzug des
405 930 761 1004 gefühlt wurde.
1651 941 2877 1012 Befehles gemeldet und die gewünschte Volksaufklärung
495 972 1623 1037 Szene um Szene geht vorüber; überlegen und
1644 1003 2456 1074 als durchgeführt angesehen werden.
412 1013 1632 1086 sicher, dank der vielen Proben, mimen die jungen Leute
417 1072 1619 1141 da oben ihre Aufgaben, ohne Souffleur und ohne Inspi¬
406 1136 1639 1177 zienten (der militärische Einschlag kommt diesem kleinen
1888 1122 2644 1213 Weihnachts-Erinnerungen.
407 1165 1551 1230 theatralischem Staatswesen zweifellos sehr zugute).
1894 1208 2635 1277 Von Franz Lang, Mistelbach. (Schluß.)
520 1214 1643 1276 Einen Sondererfolg holte sich in -den-„Letzten
408 1260 1645 1325 Masken“ der Darsteller des Florian Jackwerth, Leutnant
1754 1275 2868 1327 Und wieder kamen Weihnachten, Weihnachten 1917.
419 1308 1635 1378 Dr. Sch., auf dessen Entdeckung ich besonders stolz
1657 1326 2867 1380 Das Revolutionsjahr war vorbeigegangen und hatte
418 1359 1633 1433 bin. Mir fehlte nämlich im ständigen Ensemble ein guter
1652 1365 2871 1423 vieles geändert. Was einst glänzte und regierte, das lag
417 1420 1640 1479 Vertreter für diese Rolle, und so ging ich unter der
1661 1418 2877 1482 in Staub und Kot und an der Spitze standen neue
423 1457 1627 1531 Führung des zuständigen „Kunstreferenten“ ins benach¬
1661 1465 2874 1530 Männer aus dem Volke. Ein erschütterndes Ereignis in
417 1518 1638 1576 barte Lager, dort nach einem „A. G.-Spieler“ Ausschau
1666 1512 2882 1576 der Weltgeschichte, für mich aber ohne Interesse! Denn
422 1571 1638 1626 zu halten. In einer Barackenecke fand ich, was ich
1666 1563 2876 1627 auch Revolution und der Umsturz haben an den Ver¬
417 1622 1637 1674 suchte, dem Aeußeren nach: eine dürre, schlanke
1662 1599 2882 1686 hältnissen nichts geändert, unter denen ich litt. Vieles
426 1657 1649 1728 Gestalt mit bleichem, abgezehrtem Gesicht, unrasiert
1670 1683 2892 1727 wurde anders, nur eines blieb das Alte: „Ich war noch
427 1703 1649 1780 und die großen, glühenden Augen beschattet von einem
1665 1703 2885 1774 immer Kriegsgefangener, noch immer ohne Aussicht auf
430 1751 1651 1825 wirren, schwarzen Haarschopf, der, unbekannt mit
1671 1760 2880 1827 baldige Heimkehr und noch immer von dem Wunsche
432 1807 1642 1873 Kamm und Bürste, regellos ins Gesicht fiel. „Das ist
1667 1822 2879 1878 beseelt, wieder freier Mensch zu werden, mit Pflichten,
430 1876 1643 1924 mein Mann!“ rief ich aus, „hier sitzt der Florian Jack¬
1670 1858 2888 1920 aber auch mit Rechten“. Die Revolution war auch an
436 1908 1632 1977 werth, wie ich ihn mir denke ... „Ausgeschlossen,“
1668 1905 2880 1969 mir nicht ganz spurlos vorüber gezogen. Nach langem
434 1968 1653 2020 erwiderte mein Begleiter, den kriegst du nicht aus
1672 1955 2892 2026 Herumwandern in Lagern und auf Arbeitsplätzen hatte
424 2026 1654 2080 seiner Ecke hervor, schwer pathologisch durch die
1672 2005 2896 2069 ich knapp vor unseren Weihnachten bei dem russischen
426 2068 1658 2126 Gefangenschaft!“ Na, ich bekam ihn doch, und nach
1672 2070 2882 2119 Bauern Trifon Matwej Astachow in dem Dorfe Hutry
438 2100 1659 2171 einigen Proben war der Kamerad so eifrig bei der
1676 2114 2883 2170 Arbeit gefunden. Außer mir waren noch einige öster¬
438 2141 1659 2215 Sache, die ihm außerordentliches Vergnügen machte,
1674 2166 2897 2216 reichische Plenny in diesem Dorfe bei anderen Bauern
442 2207 1659 2268 daß er Gefangenenelend und Mysogyne vollkommen vergaß
1684 2201 2896 2271 auf Arbeit. Drei davon beherrschten die deutsche Sprache.
443 2249 1653 2318 und ihm nur eines großen Schmerz bereitete, mein
1685 2270 2900 2317 Wir beschlossen, den kommenden heiligen Abend zu
439 2308 1661 2366 strikter Befehl nämlich, sich ja nicht zu rasieren oder
1683 2295 2904 2364 feiern und, von der Heimatsitte etwas abweichend, unter
430 2345 1667 2425 gar die Haare schneiden zu lassen. (Nacheseinem greßen
1687 2352 2896 2411 dem Lichterbaum wirklich wieder einmal lustig zu sein
446 2401 1657 2456 Erfolge am Abend wollte er gern auch andere Rollen
1680 2419 2904 2462 und einige Stunden Vergangenheit und Zukunft zu
439 2440 1654 2501 spielen, aber er konnte leider nur die eine, war nur
1680 2452 2908 2507 vergessen. Als uns ein Bauer, der selbst seine Söhne in
440 2501 876 2566 Florian Jackwerth.)
1685 2493 2891 2566 Osterreich kriegsgefangen hatte, noch dazu ein ge¬
545 2543 1655 2601 Mäuschenstill ist es im Zuschauerraum. Froh und
1687 2540 2903 2608 räumiges Zimmer zur Verfügung stellte, da war die Sache
445 2601 1658 2649 dankbar glänzen die Augen der Gäste, und in über¬
1683 2591 2893 2662 besiegelt und die Vorbereitungen konnten beginnen.
445 2649 1665 2711 triebener Freude geben sich alle der Heiterkeit des
1680 2637 2889 2706 Bezüglich des Programmes war ich mit allem einver¬
439 2683 1655 2754 letzten Lustspieles hin. Wenn zum letztenmal der Vor¬
1693 2699 2901 2760 standen, was meine Kameraden vorschlugen. Es sollte
449 2742 1670 2807 hang fällt und eifrige Hände im wieder und immer
1686 2757 2908 2805 lustig werden und, dem russischen Sinne entsprechend,
451 2796 1661 2853 wieder teilen, um den Jubel da unten zu quittieren, so
1691 2789 2902 2865 etwas zeremoniell. Fast das ganze Dorf war neugierig
1696 2850 2915 2900 uns viele ersuchten uns, ob sie auch teilnehmen dürften
450 2839 1666 2911 hat man das Gefühl, daß es gelang, auf ein paar Stunden
449 2884 1528 2951 alles Elend, allen Jammer vergessen zu machen.
1706 2885 2915 2958 an dieser Feier, was wir natürlich erlaubten unter der
1687 2939 2914 3000 Bedingung, daß sie uns eine Kleinigkeit an Lebensmitteln
731 2941 1408 3009 Jedes Bataillon einen Akt.
1700 2996 2906 3045 beisteuerten. Kamerad Fuchs (heute in Wien Fachlehrer
550 3002 1673 3082 Was aus all dem geworden ist? Vor der an¬
1690 3034 2915 3106 für Textilindustrie), sorgte für das Schmücken des
457 3045 1671 3130 gekündigten Auflösung des Lagers wanderten Er¬
1704 3095 2920 3162 Baumes, Zubereitung des Festmahles usw. Den
456 3114 1689 3166 innerungszeichen in die Stadt zu den kunstfreundlichen
1699 3128 2919 3201 musikalischen Teil hatte ich mit einer Ziehharmonika
450 3163 1680 3222 Einwohnern als Schmuck und Gedenken; die Bühne
1693 3180 2915 3243 zu besorgen, und für die Festrede, welche in russischer
459 3202 1682 3268 aber und seine Kulissen wurden von den inzwischen
1697 3248 2922 3297 Sprache gehalten werden sollte, war Kamerad Stefan
463 3258 1671 3310 eingerückten Bolschewiken „nationalisiert“ das heißt,
1695 3277 2924 3354 (heute in Wien), ausersehen, da er am besten russisch
465 3310 1695 3366 es spielten, solange noch ein Papierrest an unseren einst
1714 3338 2913 3396 sprechen konnte und als ehemaliger „Wagenwascher“
460 3365 1679 3415 so sorgsam behandelten Kulissen zu sehen war, irgend¬
1707 3393 2919 3437 den nötigen Mutterwitz besaß; aber nicht nur das,
466 3417 1692 3461 welche Vereine, Schulen und Gewerkschaften russisches
1713 3422 2926 3497 sondern es wurde ihm nachgesagt, daß er auf Wunsch
463 3443 1695 3507 Theater, ohne viel Vorbereitungen, ohne Proben, so daß
1707 3476 2921 3538 bitterlich weinen oder auch herzlich lachen konnte, ohne
469 3497 1684 3553 es wohl vorkam, daß ein Darsteller mitten auf der
1704 3517 2923 3588 sein Gemüt dabei zu erregen. Die anderen Plenny
468 3555 1686 3608 Szene seine Rede unterbrach, in den Souffleurkasten
1715 3571 2923 3637 waren nur unsere Gäste und hatten weiter keine
462 3603 1690 3663 langte und vor den Augen des Publikums im Soufflier¬
1703 3642 2927 3688 Funktionen... So kam der Abend des 24. De¬
472 3660 1699 3709 buch nachsah, wie es denn weiterginge. Schließlich
1712 3669 2930 3752 zember 1917. Um 7 Uhr abends versammelten sich
474 3701 1696 3759 ordnete ein allgemeiner Befehl des Moskauer Kommissariats
1710 3717 2937 3783 die Plennys bei mir und von hier aus marschierten wir
474 3756 1698 3818 für Volksaufklärung an, daß jeder Soldat der Garnison
1717 3766 2936 3837 mit Musik und Gesang zur letzten Weihnachtsicier im
472 3789 1702 3858 zu Bildungszwecken zweimal im Monat das Theater
1715 3836 2927 3883 Russenland. Es war ein eigentümlicher Anblick als wir
464 3851 1691 3909 besuchen müsse. Der mit der Durchführung dieser Ver¬
1712 3863 2935 3936 in der sternenklaren, bissigkalten Winternacht bei den
480 3893 1702 3957 ordnung betraute Kommandant schüttelte erst verzweitelt
1724 3925 2946 3984 Klängen des „Deutschmeistermarsches“ durch das Dorf
480 3939 1699 4007 den Kopf, denn bei der Riesenstärke der militärischen
1720 3976 2945 4038 zogen, begleitet von der russischen Bevölkerung.
479 3999 1697 4052 Besatzung (über ein Armeekorps) war es technisch
1726 4012 2939 4102 Beim „Festlokal“ angelangt, strömte und drückte
482 4057 1709 4107 undurchführbar, diese Soldatenmenge zweimal im Monat
