3392 4352
139 240 1211 342 10. Der Puppenspieler
242 1138 1039 1261 J0100 Teiephon 12801
288 1258 1428 1334 Alez. Weigls Unternehmen für Zeitungs-Ausschnitte
476 1349 1223 1436 „UBSERVER“
284 1452 1421 1535 L. österr. behördl. konz. Bureau für Zeitungsberichte u. Personalnachrichten
474 1510 1235 1586 Wien, I., Concordiaplatz 4.
712 1577 1014 1643 Vertretungen
292 1637 1408 1702 In Berlin, Budapest, Chicago, Genf, London, New-York,
289 1677 1400 1752 Paris, Rom, Mailand, Stockholm, Christiania, St. Petersburg.
571 1729 1122 1792 (Quellenangabe ohne Gewähr.)
276 1807 1483 1931 Ausschnitt aus:Bünchner Neueste Wachrier
278 1895 768 1985 vom: 2l. 72. 1
349 2015 1290 2070 B-r.Wiener Theater. Ein zu wohltätigem Zweck
307 2052 1279 2106 im Cärl=Theater von Burgschauspielern ver¬
321 2098 1276 2157 unstalteter Artur=Schnitzler=Abend erwies
322 2146 1276 2210 sich auch für die Literatur sehr wohltätig. Denn so
330 2191 1275 2242 kam die feine, bald schwermütige, bald lustige Ironie
333 2220 1274 2292 sunseres ersten Wiener Poeten endlich einmal wieder
330 2261 1279 2308 kauf einem Wiener Theater zum Wort. Nichts kann
325 2297 1282 2357 die Verlotterung unseres Theaterlebens greller beleuch¬
332 2341 1287 2391 ten, als daß das Burgtheater an seinem be¬
334 2381 1282 2426 rufenen Dichter gleichgültig vorübergeht, und daß die
340 2427 1282 2473 intime, besonders im Einakter schlechthin vollendete
331 2461 1277 2516 Kunst Schnitzlers bei uns überhaupt keine Stätte
336 2507 1277 2558 hat. Der „Puppenspieler“, der vor Jahren ge¬
343 2543 1287 2603 schrieben wurde, kam zum ersten Male in Wien zur
340 2578 1297 2637 Aufführung. Die stark novellistische Studie ist fast
336 2631 1284 2681 tiefsinnig in der Idee und ganz außerordent.ich in der
341 2676 1285 2730 sicheren Kraft, mit der sie die Stimmung festhält und
347 2702 1279 2767 die Charaktere mit ein paar Strichen zeichnet. Herr
324 2746 1299 2824 Jarno brillierte in ihr; hoffentlich nimmt er als
340 2813 1287 2888 Direktor auf seinen besten Schauspieler Rücksicht und
325 2849 1271 2941 rettet die nachdenkliche Arbeit in die literarischen oder
348 2890 1284 2958 auch urtterärischen Abende d#s von ihm geleiteten
340 2943 1288 3006 Theaters. — Im übrigen gab es auch nach ven beiter
342 2975 1288 3038 andren Gaben des Abends: den „Letzten Mas¬
344 2995 1295 3078 ken“ und der „Liieratur“ aus den „Lebendi¬
349 3019 1304 3123 gen Stunden“ sehr lebhaften Beifall, trotzdem
340 3088 1301 3164 die Darstellung der Burgschauspieler beträchtlich
345 3119 1294 3194 unter jener des Brahmschen Ensembles aus
355 3158 1298 3233 Berlin stand. Nun ist der Abend vorüber, und wir
349 3197 1307 3279 können wieder warten, ob und wann uns die Berliner!
354 3247 1299 3319 wieder einmal Schnitzler spielen. Und so geht es allen
351 3277 1310 3365 Könnern in Wien: die „Elektra“ von Hof¬
352 3321 1312 3406 mannsthal hat Reinhart in Berlin schon
354 3362 1321 3448 hundert volle Häuser gebracht — wir kennen sie noch
365 3406 1313 3484 nicht. „Die Herzmarke“ Philipp Lang¬
368 3448 1311 3530 manns stärkstes Werk, studieren sie im „Königlichen
376 3484 1321 3551 Schauspielhaus“ — in Berlin. Welche Rabenmutter
372 3517 1323 3592 ist Wien für alle Talente, die seinem kunstgesegneten
373 3582 1272 3654 Schoße entsprießen! Ein Schnitzler=Abend! ...
1367 232 1815 320 box 34/9
1660 1450 2018 1564 kWenC
2138 1546 2526 1628 Telephon 12801.
1764 1627 2890 1713 Alex. Weigls Unternohmen für Zeilungs-Ausschnitte
1949 1699 2699 1822 „OBSERVER“
1773 1824 2884 1908 L. österr. behördl. konz. Bureau für Zeltungsberichte u. Personalnachrichten
1946 1891 2713 1969 Wien, I., Concordiaplatz 4.
2186 1956 2474 2019 Vertretungen
1763 1997 2875 2072 in Berlin, Budapest, Chicago, Genf, London, New-Vork,
1769 2043 2872 2127 Paris, Rom, Mailand, Stockholm, Christiania, St. Petersburg.
2040 2092 2608 2169 (Quellenangabe ohne Gewähr.)
1760 2173 2245 2266 Ausschnitt aus:
2003 2231 2805 2332 8. 12. fscinzer Tagespost
1753 2290 1960 2352 vom:
1798 2400 2858 2481 Zu einem wohltätigen Zwecke wurde am 2. d. M. im Carl¬
1693 2457 2863 2516 Theater ein Schnitzler=Abend gegeben, und zwar zu den in
1682 2494 2847 2559 Linz durch ein Burgtheater=Gastspiel bereits bekannt gewordenen Ein¬
1684 2544 2843 2599 aktein: „Die letzten Masken“ und „Lter#tur“ ein neuer Einakter:
1685 2585 2851 2628 „Der Puppenspieler“, das ist ein durch Unglück einsam gewordener
1680 2614 2851 2676 Schriftsteller, dem die Freiheit von allen Banden als höchstes gegolten.
1679 2644 2842 2708 Er hat mit Menschen wie mit Puppen gespielt. Ein Mädchen, das
1674 2698 2852 2751 ihm gut gewesen, hat er mit einem jungen Musiker verheiratet. Nun
1679 2732 2836 2792 betrachtet der nach vielen Jahren der Verschollenheit wieder Auf¬
1675 2766 2836 2828 ##chende das Glück der beiden. Die Titelrolle spielte Direktor Jarno.
1672 2800 2847 2872 „Ihm sekundierten“, schreibt Fudes=Talab, „mit viel Feingefühl und
1675 2851 2840 2910 Stimmung die Mitglieder seiner Bühne Claar und Frida Wagen,
1681 2881 2853 2941 verehelichte Gräfin Hohenthal.“ Die beiden anderen Einakter wurden
1682 2911 2586 2992 von Burgschauspielern dargestellt. Es gab viel Beifall.
