3392 4352
455 153 1458 194 Innere hineinhorchenden besignation, mit dem matt
451 179 1474 238 schimmernden Reiz seiner geistigen Anmut, mit
445 223 1466 283 seinem heimlichen Spott, der zuletzt auch noch über
433 265 763 323 sich selbst lacht.
532 311 1468 371 Da gibt es Menschen, die neugierig so lange er¬
433 363 1462 407 fahren wollen, was es mit dem Leben eigentlich ist, bis
438 409 1467 454 sie neben dem Leben, irgendwo am Wege, vergessen
435 459 1461 516 liegen bleiben. Puppenspieler, die wirklich glauben,
428 495 1474 554 daß man mit dem Leben, mit Menschen und ihren
430 550 1471 594 rätselvoll wirren Schicksalen ungestraft wie mit
433 593 1471 637 gehorsam=sicheren Puppen spielen dürfe; und eines
437 637 1466 679 Tages erwachen sic, eingemauert in der großen
439 674 1462 728 Einsamkeit, und wissen nur — aber dann ist es zu
424 726 1468 765 spät —, daß keiner vom andern weiß, daß sie keinen
436 765 1468 820 erkannt haben von den vielen, denen sie die Hand
433 826 1461 870 gereicht, daß nicht einmal der Liebe die Kraft
437 852 1464 896 innewohnt, einen Menschen dem andern aufzuschließen.
529 902 1470 961 Wir alle sind nur Puppen, und der einzige, der
438 950 1463 995 wirkliche Puppenspieler ist das Leben, und wer es
433 992 1475 1047 unternimmt, ihn betrügen zu wollen, betrügt sich
436 1036 927 1103 selbst am furchtbarsten.
540 1084 1466 1141 Von dem leisen Glanz, von der zerbrechlich gleich
436 1127 1456 1194 einem müden Falter bei Sonnenuntergang schillernd
426 1184 1458 1244 vorüberschwebenden Grazie dieses Stückes blieb bei der
433 1219 1459 1289 Aufführung nicht viel übrig; der Regisseur Herr
433 1268 1455 1336 Rosenthal versagte. Er läßt Schnitzler so spielen.
421 1310 1459 1371 als würde es sich um einen Leichenbitter von Ibsen
432 1364 1463 1426 oder Strindberg handeln. Herr Onno als Puppen¬
433 1411 1463 1474 spieler exzediert wieder in seinem gewaltsam¬
438 1464 1460 1521 modulierenden Sprechgesang, Herr Nowotny be¬
432 1499 1458 1544 schränkt sich darauf, seine Stichworte korrekt aufzu¬
438 1551 1467 1628 sagen. Fräulein Trebitsch verdirbt wenigstens
434 1592 592 1668 nichts.
709 1633 1191 1715 II. Der grüne Kakadn.
521 1677 1454 1757 Das Stärkste, Mächtigste, was wir Schnitzler
424 1752 1456 1800 an dramatischen und theatralischen Eindrücken ver¬
433 1798 1455 1857 danken. Eine in den Einzelfiguren genial kontra¬
427 1833 1460 1902 punktierte, schließlich wild und blutrot aufflammende
429 1886 1454 1934 Symphonie der namenlosen Masse, ein aufwühlender
435 1928 1449 1992 Zustand letzter Erregung, Verstörung und Raserei.
437 1984 1451 2050 Eine ungeheuer lebendig gebliebene Vergangenheit, ein
426 2027 1457 2106 Feuer, aus dem noch gefährliche Funken in das
442 2068 1454 2145 Pulverfaß unsrer Gegenwart überspringen könnten.
526 2133 1457 2193 Das ist aber bei dieser Aufführung kaum zu
420 2170 1461 2237 besürchten. Statt eines atembeklemmenden Taumels
433 2219 1455 2277 entfesselte der Regisseur nur leeren, atemlosen
435 2267 1448 2339 Tumult. Es wird schrecklich viel gebrüllt und ge¬
434 2313 1461 2387 suchtelt, Scheiben geben klirrend in Trümmer, eine
438 2360 1452 2429 Pistole wird abgeschossen, und doch ist keine Spur
430 2401 1454 2481 davon zu merken, daß diese Groteske voll tragischer
422 2448 1460 2522 Schauer am Abend des 14. Juli 1789 spielt, daß
431 2489 1459 2563 irgend etwas unaufhaltsam Heranrückendes in der
432 2558 1452 2614 schwül geladenen Atmosphäre grollt, lauert und droht.
418 2593 1453 2678 etwas Ungeheures und bestialisch Ungeheuerliches:
420 2649 861 2695 die Revolution.
521 2690 1439 2763 Schade um den kostbaren Grain des Herrn
431 2733 1447 2793 Homma, schade auch um den interessanten, überaus
429 2792 1443 2854 anregenden Cadignan des jungen Schildkraut.
729 2835 1154 2904 Il. Komtesse Mizi.
505 2892 1445 2948 Das ist vielleicht das einzige von den drei
431 2938 1447 3002 Stücken, bei dem man ein merkwürdiges Gefühl
431 2980 1441 3051 nicht los werden kann: nicht als ob diese arglos bissige
430 3024 1431 3094 Satire bereits gealtert wäre, doch sie scheint aus einer
429 3070 1433 3136 andern, gewissermaßen prähistorischen, mehr lächer¬
430 3128 1427 3197 lichen als lustigen Welt, die uns heute nichts, rein gar
435 3177 1433 3236 nichts mehr angeht. Es ist wie eine vage Erinnerung an
426 3221 1437 3294 Stunden, die einmal sehr schön gewesen sein müsser
427 3264 1108 3334 nur fünnen wir und ne nich
470 3539 536 3619 —
635 3556 1199 3640 Neuea Wiener Tagblatt.
449 3645 1462 3715 damals eigentlich so schön war; so fern, so fremd,
448 3699 1403 3763 so alt sind wir uns inzwischen selbst geworden. ...
544 3717 1466 3806 Aber dafür spielt Herr Homma den Grasen
447 3779 1459 3873 Pazmandy mit seiner diskret ungezwungenen und
459 3827 1466 3903 daher so zwingenden Komik und seinem breiten,
469 3870 1466 3953 saftigen, immer aus den lebendigen Tiefen der
455 3902 1471 4000 Menschlichkeit quellenden Ton Sehr erfrischend, echt
466 3968 1464 4042 und amüsant auch Herr Dietz. Fräulein Woiwode
466 4007 1482 4089 ist die Komtesse Mitzi. Die Mitzi glaubt man Fräulein
465 4064 1424 4146 Woiwode ohne weiteres, die Komtesse weniger.
926 4096 1438 4183 Dr. Moriz, Scheper.
1781 935 2583 1030 Theater= und Kunstnachrichten.
1668 1010 2771 1069 „[Deutsches Volkstheiter.] Drei der reizvollsten
1609 1048 2784 1114 drämatischen Miniaturen ArtückSchchitzlers sind, neu ein¬
1609 1097 2773 1147 studiert und in Szene gestellt, zuzeinem Schnihlek=Abend dieser
1606 1134 2776 1189 Bühne verbunden worden das zar#eseelische Pastell „Der
1608 1184 2780 1242 Puppenspieler“, das farbenübershrüht Revolutionsgemälde „Der
1610 1232 2783 1278 grüne Kakadu“ und das heitere Wiener Aquarell „Komtesse
1613 1269 2776 1327 Mizzi“ Man wird bei jeder neuen Betrachtung Schnitzlerscher
1615 1309 2778 1354 Werke stets auf das Malerische darin zurückgeführt. „Der
1613 1343 2770 1417 Puppenspieler“, dem man schon seit Jahren irgendwo auf
1600 1391 2776 1454 Lunseren Bühnen begegnete, ist eine solche wienerisch stille Studie,
1600 1433 2775 1494 aus deren Versonnenheit Lichter des Dramatischen zucken. Wie
1601 1487 2776 1530 ein dem bürgerlichen Treiben eutfremdeter, abseits seine Straße
1597 1517 2771 1583 ziehender Mann, der mit Menschen wie mit Puppen spielt,
1603 1581 2772 1629 in das Haus von Jugendfreunden tritt und Verwirrung, Auf¬
1601 1598 2768 1662 klärung, Schicksale erweckt — das ist hier das ganze Geschehen.
1607 1652 2769 1706 Aber das Nichtgesagte, das nie Geahnte darin und dazwischen
1614 1689 2774 1743 geben diesem abgetonten Dialog Farbe und innerliches Leben.
1614 1727 2778 1783 Fräulein Trebitsch hat als Anna ihr Temperament für die
1622 1776 2785 1827 Figur glücklich gebämpft, Herr Onno läßt es als der Ein¬
1619 1822 2772 1872 siedler Merklin nicht ebenso glücklich öfters, ein wenig krampf¬
1612 1856 2785 1905 haft, hervorzündeln. Erst als der leidenschaftliche Minne und
1613 1891 2773 1947 Liebhaber Henri im „Grünen Kakadu“ war er völlig an seiner
1619 1937 2784 1993 für seelische und szenische Emotion bestimmten Stelle. Im
1608 1989 2784 2037 Deutschen Volkstheater hat diese meisterliche Komödie mit ihrem
1603 2015 2785 2079 in einen Akt geballten glühenden Atem und dem fabelhaften
1609 2074 2779 2118 dramatischen Kreszendo zum Schluß jetzt manche Bereicherung
1612 2109 2775 2167 erfahren, besonders durch Herrn Schildkrauts bildmäßig
1606 2152 2773 2204 soignierten Herzog. Herr Homma ist einer der humorvoll
1611 2186 2805 2246 echtesten Stvolche, die je, hier oder in Paris, um das graue
1725 2466 1999 2546 Nr. 19952
2397 2463 2718 2549 Wien, Sonntag
2237 2498 2366 2572 —
1688 2565 2878 2624 Haus gestrichen sind. Der feinfühligen Regie des Herrn Rosen¬
1697 2622 2876 2673 thal ist zu bedeuten, daß in den schildernden Partien
1690 2654 2860 2714 das Tempo zu beschleunigen oder zu kürzen wäre — so ungern
1694 2705 2848 2758 man hier ein Wort vermißt. „Komtesse Mizzi“ wirkt jetzt schon
1688 2752 2849 2806 fast mit dem Reiz des Alt=Wiener Kolorits — man ist immer
1687 2772 2853 2839 überaus erfreut, wenn man Artur Schnitzler irgendwo auf
1698 2827 2811 2883 einem Wiener Weg begegnet. Fräulein Woiwode fehlt fü
1696 2869 2853 2912 die kostbare Komtesse Witz und gesellschaftliche Bosheit, die
1697 2904 2855 2956 Herrn Homma genügend, Herrn Iwald nur blaß zu Gehote
1687 2945 2856 2993 steht. Der stürmische, einer Ovation gleichende Beifall, zumal
1693 2991 2849 3043 nach dem Revolutionsdrama, mochte dem Dichter sagen, wie viel
1690 3034 2142 3095 er dem Publikum gilt
2173 3042 2844 3092 als eines der feinsten Kulturbesitz¬
1683 3076 2109 3145 tümer unserer Stadt.
2906 1688 2952 1718 —
2919 1573 2974 1661 2.
