3344 4352
158 312 1253 419 10. Der Puppenspieler
1395 300 1845 401 box 34/9
2004 189 3023 224 Daran erinnert uns der Freund, deshalb haben wir ion
2012 225 3021 285 gern; Assoziation. (Wie denn „Treue“ nur gutes Gedächtnis
2017 277 3036 326 ist.) Also zwei Freunde. Sie haben sich zehn Jahre nicht
2010 316 3035 371 gesehen, nun aber, da sie sich zufällig begegnen, sind sie
1996 343 3036 432 gerührt. Wenigstens der eine, Herr Eduard Jagisch, der in
2002 399 3038 453 der Oper Oboe spielt. Wir merken bald, daß der Dichter
2004 451 3028 495 in ihm den schlichten Mann gezeichnet hat. Er ist ver¬
2002 493 3034 553 heiratet, er hat ein Kind, er scheint gefühlvoll, wohni weit
2015 543 3031 597 draußen vor der Stadt, fast auf dem Lande, obwohl das
2014 600 3034 638 „manchmal seine mißlichen Seiten hat"; und — und er
2008 628 3039 680 wagt es, sich glücklich zu nennen, „vollkommen glücklich,
2017 676 3039 734 schattenlos glücklich“, da selbst „der Tod nichts mehr
2018 719 3032 774 Schreckliches hat, wenn man einmal Weib und Kind hat,
2017 768 3039 820 die einen beweinen werden“. Wir begreifen, daß er mit
2008 821 3028 866 seinem Behagen den anderen ein bißchen nervös macht.
2006 869 3038 919 Dieser, Herr Georg Merklin, ist nämlich keineswegs schlicht.
2004 902 3032 965 Wir merken bald, daß er zu den paar Menschen gehört,
2013 952 3038 1008 denen es weniger darauf ankommt, im Leben etwas zu
2013 1000 3046 1050 sein, als zu erfahren, was es denn eigentlich mit dem
2011 1046 3039 1097 Leben auf sich hat, und denen ihr Schicksal fast nur wie
2005 1098 3039 1146 ein Experiment ist, um daran die Probe auf ihre Gedanken
2015 1140 3035 1200 zu machen. Er hat in seiner Jugend gedichtet, man erwartete
2015 1181 3024 1242 damals, er würde etwas Großes werden. „Wer sagt dir,“
2004 1220 3036 1288 antwortete er dem Freunde, der ihn daran erinnert, „daß
2015 1273 3043 1323 ich es nicht geworden bin? Müssen es denn die anderen
2017 1323 3035 1380 merken? Wenn du heute deine Oboe verkauftest oder wenn
2011 1365 3045 1426 deine Finger und Lippen gelähmt würden, daß du nicht
2011 1413 3030 1469 mehr blasen könntest — wärest du ein geringerer Virtuose
2014 1450 3032 1529 als zuvor? Oder nimm an, du hättest keine Lust mehr und
2014 1499 3033 1567 wirfst sie einfach zum Fenster hinaus, deine Oboe,
2010 1553 3036 1614 weil ihr Klang dir nicht genügt — wärst du
2006 1599 3034 1661 dann kein Künstler mehr? Oder wärst du es nicht
2015 1641 3031 1700 vielmehr erst recht, wenn du es zum Fenster hin¬
2011 1699 3033 1749 untergeworfen hättest, dein Instrument, das so
2010 1730 3044 1788 ohnmächtig ist im Vergleiche zu der göttlichen Musik in
2008 1779 3045 1847 deinem Hirn? . .. Nun, ich habe sie zum Fenster hinn#er¬
2006 1831 3037 1900 geworfen, meine Oboe. Die Dummköpfe haben aus¬
2006 1864 3042 1940 geschrien: Es fällt ihm nichts ein! Ich lasse sie schreien.
2014 1932 3038 1981 Dem wahren Künstler kann nie etwas einfallen, denn er
2004 1968 3045 2026 hat alles in sich — er hat die innere Fülle. Das ist es,
2015 2022 3041 2072 darauf kommt es an.“ Man denkt an Ulrik Brendel, von
2015 2066 3038 2120 dem es wörtlich ebenso heißt, daß „die Welt früher einmal
2011 2104 3048 2159 etwas Großes von ihm erwartete“, und aus dem dann auch
2012 2151 3040 2207 nur ein spöttischer Vagabund geworden ist, aber immer
2009 2192 3044 2263 noch stolz auf seine Werke, die kein Mensch kennt, weil sie
2010 2237 3035 2306 gar nicht geschrieben sind, sondern nur von ihm allein in
2007 2290 3046 2355 Gedanken und Gesichten genossen, und den Rosmer so
2015 2327 3045 2400 beneidet, weil er „wenigstens den Mut hat, das Leben
2013 2384 3040 2432 nach seinem eigenen Kopfe zu leben“. Freilich um den
2006 2425 3031 2503 Preis, verschollen zu sein. Aber was liegt daran? Merklin
2008 2475 3038 2535 sagt: „Ich versichere dir, es tut gar nicht weh, verschollen
2010 2532 3048 2581 zu sein. Und ich glaube nicht, daß Menschen meiner Art
2006 2566 3030 2636 überhaupt etwas Besseres zustoßen kann. Denn Menschen
2017 2614 3038 2668 von seiner Art gelingt es nicht mehr, sich vom Leben
2015 2654 3028 2726 düpieren zu lassen, und hat man dies einmal verlernt, was
2009 2712 3044 2767 bleibt einem noch? „Ruhm? — Zehn Jahre — tausend
2004 2746 3029 2823 Jahre — zehntausend? sag' mir, in welchem Jahre die
2016 2798 3038 2853 Unsterblichkeit anfängt und ich will um meinen Ruhm
2004 2853 3038 2903 besorgt sein. — Reichtum? — Zehn Gulden — tausend —
2010 2890 3039 2949 eine Million? — Sag' mir, um wie viel die Welt zu kaufen
2014 2937 3026 3005 ist, und ich will mich um Reichtum bemühen. Vorläufig ist
2008 2985 3041 3048 mir der Unterschied zwischen Armut und Reichtum, zwischen
2007 3029 3043 3088 Dunkelheit und Ruhm zu gering, als daß es sich mir
2003 3086 3034 3137 lohnte, einen Finger darum zu rühren. Laß mich spazieren
2010 3142 3038 3186 gehen, Freund, und mit Menschen spielen. Das ist das
2014 3173 3024 3219 einzige, was eines Menschen meiner Art würdig ist.“ Er
2020 3214 3026 3273 sagt hier wieder: Menschen meiner Art, und steckt sich von
2007 3254 3032 3320 den anderen ab, um nur nicht im Haufen zu sein, wie es
2005 3321 3033 3363 immer jene drängt, die an einem tiefen Stolze leiden, die
2015 3353 3032 3414 sich zu gut sind, um sich mit halben Erfüllungen abzu¬
2014 3400 3036 3462 finden, die lieber verzichten, als sich zu bescheiden. Alles,
2015 3446 3030 3501 oder nichts, die Losung Brands. Kann ich das Leben nicht
2008 3485 3035 3560 zwingen, mir das zu werden, worauf mein inneres Wesen
2015 3533 3024 3590 steht, so will ich auch seine Gnaden nicht und danke für ein
2008 3577 3029 3639 Glück, das den Hammer einer unerbittlichen Forderung und
2013 3618 3023 3699 des großen Mißtrauens nicht verträgt. Dann lieber in der
2011 3669 3036 3719 Ecke stehen, spöttisch zuschauen und tändelnd spielen,
2010 3718 3029 3769 mit dem Leben und mit den Menschen spielen, wie
2014 3758 3027 3812 mit Puppen, was wahrhaftig, an Lebendigen geübt, ein
2006 3807 3026 3869 edleres Vergnügen ist, als „Luftgestalten im poctischen Tanze
2017 3857 3034 3917 herumwirbeln zu lassen.“ Als solcher „Puppenspieler“ hat sich
2005 3902 3021 3971 Merklin von je gern vergnügt. Auch einst, vor zehn Jahren,
2011 3953 3019 3999 an eben diesem Herrn Jagisch, der jetzt so glücklich ist.
2010 3995 3027 4051 Damals war er das gar nicht, denn er litt, wie solche
2013 4043 3019 4102 schlichte Menschen in der Jugend oft, an Mißtrauen vor
2008 4079 3018 4140 sich selbst. Wie einen Größenwahn, gibt es nämlich, vielleicht
2009 4127 3031 4194 viel öfter als diesen. auch einen Kleinbeitswahn: Mir geht
