<?xml version="1.0" encoding="UTF-8" standalone="yes"?>
<PcGts xmlns="http://schema.primaresearch.org/PAGE/gts/pagecontent/2013-07-15" xmlns:xsi="http://www.w3.org/2001/XMLSchema-instance" xsi:schemaLocation="http://schema.primaresearch.org/PAGE/gts/pagecontent/2013-07-15 http://schema.primaresearch.org/PAGE/gts/pagecontent/2013-07-15/pagecontent.xsd">
    <Metadata>
        <Creator>prov=University of Rostock/Institute of Mathematics/CITlab/Gundram Leifert/gundram.leifert@uni-rostock.de:name=ONB_Newseye_GT_M1+(htr_id=10810)::::v=2.4.2
prov=University of Rostock/Institute of Mathematics/CITlab/Tobias Gruening/tobias.gruening@uni-rostock.de:name=de.uros.citlab.module.baseline2polygon.B2PSeamMultiOriented:v=2.4.2
prov=University of Rostock/Institute of Mathematics/CITlab/Tobias Gruening/tobias.gruening@uni-rostock.de:name=/mnt/transkribus/LA/DEA/URO/LA_news_onb_att.pb:de.uros.citlab.segmentation.CITlab_LA_ML:v=2.4.2
Transkribus</Creator>
        <Created>2019-10-07T12:13:38.086+02:00</Created>
        <LastChange>2019-10-08T21:52:20.082+02:00</LastChange>
        <TranskribusMetadata docId="224044" pageId="9507268" pageNr="30" tsid="16611200" status="IN_PROGRESS" userId="40391" imgUrl="https://files.transkribus.eu/Get?id=QAPTYQJLSQKNZREFEBSIRBWE&amp;fileType=view" xmlUrl="https://files.transkribus.eu/Get?id=AQARDNSVUBFGJDHCOQJNVTFV" imageId="6197004"/>
    </Metadata>
    <Page imageFilename="224044_0030.jpeg" imageWidth="3296" imageHeight="4256">
        <ReadingOrder>
            <OrderedGroup id="ro_1711444441786" caption="Regions reading order">
                <RegionRefIndexed index="0" regionRef="r1"/>
                <RegionRefIndexed index="1" regionRef="r2"/>
                <RegionRefIndexed index="2" regionRef="r3"/>
            </OrderedGroup>
        </ReadingOrder>
        <TextRegion orientation="0.0" id="r1" custom="readingOrder {index:0;}">
            <Coords points="168,195 168,3988 1494,3988 1494,195"/>
            <TextLine id="r1l1" custom="readingOrder {index:0;}">
                <Coords points="160,242 1129,261 1241,247 1242,197 562,164 370,169 295,213 161,167"/>
                <Baseline points="168,219 221,224 274,228 327,232 381,234 434,236 487,237 540,238 594,238 647,239 700,239 753,238 807,238 860,238 913,238 966,238 1020,239 1073,239 1126,241 1179,242 1233,244"/>
                <TextEquiv>
                    <Unicode>10. Der Puppenspieler</Unicode>
                </TextEquiv>
            </TextLine>
            <TextLine id="r1l2" custom="readingOrder {index:1;}">
                <Coords points="249,466 1281,511 1333,482 941,412 812,434 516,390 251,423"/>
                <Baseline points="257,462 310,460 363,458 417,458 470,458 523,459 577,460 630,462 683,464 737,467 790,471 843,474 897,478 950,481 1003,485 1057,489 1110,493 1163,496 1217,499 1270,503 1324,506"/>
                <TextEquiv>
                    <Unicode>Ausschnitte: Montags Journal, Wien</Unicode>
                </TextEquiv>
            </TextLine>
            <TextLine id="r1l3" custom="readingOrder {index:2;}">
                <Coords points="515,546 581,564 619,557 642,571 719,567 730,558 772,572 812,551 813,517 791,524 772,506 728,514 617,500 577,531 516,534"/>
                <Baseline points="522,550 547,551 573,551 598,552 624,553 650,553 675,554 701,555 727,556 752,558 778,559 804,561"/>
                <TextEquiv>
                    <Unicode>00fl 1973</Unicode>
                </TextEquiv>
            </TextLine>
            <TextLine id="r1l4" custom="readingOrder {index:3;}">
                <Coords points="267,559 285,559 296,569 397,573 411,566 427,567 428,541 415,540 401,526 373,526 353,516 328,529 307,520 296,528 268,523"/>
                <Baseline points="274,557 303,559 332,560 361,561 390,562 419,564"/>
                <TextEquiv>
                    <Unicode>vom:</Unicode>
                </TextEquiv>
            </TextLine>
            <TextLine id="r1l5" custom="readingOrder {index:4;}">
                <Coords points="443,617 454,614 469,614 471,616 477,613 478,615 492,614 487,560 478,561 476,559 472,561 468,559 464,562 456,557 453,560 448,559 447,561 438,562"/>
                <Baseline points="448,586 481,583"/>
                <TextEquiv>
                    <Unicode>1</Unicode>
                </TextEquiv>
            </TextLine>
            <TextLine id="r1l6" custom="readingOrder {index:5;}">
                <Coords points="306,686 353,713 1432,650 1412,596 1268,637 305,635"/>
                <Baseline points="313,687 368,688 424,687 479,687 535,686 591,685 646,683 702,682 757,680 813,679 869,677 924,675 980,673 1035,672 1091,671 1147,669 1202,668 1258,668 1313,668 1369,668 1425,668"/>
                <TextEquiv>
                    <Unicode>(Gastspiel Bassermann.] Albert Bassermann hat uns ganz</Unicode>
                </TextEquiv>
            </TextLine>
            <TextLine id="r1l7" custom="readingOrder {index:6;}">
                <Coords points="220,750 1423,722 1421,659 219,703"/>
                <Baseline points="227,732 286,732 345,731 405,730 464,729 524,728 583,726 642,724 702,723 761,721 821,719 880,717 939,715 999,713 1058,711 1118,710 1177,708 1236,707 1296,705 1355,705 1415,704"/>
                <TextEquiv>
                    <Unicode>zuletzt noch an einem =chnitzlerabend eine kleine Musterkarte</Unicode>
                </TextEquiv>
            </TextLine>
            <TextLine id="r1l8" custom="readingOrder {index:7;}">
                <Coords points="232,778 1431,743 1319,706 230,743"/>
                <Baseline points="239,774 298,773 357,772 416,770 475,768 535,767 594,765 653,763 712,762 771,759 831,758 890,756 949,754 1008,752 1067,750 1127,748 1186,746 1245,744 1304,743 1363,740 1423,739"/>
                <TextEquiv>
                    <Unicode>seiner Künste geboten. SeinerKnnfe#nd Künsteleien. Denn,</Unicode>
                </TextEquiv>
            </TextLine>
            <TextLine id="r1l9" custom="readingOrder {index:8;}">
                <Coords points="223,814 1390,795 1421,742 222,783"/>
                <Baseline points="230,812 289,810 348,809 407,808 467,807 526,806 585,804 644,803 704,801 763,800 822,798 881,796 941,794 1000,792 1059,790 1118,788 1178,786 1237,783 1296,780 1355,778 1415,775"/>
                <TextEquiv>
                    <Unicode>daß er ein großer Virtuose ist, darüber sind wir uns wohl</Unicode>
                </TextEquiv>
            </TextLine>
            <TextLine id="r1l10" custom="readingOrder {index:9;}">
                <Coords points="225,851 1382,829 1417,786 224,820"/>
                <Baseline points="233,848 291,848 350,847 409,846 468,845 527,844 586,843 644,841 703,839 762,837 821,835 880,834 939,831 998,829 1056,827 1115,825 1174,823 1233,821 1292,819 1351,818 1410,816"/>
                <TextEquiv>
                    <Unicode>einig; nur schade, daß er sich gerade diesmal als Nurvirtuose</Unicode>
                </TextEquiv>
            </TextLine>
            <TextLine id="r1l11" custom="readingOrder {index:10;}">
                <Coords points="217,899 1433,842 1420,803 604,858 216,842"/>
                <Baseline points="225,885 285,885 345,885 405,884 465,883 525,881 585,880 645,878 705,876 765,874 825,872 885,870 945,868 1005,866 1065,863 1125,862 1185,859 1245,858 1305,856 1365,855 1426,854"/>
                <TextEquiv>
                    <Unicode>demaskiert hat. Im Puppenspieler“ konnte man ihm noch den</Unicode>
                </TextEquiv>
            </TextLine>
            <TextLine id="r1l12" custom="readingOrder {index:11;}">
                <Coords points="234,926 1402,900 1431,844 1105,888 233,892"/>
                <Baseline points="242,922 301,922 360,922 419,922 478,921 537,920 596,919 655,917 714,916 773,914 833,912 892,910 951,907 1010,905 1069,903 1128,901 1187,899 1246,897 1305,895 1364,893 1424,892"/>
                <TextEquiv>
                    <Unicode>tief schürfenden Künstler glauben; wie er mit einfachsten</Unicode>
                </TextEquiv>
            </TextLine>
            <TextLine id="r1l13" custom="readingOrder {index:12;}">
                <Coords points="232,978 1384,945 1422,890 230,933"/>
                <Baseline points="239,961 297,961 356,961 415,961 474,960 533,959 591,958 650,957 709,956 768,954 827,952 885,950 944,948 1003,945 1062,943 1121,940 1179,938 1238,935 1297,932 1356,929 1415,925"/>
                <TextEquiv>
                    <Unicode>Mitteln die Gestalt kommentierte und sie weit über die dialo¬</Unicode>
                </TextEquiv>
            </TextLine>
            <TextLine id="r1l14" custom="readingOrder {index:13;}">
                <Coords points="231,1001 1403,979 1434,939 230,972"/>
                <Baseline points="239,1003 298,1002 357,1002 417,1001 476,1000 536,999 595,998 654,997 714,995 773,993 833,992 892,990 951,988 1011,985 1070,983 1130,981 1189,979 1248,976 1308,973 1367,971 1427,968"/>
                <TextEquiv>
                    <Unicode>gisch gezogenen Konturen ins Dämonische erhob. Aber der</Unicode>
                </TextEquiv>
            </TextLine>
            <TextLine id="r1l15" custom="readingOrder {index:14;}">
                <Coords points="237,1044 1421,1018 1420,978 1337,970 236,1003"/>
                <Baseline points="245,1041 303,1041 361,1040 420,1040 478,1039 537,1038 595,1037 654,1035 712,1034 771,1032 829,1030 887,1029 946,1027 1004,1024 1063,1023 1121,1020 1180,1018 1238,1015 1297,1012 1355,1010 1414,1007"/>
                <TextEquiv>
                    <Unicode>Weihgast in „Die letzten Masken“ war mit so befremdlicher,</Unicode>
                </TextEquiv>
            </TextLine>
            <TextLine id="r1l16" custom="readingOrder {index:15;}">
                <Coords points="239,1089 1434,1054 1397,1009 238,1047"/>
                <Baseline points="247,1078 309,1079 371,1079 433,1079 495,1079 557,1078 619,1076 681,1075 743,1073 805,1072 867,1069 929,1068 991,1065 1053,1062 1115,1060 1177,1057 1239,1055 1301,1052 1363,1050 1426,1048"/>
                <TextEquiv>
                    <Unicode>Outriertheit „hingelegt“, daß die Zuhörer einander anschauten“</Unicode>
                </TextEquiv>
            </TextLine>
            <TextLine id="r1l17" custom="readingOrder {index:16;}">
                <Coords points="232,1115 1297,1114 1433,1098 1433,1059 232,1089"/>
                <Baseline points="240,1114 299,1114 358,1114 417,1114 477,1113 536,1113 595,1112 654,1111 714,1110 773,1110 832,1108 891,1107 951,1105 1010,1104 1069,1102 1128,1100 1188,1098 1247,1095 1306,1093 1365,1090 1425,1087"/>
                <TextEquiv>
                    <Unicode>und schließlich nervös zu werden begannen. Bei Bassermann!</Unicode>
                </TextEquiv>
            </TextLine>
            <TextLine id="r1l18" custom="readingOrder {index:17;}">
                <Coords points="196,1199 1017,1243 1367,1242 1407,1207 198,1149"/>
                <Baseline points="204,1184 263,1189 323,1194 383,1198 443,1202 502,1206 562,1209 622,1212 682,1215 741,1217 801,1219 861,1222 921,1224 980,1225 1040,1227 1100,1228 1160,1230 1219,1231 1279,1233 1339,1234 1399,1236"/>
                <TextEquiv>
                    <Unicode>Es mußte aber auch auf die Nerven gehen, wie er den saturier¬</Unicode>
                </TextEquiv>
            </TextLine>
            <TextLine id="r1l19" custom="readingOrder {index:18;}">
                <Coords points="196,1239 1405,1269 1318,1234 197,1199"/>
                <Baseline points="204,1228 263,1232 323,1235 382,1238 442,1242 502,1245 561,1248 621,1250 680,1253 740,1255 800,1258 859,1260 919,1261 978,1264 1038,1265 1098,1267 1157,1268 1217,1270 1276,1272 1336,1273 1396,1274"/>
                <TextEquiv>
                    <Unicode>ten Modedichter in der Sudermann=Maske afsektiert, zerdehnte</Unicode>
                </TextEquiv>
            </TextLine>
            <TextLine id="r1l20" custom="readingOrder {index:19;}">
                <Coords points="193,1278 1428,1314 1327,1273 195,1234"/>
                <Baseline points="202,1263 262,1268 323,1272 384,1276 445,1279 506,1283 567,1286 628,1288 689,1291 750,1294 811,1297 871,1299 932,1301 993,1304 1054,1306 1115,1308 1176,1309 1237,1312 1298,1313 1359,1316 1420,1317"/>
                <TextEquiv>
                    <Unicode>und zerpustete. Gröbster Plakatstil: es hätte nur gefehlt, daß</Unicode>
                </TextEquiv>
            </TextLine>
            <TextLine id="r1l21" custom="readingOrder {index:20;}">
                <Coords points="200,1308 1410,1355 1335,1311 202,1275"/>
                <Baseline points="209,1300 268,1303 328,1307 387,1310 447,1313 507,1317 566,1319 626,1322 686,1325 745,1328 805,1330 865,1333 924,1335 984,1337 1044,1340 1103,1342 1163,1343 1223,1345 1282,1347 1342,1348 1402,1349"/>
                <TextEquiv>
                    <Unicode>er noch ins Publikum sprach. Das Gigerl in „Literalur mit der</Unicode>
                </TextEquiv>
            </TextLine>
            <TextLine id="r1l22" custom="readingOrder {index:21;}">
                <Coords points="201,1338 1362,1395 1404,1355 202,1301"/>
                <Baseline points="208,1333 267,1338 326,1342 386,1346 445,1349 504,1352 564,1355 623,1357 682,1359 742,1362 801,1364 860,1366 920,1368 979,1370 1038,1372 1098,1374 1157,1376 1216,1378 1276,1381 1335,1384 1395,1386"/>
                <TextEquiv>
                    <Unicode>nafalen Fadaise hat man auch bald satt bekommen. Man wird den</Unicode>
                </TextEquiv>
            </TextLine>
            <TextLine id="r1l23" custom="readingOrder {index:22;}">
                <Coords points="196,1372 1419,1442 1421,1382 197,1337"/>
                <Baseline points="203,1372 263,1375 323,1379 384,1383 444,1385 505,1389 565,1392 626,1394 686,1397 747,1400 807,1402 867,1405 928,1407 988,1409 1049,1411 1109,1413 1170,1415 1230,1417 1291,1419 1351,1420 1412,1422"/>
                <TextEquiv>
                    <Unicode>Eindruck nicht los, daß Bassermann einfach bequem geworden</Unicode>
                </TextEquiv>
            </TextLine>
            <TextLine id="r1l24" custom="readingOrder {index:23;}">
                <Coords points="193,1421 1108,1471 1361,1471 1397,1434 195,1372"/>
                <Baseline points="202,1409 261,1413 320,1418 379,1421 439,1424 498,1427 557,1430 617,1433 676,1436 735,1438 795,1440 854,1442 913,1444 972,1446 1032,1448 1091,1450 1150,1452 1210,1455 1269,1457 1328,1459 1388,1462"/>
                <TextEquiv>
                    <Unicode>ist und nach dem Muster amerikanischer Paradetennore auf die</Unicode>
                </TextEquiv>
            </TextLine>
            <TextLine id="r1l25" custom="readingOrder {index:24;}">
                <Coords points="192,1456 1406,1511 1407,1471 1311,1456 193,1423"/>
                <Baseline points="200,1449 263,1452 326,1456 389,1458 452,1461 515,1464 578,1468 641,1470 704,1473 767,1477 831,1479 894,1482 957,1485 1020,1487 1083,1490 1146,1493 1209,1495 1272,1497 1335,1500 1399,1502"/>
                <TextEquiv>
                    <Unicode>paar Effektarien lossteuert. Die Vergröberung ist zu offen¬</Unicode>
                </TextEquiv>
            </TextLine>
            <TextLine id="r1l26" custom="readingOrder {index:25;}">
                <Coords points="191,1493 805,1507 1063,1554 1406,1528 192,1457"/>
                <Baseline points="199,1488 258,1491 318,1494 378,1497 438,1500 498,1503 558,1505 618,1508 678,1510 738,1513 798,1515 857,1518 917,1520 977,1523 1037,1526 1097,1529 1157,1532 1217,1534 1277,1538 1337,1541 1397,1544"/>
                <TextEquiv>
                    <Unicode>sichtlich .. . Aus dem heimischen Ensemble ragte Herr Iwald</Unicode>
                </TextEquiv>
            </TextLine>
            <TextLine id="r1l27" custom="readingOrder {index:26;}">
                <Coords points="193,1556 1000,1576 985,1526 196,1491"/>
                <Baseline points="203,1527 242,1529 282,1531 321,1533 361,1536 400,1538 440,1540 479,1542 519,1544 558,1546 598,1548 637,1550 677,1552 716,1553 756,1555 795,1556 835,1558 874,1559 914,1560 953,1561 993,1562"/>
                <TextEquiv>
                    <Unicode>durch Frische und Unmittelbarkeit hervor.</Unicode>
                </TextEquiv>
            </TextLine>
            <TextLine id="r1l28" custom="readingOrder {index:27;}">
                <Coords points="576,1719 801,1748 913,1726 970,1748 1095,1740 1094,1685 740,1682 576,1702"/>
                <Baseline points="585,1725 610,1724 635,1724 660,1723 685,1723 710,1722 735,1721 760,1720 785,1720 810,1719 835,1718 860,1718 885,1718 910,1717 935,1717 960,1717 985,1717 1010,1718 1035,1718 1060,1719 1086,1720"/>
                <TextEquiv>
                    <Unicode>(Quellenangabe ohne Gewähr.)</Unicode>
                </TextEquiv>
            </TextLine>
            <TextLine id="r1l29" custom="readingOrder {index:28;}">
                <Coords points="288,1833 888,1799 995,1828 1072,1796 1208,1819 1282,1794 1281,1761 353,1760 287,1801"/>
                <Baseline points="295,1817 346,1818 398,1818 449,1817 501,1817 552,1815 604,1813 655,1811 707,1810 758,1807 810,1805 861,1802 913,1800 964,1798 1016,1796 1067,1794 1119,1793 1170,1792 1222,1792 1274,1792"/>
                <TextEquiv>
                    <Unicode>Ausschnitt aus: österr. Finanz-Retun</Unicode>
                </TextEquiv>
            </TextLine>
            <TextLine id="r1l30" custom="readingOrder {index:29;}">
                <Coords points="897,1890 943,1902 957,1891 986,1889 999,1878 1054,1885 1082,1869 1099,1871 1099,1849 1087,1851 1053,1836 996,1837 971,1813 949,1808 917,1821 898,1819"/>
                <Baseline points="905,1870 931,1868 958,1868 984,1868 1011,1869 1037,1870 1064,1871 1091,1872"/>
                <TextEquiv>
                    <Unicode>Wien</Unicode>
                </TextEquiv>
            </TextLine>
            <TextLine id="r1l31" custom="readingOrder {index:30;}">
                <Coords points="299,1923 317,1931 443,1929 455,1926 457,1900 407,1888 377,1891 352,1883 341,1889 302,1865"/>
                <Baseline points="306,1915 334,1916 362,1918 391,1919 419,1921 448,1923"/>
                <TextEquiv>
                    <Unicode>vom:</Unicode>
                </TextEquiv>
            </TextLine>
            <TextLine id="r1l32" custom="readingOrder {index:31;}">
                <Coords points="495,1978 598,1965 634,1977 667,1965 818,1970 817,1921 731,1892 701,1906 685,1894 659,1902 602,1876 579,1895 551,1887 495,1900"/>
                <Baseline points="503,1944 528,1945 554,1945 579,1945 605,1945 630,1945 656,1945 682,1944 707,1944 733,1944 758,1943 784,1943 810,1943"/>
                <TextEquiv>
                    <Unicode> </Unicode>
                </TextEquiv>
            </TextLine>
            <TextLine id="r1l33" custom="readingOrder {index:32;}">
                <Coords points="474,2093 1201,2095 1320,2070 1320,2042 1250,2059 1172,2014 960,2017 918,1978 800,1972 473,2011"/>
                <Baseline points="481,2084 522,2083 564,2083 605,2083 647,2082 689,2082 730,2082 772,2081 813,2081 855,2081 897,2080 938,2080 980,2079 1021,2079 1063,2078 1105,2077 1146,2075 1188,2074 1229,2072 1271,2070 1313,2068"/>
                <TextEquiv>
                    <Unicode>Theater und Kunst.</Unicode>
                </TextEquiv>
            </TextLine>
            <TextLine id="r1l34" custom="readingOrder {index:33;}">
                <Coords points="321,2184 1412,2173 1454,2117 320,2130"/>
                <Baseline points="328,2172 386,2173 445,2174 504,2174 563,2174 622,2173 681,2172 740,2172 799,2171 858,2169 916,2168 975,2166 1034,2165 1093,2164 1152,2163 1211,2161 1270,2160 1329,2160 1388,2159 1447,2159"/>
                <TextEquiv>
                    <Unicode>Neue Wiener Bühne. (Gastspiel Bassermanns.)</Unicode>
                </TextEquiv>
            </TextLine>
            <TextLine id="r1l35" custom="readingOrder {index:34;}">
                <Coords points="245,2227 1454,2212 1453,2161 244,2179"/>
                <Baseline points="253,2217 312,2217 372,2217 432,2216 491,2215 551,2214 611,2214 670,2213 730,2211 790,2210 850,2209 909,2208 969,2207 1029,2205 1088,2204 1148,2203 1208,2202 1267,2200 1327,2199 1387,2198 1447,2197"/>
                <TextEquiv>
                    <Unicode>im Montag zeigte uns der Gast in Sudermanns „Stein unter</Unicode>
                </TextEquiv>
            </TextLine>
            <TextLine id="r1l36" custom="readingOrder {index:35;}">
                <Coords points="252,2270 1470,2246 1470,2203 252,2222"/>
                <Baseline points="260,2256 320,2256 380,2256 440,2255 500,2255 560,2254 620,2253 680,2252 740,2252 800,2251 861,2250 921,2248 981,2247 1041,2246 1101,2245 1161,2244 1221,2242 1281,2241 1341,2239 1401,2238 1462,2236"/>
                <TextEquiv>
                    <Unicode>Steinen“ was ein genialer Schauspieler aus einer unwahr¬</Unicode>
                </TextEquiv>
            </TextLine>
            <TextLine id="r1l37" custom="readingOrder {index:36;}">
                <Coords points="255,2298 1458,2270 1333,2238 254,2268"/>
                <Baseline points="262,2296 321,2295 380,2295 440,2294 499,2293 559,2292 618,2291 677,2291 737,2289 796,2289 856,2287 915,2286 974,2285 1034,2284 1093,2283 1153,2281 1212,2280 1271,2278 1331,2277 1390,2275 1450,2274"/>
                <TextEquiv>
                    <Unicode>scheinlichen Gestalt, wie es der entlassene Sträfling in diesem</Unicode>
                </TextEquiv>
            </TextLine>
            <TextLine id="r1l38" custom="readingOrder {index:37;}">
                <Coords points="246,2336 1438,2326 1461,2293 246,2300"/>
                <Baseline points="254,2333 317,2333 380,2333 443,2332 506,2331 569,2330 632,2329 695,2329 758,2327 821,2326 885,2325 948,2324 1011,2323 1074,2321 1137,2320 1200,2319 1263,2317 1326,2316 1389,2315 1453,2314"/>
                <TextEquiv>
                    <Unicode>schwächsten Drama des Autors ist, zu machen weiß. Er zwang</Unicode>
                </TextEquiv>
            </TextLine>
            <TextLine id="r1l39" custom="readingOrder {index:38;}">
                <Coords points="247,2379 1427,2363 1460,2320 247,2355"/>
                <Baseline points="254,2371 317,2371 380,2371 443,2370 506,2370 569,2369 632,2368 695,2367 758,2366 821,2365 885,2364 948,2363 1011,2361 1074,2360 1137,2359 1200,2358 1263,2357 1326,2356 1389,2355 1453,2353"/>
                <TextEquiv>
                    <Unicode>den Zuschauer, unter Tränen zu lächeln, was schwierfiger ist,</Unicode>
                </TextEquiv>
            </TextLine>
            <TextLine id="r1l40" custom="readingOrder {index:39;}">
                <Coords points="256,2418 1466,2376 255,2383"/>
                <Baseline points="264,2413 323,2412 383,2410 443,2409 503,2408 562,2407 622,2405 682,2405 742,2404 801,2403 861,2402 921,2401 981,2400 1040,2399 1100,2398 1160,2397 1220,2395 1279,2394 1339,2392 1399,2390 1459,2389"/>
                <TextEquiv>
                    <Unicode>als zu Tränen des Mitleids zu rühren. Eine anerkennenswerte</Unicode>
                </TextEquiv>
            </TextLine>
            <TextLine id="r1l41" custom="readingOrder {index:40;}">
                <Coords points="256,2458 1480,2434 1393,2395 255,2421"/>
                <Baseline points="264,2453 324,2452 384,2451 445,2449 505,2448 566,2447 626,2445 686,2444 747,2443 807,2441 868,2440 928,2438 988,2437 1049,2436 1109,2435 1170,2433 1230,2432 1290,2431 1351,2430 1411,2429 1472,2428"/>
                <TextEquiv>
                    <Unicode>Leistung bot diesmal seine Partnerin Fräulein Wolf. Am</Unicode>
                </TextEquiv>
            </TextLine>
            <TextLine id="r1l42" custom="readingOrder {index:41;}">
                <Coords points="259,2495 1111,2474 1278,2505 1501,2473 1501,2429 258,2457"/>
                <Baseline points="266,2495 327,2492 388,2490 450,2487 511,2485 573,2483 634,2482 695,2481 757,2480 818,2479 880,2478 941,2477 1002,2477 1064,2476 1125,2475 1187,2474 1248,2473 1309,2472 1371,2471 1432,2469 1494,2467"/>
                <TextEquiv>
                    <Unicode>Donnerstag sahen wir Bassermann in dendreisel</Unicode>
                </TextEquiv>
            </TextLine>
            <TextLine id="r1l43" custom="readingOrder {index:42;}">
                <Coords points="262,2535 1472,2493 261,2496"/>
                <Baseline points="270,2531 329,2529 389,2527 449,2526 508,2524 568,2523 628,2522 687,2521 747,2520 807,2519 867,2518 926,2517 986,2516 1046,2515 1105,2514 1165,2512 1225,2511 1284,2510 1344,2508 1404,2507 1464,2505"/>
                <TextEquiv>
                    <Unicode>lerschen Einaktern: „Der Puppenspieler, „Die</Unicode>
                </TextEquiv>
            </TextLine>
            <TextLine id="r1l44" custom="readingOrder {index:43;}">
                <Coords points="259,2583 1477,2531 258,2538"/>
                <Baseline points="267,2569 327,2567 387,2566 447,2565 507,2563 567,2562 627,2561 687,2560 747,2558 807,2558 868,2556 928,2555 988,2554 1048,2553 1108,2552 1168,2551 1228,2550 1288,2549 1348,2548 1408,2547 1469,2545"/>
                <TextEquiv>
                    <Unicode>Letzten Masken“ und „Literatur“. Das Unheimliche</Unicode>
                </TextEquiv>
            </TextLine>
            <TextLine id="r1l45" custom="readingOrder {index:44;}">
                <Coords points="260,2618 1320,2603 1470,2567 259,2582"/>
                <Baseline points="268,2609 327,2607 387,2606 447,2605 506,2603 566,2602 626,2601 685,2600 745,2599 805,2598 865,2597 924,2596 984,2594 1044,2593 1103,2592 1163,2591 1223,2590 1282,2589 1342,2587 1402,2586 1462,2584"/>
                <TextEquiv>
                    <Unicode>und dabeil doch Rührende in der Figur des Puppenspielers</Unicode>
                </TextEquiv>
            </TextLine>
            <TextLine id="r1l46" custom="readingOrder {index:45;}">
                <Coords points="254,2653 1431,2638 1484,2630 1483,2563 1295,2602 253,2613"/>
                <Baseline points="262,2646 322,2646 383,2645 444,2643 504,2643 565,2641 626,2640 686,2639 747,2638 808,2637 869,2636 929,2634 990,2633 1051,2631 1111,2630 1172,2629 1233,2627 1293,2626 1354,2624 1415,2623 1476,2621"/>
                <TextEquiv>
                    <Unicode>Georg Merklin, der fremde Schicksale zu leiten glaubt</Unicode>
                </TextEquiv>
            </TextLine>
            <TextLine id="r1l47" custom="readingOrder {index:46;}">
                <Coords points="259,2691 1473,2677 1472,2637 1310,2625 258,2654"/>
                <Baseline points="266,2687 325,2685 385,2684 445,2683 505,2682 565,2681 625,2680 685,2678 745,2677 805,2676 865,2675 924,2673 984,2672 1044,2671 1104,2669 1164,2668 1224,2667 1284,2665 1344,2663 1404,2661 1464,2659"/>
                <TextEquiv>
                    <Unicode>und dabei von der Hand des Schicksals zermalmt wird, ge¬</Unicode>
                </TextEquiv>
            </TextLine>
            <TextLine id="r1l48" custom="readingOrder {index:47;}">
                <Coords points="265,2729 1480,2706 1468,2667 264,2692"/>
                <Baseline points="272,2727 332,2726 392,2724 452,2723 512,2722 572,2720 632,2719 692,2717 752,2716 812,2715 872,2713 932,2712 992,2710 1052,2709 1112,2707 1172,2706 1232,2704 1292,2703 1352,2702 1412,2700 1472,2699"/>
                <TextEquiv>
                    <Unicode>lang im vortrefflich. In der kleinen Rolle des berühmten</Unicode>
                </TextEquiv>
            </TextLine>
            <TextLine id="r1l49" custom="readingOrder {index:48;}">
                <Coords points="254,2770 1290,2766 1467,2716 253,2730"/>
                <Baseline points="261,2764 320,2763 380,2762 440,2761 500,2760 560,2759 620,2758 680,2757 740,2755 800,2754 860,2752 919,2751 979,2750 1039,2749 1099,2747 1159,2746 1219,2745 1279,2743 1339,2742 1399,2740 1459,2739"/>
                <TextEquiv>
                    <Unicode>Dichters Alexander Weihgast gab er eine Probe seines fein</Unicode>
                </TextEquiv>
            </TextLine>
            <TextLine id="r1l50" custom="readingOrder {index:49;}">
                <Coords points="259,2812 1423,2794 1478,2750 258,2773"/>
                <Baseline points="267,2805 327,2803 387,2802 447,2800 507,2799 568,2797 628,2796 688,2794 748,2793 808,2792 869,2791 929,2789 989,2788 1049,2787 1109,2786 1170,2784 1230,2783 1290,2782 1350,2780 1410,2779 1471,2777"/>
                <TextEquiv>
                    <Unicode>charakterisierenden Humors. Im letzten Akt wußte er die</Unicode>
                </TextEquiv>
            </TextLine>
            <TextLine id="r1l51" custom="readingOrder {index:50;}">
                <Coords points="263,2848 1467,2801 262,2813"/>
                <Baseline points="271,2841 330,2840 389,2839 449,2838 508,2837 568,2836 627,2835 687,2834 746,2832 806,2831 865,2830 924,2829 984,2827 1043,2826 1103,2825 1162,2823 1222,2822 1281,2820 1341,2819 1400,2818 1460,2816"/>
                <TextEquiv>
                    <Unicode>liebenswürdige Unbedeutenheit eines wienerischen Aristo¬</Unicode>
                </TextEquiv>
            </TextLine>
            <TextLine id="r1l52" custom="readingOrder {index:51;}">
                <Coords points="266,2886 1473,2853 1472,2818 265,2846"/>
                <Baseline points="273,2881 332,2880 392,2878 451,2877 511,2876 571,2874 630,2873 690,2871 749,2870 809,2868 869,2867 928,2865 988,2864 1047,2863 1107,2861 1167,2860 1226,2859 1286,2858 1345,2857 1405,2857 1465,2856"/>
                <TextEquiv>
                    <Unicode>kxaten sehr sympathisch zu gestalten. Von den Mitspielern</Unicode>
                </TextEquiv>
            </TextLine>
            <TextLine id="r1l53" custom="readingOrder {index:52;}">
                <Coords points="255,2939 1477,2922 1482,2861 254,2883"/>
                <Baseline points="263,2919 323,2919 384,2918 444,2918 505,2917 566,2915 626,2914 687,2912 747,2910 808,2909 869,2907 929,2905 990,2904 1050,2902 1111,2901 1172,2900 1232,2899 1293,2898 1353,2898 1414,2898 1475,2898"/>
                <TextEquiv>
                    <Unicode>st neben dem immer tüchtigen Herrn Iwald Herr Neuss</Unicode>
                </TextEquiv>
            </TextLine>
            <TextLine id="r1l54" custom="readingOrder {index:53;}">
                <Coords points="250,2967 1418,2964 1480,2918 249,2940"/>
                <Baseline points="258,2960 318,2959 379,2958 440,2956 500,2955 561,2953 622,2952 682,2950 743,2948 804,2947 865,2945 925,2944 986,2943 1047,2941 1107,2940 1168,2940 1229,2939 1289,2938 1350,2938 1411,2938 1472,2938"/>
                <TextEquiv>
                    <Unicode>besonders hervorzuheben, der im Mittelstück in einer geradezu</Unicode>
                </TextEquiv>
            </TextLine>
            <TextLine id="r1l55" custom="readingOrder {index:54;}">
                <Coords points="255,3008 452,3022 666,2989 805,3013 997,2982 1183,3006 1197,2961 254,2982"/>
                <Baseline points="263,3000 309,2999 355,2998 402,2997 448,2996 494,2995 541,2994 587,2993 633,2992 680,2991 726,2990 772,2989 819,2988 865,2986 911,2986 958,2985 1004,2983 1050,2983 1097,2982 1143,2981 1190,2980"/>
                <TextEquiv>
                    <Unicode>peinlich natürlichen Weise zu sterben verstand.</Unicode>
                </TextEquiv>
            </TextLine>
            <TextLine id="r1l56" custom="readingOrder {index:55;}">
                <Coords points="1298,3040 1331,3048 1340,3039 1403,3037 1415,3047 1486,3053 1486,2979 1471,2976 1446,2990 1437,2985 1411,3005 1385,2994 1374,3004 1366,2997 1298,2991"/>
                <Baseline points="1306,3019 1334,3020 1363,3020 1392,3019 1420,3019 1449,3020 1478,3021"/>
                <TextEquiv>
                    <Unicode>—</Unicode>
                </TextEquiv>
            </TextLine>
            <TextLine id="r1l57" custom="readingOrder {index:56;}">
                <Coords points="688,3336 819,3331 859,3350 883,3333 997,3336 1045,3311 1116,3319 1148,3302 1147,3278 1106,3287 1040,3243 685,3259"/>
                <Baseline points="695,3321 721,3321 747,3321 773,3320 799,3320 826,3319 852,3318 878,3317 904,3316 931,3314 957,3313 983,3312 1009,3311 1036,3310 1062,3309 1088,3309 1114,3308 1141,3308"/>
                <TextEquiv>
                    <Unicode>Icnau</Unicode>
                </TextEquiv>
            </TextLine>
            <TextLine id="r1l58" custom="readingOrder {index:57;}">
                <Coords points="357,3408 1243,3431 1259,3357 732,3338 357,3389"/>
                <Baseline points="364,3413 408,3408 452,3403 497,3400 541,3398 585,3397 630,3398 674,3398 718,3399 763,3401 807,3403 851,3405 896,3408 940,3410 984,3412 1029,3413 1073,3413 1117,3413 1162,3411 1206,3408 1251,3405"/>
                <TextEquiv>
                    <Unicode>Aussehnltt aus:Sonn u Hontags-Cr</Unicode>
                </TextEquiv>
            </TextLine>
            <TextLine id="r1l59" custom="readingOrder {index:58;}">
                <Coords points="1043,3509 1058,3507 1067,3512 1093,3504 1104,3515 1107,3512 1129,3515 1132,3489 1121,3486 1111,3494 1103,3485 1091,3479 1087,3482 1077,3479 1070,3482 1066,3477 1060,3482 1046,3482"/>
                <Baseline points="1052,3499 1087,3502 1122,3507"/>
                <TextEquiv>
                    <Unicode>—</Unicode>
                </TextEquiv>
            </TextLine>
            <TextLine id="r1l60" custom="readingOrder {index:59;}">
                <Coords points="369,3533 415,3550 865,3530 880,3527 880,3490 806,3479 770,3445 721,3443 591,3463 535,3451 508,3478 422,3468 368,3484"/>
                <Baseline points="377,3511 403,3512 429,3513 455,3512 481,3511 507,3510 533,3508 559,3506 585,3504 611,3503 637,3501 663,3499 689,3499 715,3499 741,3499 767,3501 793,3504 819,3508 845,3513 872,3520"/>
                <TextEquiv>
                    <Unicode>vam: 2- S 1312</Unicode>
                </TextEquiv>
            </TextLine>
            <TextLine id="r1l61" custom="readingOrder {index:60;}">
                <Coords points="411,3601 1407,3589 1406,3538 1373,3533 411,3575"/>
                <Baseline points="419,3601 468,3598 517,3595 566,3593 615,3591 664,3589 713,3587 762,3585 811,3584 860,3582 909,3581 958,3580 1007,3579 1056,3578 1105,3578 1154,3577 1203,3577 1252,3576 1301,3576 1350,3576 1399,3576"/>
                <TextEquiv>
                    <Unicode>Neue Wiener Bühne. Gastspiel Albert Bassermann.</Unicode>
                </TextEquiv>
            </TextLine>
            <TextLine id="r1l62" custom="readingOrder {index:61;}">
                <Coords points="304,3673 1407,3626 1350,3583 303,3611"/>
                <Baseline points="312,3657 366,3653 420,3650 475,3647 529,3645 583,3643 638,3641 692,3640 746,3638 801,3637 855,3636 909,3635 964,3634 1018,3633 1072,3632 1127,3631 1181,3630 1235,3629 1290,3627 1344,3626 1399,3625"/>
                <TextEquiv>
                    <Unicode>Drei Einakter von Artur Schnitzler, (der Puppenspieler,</Unicode>
                </TextEquiv>
            </TextLine>
            <TextLine id="r1l63" custom="readingOrder {index:62;}">
                <Coords points="311,3722 1373,3689 1404,3643 309,3670"/>
                <Baseline points="318,3701 374,3699 431,3696 488,3694 545,3691 601,3690 658,3688 715,3686 772,3685 829,3683 885,3682 942,3681 999,3679 1056,3678 1113,3677 1169,3677 1226,3676 1283,3675 1340,3674 1397,3674"/>
                <TextEquiv>
                    <Unicode>die letzten Masken, Literatur) boten dem Künstler reichlich</Unicode>
                </TextEquiv>
            </TextLine>
            <TextLine id="r1l64" custom="readingOrder {index:63;}">
                <Coords points="308,3769 1418,3739 1417,3696 1348,3679 307,3723"/>
                <Baseline points="316,3750 370,3748 425,3747 480,3745 535,3743 589,3741 644,3739 699,3737 754,3735 808,3734 863,3732 918,3730 973,3729 1027,3728 1082,3726 1137,3725 1192,3724 1246,3723 1301,3723 1356,3722 1411,3722"/>
                <TextEquiv>
                    <Unicode>Gelegenheit sein großes Können in verschiedenster Form</Unicode>
                </TextEquiv>
            </TextLine>
            <TextLine id="r1l65" custom="readingOrder {index:64;}">
                <Coords points="315,3822 1405,3775 1385,3731 314,3768"/>
                <Baseline points="322,3804 375,3801 429,3798 483,3796 537,3793 590,3791 644,3790 698,3788 752,3786 805,3784 859,3782 913,3781 967,3779 1020,3778 1074,3777 1128,3775 1182,3774 1235,3773 1289,3772 1343,3771 1397,3770"/>
                <TextEquiv>
                    <Unicode>zu zeigen. Trotzdem kann man sich eines Zweifels nicht</Unicode>
                </TextEquiv>
            </TextLine>
            <TextLine id="r1l66" custom="readingOrder {index:65;}">
                <Coords points="313,3855 1376,3833 1418,3804 1305,3777 312,3821"/>
                <Baseline points="321,3849 375,3848 430,3846 484,3844 539,3843 593,3841 648,3839 702,3837 757,3835 811,3833 866,3831 920,3829 975,3828 1029,3826 1084,3825 1138,3824 1193,3822 1247,3822 1302,3821 1356,3821 1411,3821"/>
                <TextEquiv>
                    <Unicode>erwehren, wenn man das allzu krasse Betonen seiner</Unicode>
                </TextEquiv>
            </TextLine>
            <TextLine id="r1l67" custom="readingOrder {index:66;}">
                <Coords points="1297,3885 1310,3887 1315,3883 1329,3889 1341,3879 1369,3893 1395,3878 1407,3885 1424,3885 1425,3841 1416,3840 1404,3851 1384,3835 1364,3833 1359,3828 1298,3838"/>
                <Baseline points="1305,3873 1333,3874 1361,3874 1389,3874 1417,3877"/>
                <TextEquiv>
                    <Unicode>nicht</Unicode>
                </TextEquiv>
            </TextLine>
            <TextLine id="r1l68" custom="readingOrder {index:67;}">
                <Coords points="310,3908 1260,3886 1274,3830 308,3868"/>
                <Baseline points="317,3897 364,3897 412,3896 459,3896 507,3895 554,3893 602,3891 649,3890 697,3888 744,3886 792,3884 840,3882 887,3881 935,3879 982,3878 1030,3876 1077,3875 1125,3874 1172,3874 1220,3873 1268,3874"/>
                <TextEquiv>
                    <Unicode>Kunst mitansieht. Jedenfalls war an diesem Abend</Unicode>
                </TextEquiv>
            </TextLine>
            <TextLine id="r1l69" custom="readingOrder {index:68;}">
                <Coords points="316,3964 1165,3934 1208,3892 314,3915"/>
                <Baseline points="323,3947 366,3947 410,3946 454,3945 498,3945 542,3943 586,3941 630,3939 674,3938 718,3936 762,3933 805,3931 849,3929 893,3928 937,3926 981,3925 1025,3924 1069,3923 1113,3923 1157,3923 1201,3923"/>
                <TextEquiv>
                    <Unicode>Bassermann, sondern Schnitzler in erster Reihe.</Unicode>
                </TextEquiv>
            </TextLine>
            <TextLine id="r1l70" custom="readingOrder {index:69;}">
                <Coords points="443,4004 460,4005 468,3996 489,4002 513,3992 532,3996 551,3991 559,3996 574,3990 586,3998 603,3996 598,3949 557,3948 526,3958 506,3955 500,3962 470,3959 459,3949 438,3955"/>
                <Baseline points="448,3978 476,3977 505,3975 533,3972 562,3968 591,3963"/>
                <TextEquiv>
                    <Unicode>01 00</Unicode>
                </TextEquiv>
            </TextLine>
            <TextEquiv>
                <Unicode>10. Der Puppenspieler
Ausschnitte: Montags Journal, Wien
00fl 1973
vom:
1
(Gastspiel Bassermann.] Albert Bassermann hat uns ganz
zuletzt noch an einem =chnitzlerabend eine kleine Musterkarte
seiner Künste geboten. SeinerKnnfe#nd Künsteleien. Denn,
daß er ein großer Virtuose ist, darüber sind wir uns wohl
einig; nur schade, daß er sich gerade diesmal als Nurvirtuose
demaskiert hat. Im Puppenspieler“ konnte man ihm noch den
tief schürfenden Künstler glauben; wie er mit einfachsten
Mitteln die Gestalt kommentierte und sie weit über die dialo¬
gisch gezogenen Konturen ins Dämonische erhob. Aber der
Weihgast in „Die letzten Masken“ war mit so befremdlicher,
Outriertheit „hingelegt“, daß die Zuhörer einander anschauten“
und schließlich nervös zu werden begannen. Bei Bassermann!
Es mußte aber auch auf die Nerven gehen, wie er den saturier¬
ten Modedichter in der Sudermann=Maske afsektiert, zerdehnte
und zerpustete. Gröbster Plakatstil: es hätte nur gefehlt, daß
er noch ins Publikum sprach. Das Gigerl in „Literalur mit der
nafalen Fadaise hat man auch bald satt bekommen. Man wird den
Eindruck nicht los, daß Bassermann einfach bequem geworden
ist und nach dem Muster amerikanischer Paradetennore auf die
paar Effektarien lossteuert. Die Vergröberung ist zu offen¬
sichtlich .. . Aus dem heimischen Ensemble ragte Herr Iwald
durch Frische und Unmittelbarkeit hervor.
(Quellenangabe ohne Gewähr.)
Ausschnitt aus: österr. Finanz-Retun
Wien
vom:
 
Theater und Kunst.
Neue Wiener Bühne. (Gastspiel Bassermanns.)
im Montag zeigte uns der Gast in Sudermanns „Stein unter
Steinen“ was ein genialer Schauspieler aus einer unwahr¬
scheinlichen Gestalt, wie es der entlassene Sträfling in diesem
schwächsten Drama des Autors ist, zu machen weiß. Er zwang
den Zuschauer, unter Tränen zu lächeln, was schwierfiger ist,
als zu Tränen des Mitleids zu rühren. Eine anerkennenswerte
Leistung bot diesmal seine Partnerin Fräulein Wolf. Am
Donnerstag sahen wir Bassermann in dendreisel
lerschen Einaktern: „Der Puppenspieler, „Die
Letzten Masken“ und „Literatur“. Das Unheimliche
und dabeil doch Rührende in der Figur des Puppenspielers
Georg Merklin, der fremde Schicksale zu leiten glaubt
und dabei von der Hand des Schicksals zermalmt wird, ge¬
lang im vortrefflich. In der kleinen Rolle des berühmten
Dichters Alexander Weihgast gab er eine Probe seines fein
charakterisierenden Humors. Im letzten Akt wußte er die
liebenswürdige Unbedeutenheit eines wienerischen Aristo¬
kxaten sehr sympathisch zu gestalten. Von den Mitspielern
st neben dem immer tüchtigen Herrn Iwald Herr Neuss
besonders hervorzuheben, der im Mittelstück in einer geradezu
peinlich natürlichen Weise zu sterben verstand.
—
Icnau
Aussehnltt aus:Sonn u Hontags-Cr
—
vam: 2- S 1312
Neue Wiener Bühne. Gastspiel Albert Bassermann.
Drei Einakter von Artur Schnitzler, (der Puppenspieler,
die letzten Masken, Literatur) boten dem Künstler reichlich
Gelegenheit sein großes Können in verschiedenster Form
zu zeigen. Trotzdem kann man sich eines Zweifels nicht
erwehren, wenn man das allzu krasse Betonen seiner
nicht
Kunst mitansieht. Jedenfalls war an diesem Abend
Bassermann, sondern Schnitzler in erster Reihe.
01 00</Unicode>
            </TextEquiv>
        </TextRegion>
        <TextRegion orientation="0.0" id="r2" custom="readingOrder {index:1;}">
            <Coords points="1399,123 1399,279 1854,279 1854,123"/>
            <TextLine id="r2l1" custom="readingOrder {index:0;}">
                <Coords points="1391,225 1428,243 1537,249 1625,234 1730,247 1768,224 1795,246 1861,223 1862,208 1773,161 1682,175 1638,161 1585,198 1538,180 1464,187 1420,164 1392,179"/>
                <Baseline points="1399,224 1424,223 1449,223 1474,223 1500,223 1525,223 1550,224 1575,224 1601,225 1626,226 1651,226 1677,227 1702,227 1727,228 1752,229 1778,229 1803,229 1828,229 1854,229"/>
                <TextEquiv>
                    <Unicode>box 34/9</Unicode>
                </TextEquiv>
            </TextLine>
            <TextEquiv>
                <Unicode>box 34/9</Unicode>
            </TextEquiv>
        </TextRegion>
        <TextRegion orientation="0.0" id="r3" custom="readingOrder {index:2;}">
            <Coords points="1816,1482 1816,2432 2896,2432 2896,1482"/>
            <TextLine id="r3l1" custom="readingOrder {index:0;}">
                <Coords points="1851,1518 1894,1529 2097,1513 2126,1528 2149,1509 2215,1516 2240,1502 2275,1515 2275,1472 2145,1472 2125,1455 2054,1475 2028,1455 1993,1456 1933,1471 1904,1460 1851,1487"/>
                <Baseline points="1858,1503 1883,1504 1909,1505 1934,1505 1960,1506 1986,1506 2011,1506 2037,1507 2063,1507 2088,1507 2114,1507 2139,1508 2165,1508 2191,1508 2216,1508 2242,1508 2268,1509"/>
                <TextEquiv>
                    <Unicode>Ausschnitt aus:</Unicode>
                </TextEquiv>
            </TextLine>
            <TextLine id="r3l2" custom="readingOrder {index:1;}">
                <Coords points="2172,1556 2878,1593 2881,1510 2311,1493 2173,1521"/>
                <Baseline points="2180,1551 2214,1551 2249,1552 2283,1552 2318,1554 2353,1555 2387,1556 2422,1557 2456,1559 2491,1560 2526,1561 2560,1563 2595,1564 2629,1565 2664,1566 2699,1567 2733,1568 2768,1568 2802,1568 2837,1568 2872,1568"/>
                <TextEquiv>
                    <Unicode>Interessantes Blatt, Wien</Unicode>
                </TextEquiv>
            </TextLine>
            <TextLine id="r3l3" custom="readingOrder {index:2;}">
                <Coords points="1871,1614 1882,1613 1886,1618 1908,1612 1952,1618 2007,1614 2018,1612 2020,1587 2007,1588 1996,1579 1959,1580 1943,1567 1919,1569 1903,1578 1874,1574"/>
                <Baseline points="1880,1599 1906,1603 1932,1604 1958,1606 1984,1608 2010,1611"/>
                <TextEquiv>
                    <Unicode>vom:</Unicode>
                </TextEquiv>
            </TextLine>
            <TextLine id="r3l4" custom="readingOrder {index:3;}">
                <Coords points="2052,1654 2081,1661 2153,1652 2174,1664 2189,1654 2254,1663 2266,1655 2324,1658 2322,1596 2274,1569 2254,1578 2215,1572 2199,1582 2162,1580 2143,1568 2070,1601 2050,1600"/>
                <Baseline points="2059,1641 2084,1639 2110,1636 2135,1635 2161,1634 2187,1634 2212,1633 2238,1633 2263,1633 2289,1632 2315,1631"/>
                <TextEquiv>
                    <Unicode>S</Unicode>
                </TextEquiv>
            </TextLine>
            <TextLine id="r3l5" custom="readingOrder {index:4;}">
                <Coords points="2079,1738 2129,1765 2314,1751 2413,1779 2447,1760 2628,1778 2648,1773 2650,1720 2591,1683 2454,1694 2395,1658 2307,1684 2176,1682 2140,1653 2081,1669"/>
                <Baseline points="2086,1740 2113,1743 2141,1745 2169,1746 2196,1747 2224,1748 2252,1750 2279,1751 2307,1752 2335,1752 2363,1753 2390,1754 2418,1755 2446,1755 2473,1756 2501,1757 2529,1758 2556,1759 2584,1759 2612,1760 2640,1761"/>
                <TextEquiv>
                    <Unicode>Vom Theater.</Unicode>
                </TextEquiv>
            </TextLine>
            <TextLine id="r3l6" custom="readingOrder {index:5;}">
                <Coords points="1899,1834 2899,1850 2876,1787 1900,1794"/>
                <Baseline points="1907,1828 1956,1830 2005,1832 2054,1833 2104,1835 2153,1836 2202,1837 2251,1839 2301,1839 2350,1841 2399,1841 2448,1842 2498,1843 2547,1843 2596,1844 2645,1844 2695,1845 2744,1845 2793,1846 2842,1846 2892,1846"/>
                <TextEquiv>
                    <Unicode>Neue Wiener Bühne. Albert Basser¬</Unicode>
                </TextEquiv>
            </TextLine>
            <TextLine id="r3l7" custom="readingOrder {index:6;}">
                <Coords points="1820,1884 2643,1912 2869,1908 2904,1875 1821,1841"/>
                <Baseline points="1829,1876 1882,1878 1935,1880 1989,1881 2042,1882 2095,1883 2149,1885 2202,1886 2255,1886 2309,1887 2362,1888 2415,1889 2469,1889 2522,1890 2575,1891 2629,1892 2682,1893 2735,1894 2789,1895 2842,1897 2896,1898"/>
                <TextEquiv>
                    <Unicode>mann versuchte drei Einakter von Schnitzler, „Der</Unicode>
                </TextEquiv>
            </TextLine>
            <TextLine id="r3l8" custom="readingOrder {index:7;}">
                <Coords points="1825,1933 2802,1960 2903,1947 2904,1914 1825,1895"/>
                <Baseline points="1833,1926 1886,1928 1939,1931 1992,1932 2045,1934 2098,1935 2151,1936 2204,1937 2257,1938 2310,1938 2364,1939 2417,1939 2470,1940 2523,1940 2576,1940 2629,1941 2682,1942 2735,1942 2788,1943 2841,1944 2895,1946"/>
                <TextEquiv>
                    <Unicode>Puppenspieler“, „Die letzten Masken“, „Literatur“, zum</Unicode>
                </TextEquiv>
            </TextLine>
            <TextLine id="r3l9" custom="readingOrder {index:8;}">
                <Coords points="1820,1989 2808,2013 2892,1967 1821,1929"/>
                <Baseline points="1829,1971 1881,1973 1934,1975 1987,1977 2040,1979 2092,1981 2145,1983 2198,1984 2251,1985 2303,1986 2356,1987 2409,1988 2462,1988 2514,1989 2567,1990 2620,1990 2673,1990 2725,1991 2778,1991 2831,1992 2884,1992"/>
                <TextEquiv>
                    <Unicode>Bühnenleben zu bringen. Es gelang nicht vollständig, da</Unicode>
                </TextEquiv>
            </TextLine>
            <TextLine id="r3l10" custom="readingOrder {index:9;}">
                <Coords points="1819,2030 2893,2040 2893,2011 2763,1997 1820,1988"/>
                <Baseline points="1827,2024 1879,2026 1932,2027 1985,2029 2038,2030 2091,2031 2144,2032 2197,2032 2250,2033 2303,2034 2356,2034 2408,2035 2461,2035 2514,2036 2567,2036 2620,2037 2673,2038 2726,2039 2779,2040 2832,2041 2885,2042"/>
                <TextEquiv>
                    <Unicode>die magere Handlung des Puppenspielers und die ge¬</Unicode>
                </TextEquiv>
            </TextLine>
            <TextLine id="r3l11" custom="readingOrder {index:10;}">
                <Coords points="1817,2085 2835,2107 2905,2061 1817,2040"/>
                <Baseline points="1824,2072 1877,2074 1931,2075 1984,2077 2038,2078 2092,2079 2145,2080 2199,2081 2252,2082 2306,2082 2360,2083 2413,2084 2467,2084 2520,2085 2574,2086 2628,2086 2681,2087 2735,2088 2788,2089 2842,2091 2896,2092"/>
                <TextEquiv>
                    <Unicode>schraubten Tiefsinnigkeiten eine natürliche Darstellung</Unicode>
                </TextEquiv>
            </TextLine>
            <TextLine id="r3l12" custom="readingOrder {index:11;}">
                <Coords points="1823,2122 2898,2161 2868,2106 2785,2095 1823,2081"/>
                <Baseline points="1831,2122 1884,2124 1937,2125 1990,2125 2043,2126 2096,2127 2149,2127 2202,2128 2255,2128 2308,2128 2361,2128 2414,2129 2467,2129 2520,2130 2573,2130 2626,2131 2679,2132 2732,2134 2785,2135 2838,2137 2891,2140"/>
                <TextEquiv>
                    <Unicode>vereitelten. In den „Letzten Masken“ stand seine Leistung</Unicode>
                </TextEquiv>
            </TextLine>
            <TextLine id="r3l13" custom="readingOrder {index:12;}">
                <Coords points="1819,2186 2870,2199 2904,2197 2905,2152 1820,2126"/>
                <Baseline points="1828,2166 1881,2167 1934,2168 1988,2170 2041,2170 2095,2172 2148,2172 2201,2173 2255,2174 2308,2175 2362,2176 2415,2177 2468,2178 2522,2179 2575,2179 2629,2180 2682,2181 2735,2182 2789,2183 2842,2183 2896,2184"/>
                <TextEquiv>
                    <Unicode>hinter der von Neuß zurück. In der „Literatur“ spielte er</Unicode>
                </TextEquiv>
            </TextLine>
            <TextLine id="r3l14" custom="readingOrder {index:13;}">
                <Coords points="1820,2227 2869,2246 2899,2197 1820,2187"/>
                <Baseline points="1828,2216 1881,2218 1934,2220 1987,2221 2040,2223 2093,2224 2146,2225 2199,2226 2252,2226 2305,2227 2359,2227 2412,2228 2465,2228 2518,2228 2571,2229 2624,2229 2677,2230 2730,2230 2783,2231 2836,2232 2890,2233"/>
                <TextEquiv>
                    <Unicode>zwar den Clemens mit großer Eleganz, aber nicht mit</Unicode>
                </TextEquiv>
            </TextLine>
            <TextLine id="r3l15" custom="readingOrder {index:14;}">
                <Coords points="1814,2273 2891,2300 2892,2243 2795,2234 1815,2230"/>
                <Baseline points="1822,2265 1875,2266 1928,2267 1981,2268 2034,2269 2087,2270 2140,2271 2193,2272 2246,2273 2299,2274 2353,2276 2406,2277 2459,2278 2512,2279 2565,2279 2618,2280 2671,2281 2724,2281 2777,2281 2830,2281 2884,2281"/>
                <TextEquiv>
                    <Unicode>dem nötigen Lokalkolorit. Iwald bot sehr gute Leistun¬</Unicode>
                </TextEquiv>
            </TextLine>
            <TextLine id="r3l16" custom="readingOrder {index:15;}">
                <Coords points="1814,2343 1928,2315 2870,2340 2891,2298 1815,2280"/>
                <Baseline points="1822,2317 1875,2317 1928,2318 1981,2318 2034,2319 2087,2320 2140,2321 2193,2322 2246,2323 2299,2324 2352,2325 2405,2326 2458,2327 2511,2328 2564,2329 2617,2330 2670,2330 2723,2330 2776,2330 2829,2330 2883,2330"/>
                <TextEquiv>
                    <Unicode>gen; als Margarete hatte Fräulein Balten keinen</Unicode>
                </TextEquiv>
            </TextLine>
            <TextLine id="r3l17" custom="readingOrder {index:16;}">
                <Coords points="1814,2378 2768,2403 2894,2386 2895,2348 1929,2315 1815,2344"/>
                <Baseline points="1822,2365 1875,2366 1928,2366 1981,2367 2035,2368 2088,2369 2141,2370 2194,2371 2248,2372 2301,2373 2354,2374 2407,2375 2461,2376 2514,2377 2567,2377 2620,2378 2674,2378 2727,2379 2780,2379 2833,2379 2887,2378"/>
                <TextEquiv>
                    <Unicode>glücklichen Abend. Das Haus war schlecht besucht, der</Unicode>
                </TextEquiv>
            </TextLine>
            <TextLine id="r3l18" custom="readingOrder {index:17;}">
                <Coords points="1809,2404 1842,2421 1872,2416 1894,2427 1958,2414 2068,2433 2125,2429 2126,2398 2098,2399 2067,2373 1983,2384 1971,2373 1940,2380 1870,2368 1810,2378"/>
                <Baseline points="1816,2410 1841,2411 1866,2412 1891,2413 1916,2413 1941,2414 1967,2415 1992,2416 2017,2417 2042,2418 2067,2418 2092,2419 2118,2421"/>
                <TextEquiv>
                    <Unicode>Beifall mäßig.</Unicode>
                </TextEquiv>
            </TextLine>
            <TextEquiv>
                <Unicode>Ausschnitt aus:
Interessantes Blatt, Wien
vom:
S
Vom Theater.
Neue Wiener Bühne. Albert Basser¬
mann versuchte drei Einakter von Schnitzler, „Der
Puppenspieler“, „Die letzten Masken“, „Literatur“, zum
Bühnenleben zu bringen. Es gelang nicht vollständig, da
die magere Handlung des Puppenspielers und die ge¬
schraubten Tiefsinnigkeiten eine natürliche Darstellung
vereitelten. In den „Letzten Masken“ stand seine Leistung
hinter der von Neuß zurück. In der „Literatur“ spielte er
zwar den Clemens mit großer Eleganz, aber nicht mit
dem nötigen Lokalkolorit. Iwald bot sehr gute Leistun¬
gen; als Margarete hatte Fräulein Balten keinen
glücklichen Abend. Das Haus war schlecht besucht, der
Beifall mäßig.</Unicode>
            </TextEquiv>
        </TextRegion>
    </Page>
</PcGts>
