3344 4256
1366 210 1833 308 box 34/9
139 221 1233 337 10. Der Puppenspieler
2495 532 2769 605 Seite 27.
1303 543 1936 613 „DER PLENNV‘
350 660 2816 770 Aus der Feder des in russischer Kriegsgefangenschaft gewesenen Dr. Burghard Breitner
1136 759 2045 840 erschien soeben das neueste Werk
2036 943 2328 1055 * 4
338 1036 2819 1170 Erstklassig ausgestattet, in Seidenleinen gebunden mit Schutzdeckel auf Kunstdruckpapier gedruckt.
571 1136 2623 1236 Dieses prächtig geschriebene Buch soll jeder ehemalige Kriegsgefangene lesen!
350 1264 2837 1339 Burghard Breitner, der im Interesse abertausender kranker und verwundeter Kriegsgefangener
799 1311 2399 1394 gewirkt hat, verdient es, daß wir sein neuestes Werk kaufen.
349 1354 2833 1456 Zu beziehen durch den VERLAG OTTO NEUGEBAUER, WIEN, XVI/1, Postfach Nr. 32.
575 1426 2617 1528 Für Mitglieder der B.e. ö. K. kostet das Buch statt S 4·— nur S 2-50.
364 1586 1613 1695 Heimreise; genau abgezählt, in Viererreihen aufgestellt,
1805 1597 2623 1698 Der Plenny spielt Theater.
363 1650 1610 1750 traten wir den Weg zum Bahnhof an. Hier stand bereits
1864 1677 2589 1751 Von Burgschauspieler Julius Karsten.
371 1731 1609 1778 eine Zugsgarnitur mit Gefangenen, die von Neapel ge¬
1970 1731 2502 1822 (Fortsetzung und Schluß.)
381 1767 1625 1840 kommen waren; mit dieser fuhren wir gegen Rom.
1851 1788 2604 1889 Schnitzlers Werk in Sibirien.
387 1813 1609 1897 Die Bevölkerung war uns etwas freundlicher ge¬
382 1865 1617 1937 sinnt, man verkaufte uns Wein und mancher hat seine
1727 1862 2839 1953 Nun noch die Schilderung einer großen Vor¬
384 1912 1625 1999 Freude mit soviel des süßen Rotweines begossen, daß
1623 1933 1845 2014 stellung:
387 1967 1612 2027 er erst nüchtern wurde, als wir bereits an der
1709 1970 2842 2046 Das in Nowo-Nikolajewsk am Ob durch
385 2000 1623 2085 österreichischen Grenze waren. Wir durchfuhren das
1617 2020 2839 2089 schwedisch-dänische Munifizenz umgebaute komfortable
391 2075 1616 2132 ehemalige Kriegsgebiet, kamen an die Riviera, sahen
1624 2077 2847 2156 Lagertheater feiert seine Wiedereröffnung mit Schnitzlers
388 2107 1614 2195 hier die zum Teil bereits wiederhergestellten Gebäude,
1633 2119 2852 2206 „Lebendigen Stunden“, unter welchem Gesamttitel (nicht
380 2160 1624 2232 Brücken u. dgl. m. Vor Udine hielt der Zug auf freier
1631 2170 2850 2256 ganz richtig) „Der Puppenspieler“, „Die letzten Masken“.
390 2206 1618 2287 Strecke. Hier arbeitende österreichische Soldaten erzählten
1627 2214 2855 2290 und „Literatur“ zusammengefaßt waren. Nach 60 tägiger
393 2259 1618 2333 uns von den Wiederaufbauarbeiten, bei denen sie ver¬
1623 2264 2851 2338 Probenarbeit von durchschnittlich 10 Stunden Dauer
395 2305 1618 2376 wendet wurden. Kaum setzte sich der Zug in Bewegung,
1626 2326 2848 2386 kounter. mit ruhigem Gewissen die Einladungen, in der
393 2357 1612 2421 als einige der dort arbeitenden Soldaten einen unbe¬
1635 2363 2861 2444 Lagerdruckerei fein säuberlich vervielfältigt, in die Stadt
384 2399 1622 2468 wachten Augenblick dazu benutzten, um zu uns in den
1630 2416 2850 2486 ergehen, konnte der Kassier nach der ersten halben
391 2467 1628 2530 Zug zu springen. Glücklich brachten wir sie durch,
1640 2465 2869 2560 Stunde des allgemeinen Kartenverkaufes das Schildchen
394 2500 1623 2572 das heißt, es kümmerte sich von den Italienern niemand
1637 2518 2632 2604 „Ausverkauft“ vor seinen Verschlag hängen.
393 2558 1633 2614 um sie. In Warmbad, das ist eine Station vor Villach,
1729 2548 2862 2632 An diesem Septembertag des Jahres 1919 merkte
403 2602 1622 2678 wurden wir dem österreichischen Kommando übergeben;
1632 2598 2870 2688 man im ganzen Lager, das 300 Offiziere der verbündeten
402 2648 1627 2708 ein Major hielt eine sehr herzliche Begrüßungsrede, wobei
1642 2664 2862 2735 Armeen beherbergte, die Aufregung des „großen Tages“.
390 2694 1638 2769 es an mannigfaltigen Versprechungen nicht fehlte. Leider
1631 2709 2860 2781 Das Lagerorchester probte noch einmal das im Zeichen
391 2745 1635 2809 erfüllte sich all das nicht. Man behandelte uns auf der
1632 2759 2867 2834 wienerischer Musik stehende Programm, die Darsteller
408 2790 1627 2874 weiten Heimreise nicht gerade als Verräter, aber doch
1640 2815 2862 2883 sind seit 2 Uhr nachmittags in ihren Garderoben, um
393 2861 1634 2915 als etwas Ahnliches. In Warmbad, wo bekanntlich heiße
1643 2852 2872 2933 turnusmäßig geschminkt zu werden, denn bei ihrer
401 2902 1632 2961 Quellen sind, durften wir ein Bad nehmen, bekamen
1642 2894 2865 2981 Sachunkenntnis in der edlen Maskenkunst und der nur
402 2942 1643 3020 zu essen und mußten einen ganzen Tag warten auf die
1640 2971 2874 3028 in einer Auflage vorhandenen Schminkgarnitur ließ sich
415 3008 1634 3069 Weiterreise. Selbstverständlich im Viehwagen brachte
1638 3001 2876 3083 dieses Opfer an Unbequemlichkeit und Anstrengung
404 3048 1636 3119 man uns durchs Gesäuse nach St. Pölten. In Amstetten
1647 3055 2882 3128 nicht vermeiden. Farbenfroh prangte ein neuer Prospekt,
410 3089 1635 3165 spielte sich noch ein Zwischenfall ab, den ich nicht
1652 3101 2874 3184 Wien vom Kahlenberg aus gesehen, über der Hinterfront
409 3128 1635 3221 unerwähnt lassen möchte. Während man uns in den
1652 3144 2881 3238 der Bühne, liebevoll mit allen Details bemalt, mit
402 3197 1637 3274 anderen Stationen, wo wir längeren Aufenthalt hatten,
1657 3189 2879 3273 denen ein sehnsüchtiges Malerauge seine ach so ferne!
413 3224 1650 3321 mit ziemlich kalten Blicken, so von oben herab betrachtet
1661 3263 1948 3335 Heimt sieht.
419 3291 1642 3356 wollte man sich in Amstetten nicht mit dem bloßen
1738 3281 2875 3362 In langem Zuge, zu Fuß und im Wagen bewegten
401 3327 1643 3417 Anschauen begnügen; man beschimpfte uns, ja man
1651 3357 2879 3422 sich die Gäste aus der Stadt dem hochgelegenen Lager
416 3387 1645 3471 machte schon Miene, tätlich zu werden. Nur der Be¬
1650 3406 2876 3467 zu, an einem verwitterten Obelisken vorbei, dessen
419 3434 1648 3511 sonnenheit der betreffenden Gefangenen war es zu
1655 3447 2878 3526 Bronzebuchstaben von den ersten Kriegsgefangenen
421 3472 1647 3551 danken, daß Tätlichkeiten vermieden wurden. Wirklich
1656 3499 2885 3572 erzählen, die Peter der Große in seinen Kämpfen mit
420 3536 1654 3610 herzlich empfing man uns in St. Pölten; in dieser Stadt
1658 3543 2880 3623 Karl XII. von Schweden bis hierher verschickt hatte;
411 3578 1646 3659 lag doch im Frieden unser Regiment und man wußte,
1661 3595 2892 3671 ein seltsames Band, das hier die Geschichte über zwei
421 3630 1647 3696 daß mit diesem Transport einige hundert 21er kommen
1660 3643 2885 3725 Jahrhunderte schlingt. Bald ist das Theaterchen mit
427 3678 1658 3750 sollten, daher gab man sich Mühe, uns recht lieb zu
1668 3693 2881 3777 seinen 440 Plätzen übervoll, und an den Fenstern
428 3725 1653 3802 empfangen. Meine Angehörigen hatte ich telephonisch
1663 3734 2887 3821 drücken sich viele die Nasen platt, um wenigstens einen
429 3782 1654 3856 von meiner Heimkehr verständligen können und so kam
1660 3788 2888 3882 Ausschnitt der Bühnenvorgänge zu sehen, wenn schon
426 3820 1657 3899 es, daß mich mein Vater in Krems abholte. Als wir
1660 3836 2882 3912 nicht zu hören. Schon will ich das Zeichen zum Anfang
412 3870 1658 3948 über den Sauberg hereinfuhren, war mir so sonderbar
1660 3890 2895 3971 geben, da auch die angesagte Generalität der damaligen
423 3923 1657 3988 ums Herz. Da lag der liebe Heimatort, genau so wie
1659 3935 2888 4021 Koltschak-Regierung sich bereits eingefunden hat, als
430 3964 1659 4040 ich ihn vor drei Jahren verlassen hatte. Wie viel war
1668 3981 2897 4064 donnernde Willkommenrufe die Bohlenwände erzittern
430 4034 1551 4101 aber unterdessen in der Welt vor sich gegangen!
1666 4033 2904 4132 machen: Elsa Brändström, der Engel Sibi¬
