<?xml version="1.0" encoding="UTF-8" standalone="yes"?>
<PcGts xmlns="http://schema.primaresearch.org/PAGE/gts/pagecontent/2013-07-15" xmlns:xsi="http://www.w3.org/2001/XMLSchema-instance" xsi:schemaLocation="http://schema.primaresearch.org/PAGE/gts/pagecontent/2013-07-15 http://schema.primaresearch.org/PAGE/gts/pagecontent/2013-07-15/pagecontent.xsd">
    <Metadata>
        <Creator>prov=University of Rostock/Institute of Mathematics/CITlab/Gundram Leifert/gundram.leifert@uni-rostock.de:name=ONB_Newseye_GT_M1+(htr_id=10810)::::v=2.4.2
prov=University of Rostock/Institute of Mathematics/CITlab/Tobias Gruening/tobias.gruening@uni-rostock.de:name=de.uros.citlab.module.baseline2polygon.B2PSeamMultiOriented:v=2.4.2
prov=University of Rostock/Institute of Mathematics/CITlab/Tobias Gruening/tobias.gruening@uni-rostock.de:name=/mnt/transkribus/LA/DEA/URO/LA_news_onb_att.pb:de.uros.citlab.segmentation.CITlab_LA_ML:v=2.4.2
Transkribus</Creator>
        <Created>2019-10-07T12:13:33.676+02:00</Created>
        <LastChange>2019-10-08T21:41:20.657+02:00</LastChange>
        <TranskribusMetadata docId="224044" pageId="9507173" pageNr="16" tsid="16610471" status="IN_PROGRESS" userId="40391" imgUrl="https://files.transkribus.eu/Get?id=ZMVQORLBRCIQNZPZQVYOPBDC&amp;fileType=view" xmlUrl="https://files.transkribus.eu/Get?id=PDQPTDJKCBKKFNIESLNUZYVF" imageId="6196921"/>
    </Metadata>
    <Page imageFilename="224044_0016.jpeg" imageWidth="3344" imageHeight="4320">
        <ReadingOrder>
            <OrderedGroup id="ro_1711444435365" caption="Regions reading order">
                <RegionRefIndexed index="0" regionRef="r1"/>
                <RegionRefIndexed index="1" regionRef="r2"/>
            </OrderedGroup>
        </ReadingOrder>
        <TextRegion orientation="0.0" id="r1" custom="readingOrder {index:0;}">
            <Coords points="181,302 181,4061 1496,4061 1496,302"/>
            <TextLine id="r1l1" custom="readingOrder {index:0;}">
                <Coords points="174,342 338,330 383,357 528,358 528,283 517,279 452,288 411,267 301,311 260,276 174,278"/>
                <Baseline points="181,325 207,327 233,329 259,330 285,330 311,329 337,329 364,328 390,327 416,326 442,326 468,327 494,327 521,330"/>
                <TextEquiv>
                    <Unicode>10. Der</Unicode>
                </TextEquiv>
            </TextLine>
            <TextLine id="r1l2" custom="readingOrder {index:1;}">
                <Coords points="537,364 1245,354 1245,294 1205,278 537,283"/>
                <Baseline points="544,339 578,338 613,337 648,336 682,336 717,335 752,335 786,335 821,335 856,335 891,335 925,335 960,335 995,336 1029,336 1064,337 1099,337 1133,338 1168,339 1203,340 1238,340"/>
                <TextEquiv>
                    <Unicode>Puppenspieler</Unicode>
                </TextEquiv>
            </TextLine>
            <TextLine id="r1l3" custom="readingOrder {index:2;}">
                <Coords points="269,1178 308,1186 367,1166 391,1174 428,1166 442,1154 521,1159 543,1141 573,1142 572,1085 524,1096 498,1078 459,1071 402,1098 266,1076"/>
                <Baseline points="275,1142 301,1147 328,1151 354,1152 381,1152 407,1151 434,1148 460,1146 487,1144 513,1143 540,1142 567,1144"/>
                <TextEquiv>
                    <Unicode>SU</Unicode>
                </TextEquiv>
            </TextLine>
            <TextLine id="r1l4" custom="readingOrder {index:3;}">
                <Coords points="712,1251 857,1254 908,1241 948,1251 976,1240 1005,1251 1109,1236 1108,1180 1059,1167 956,1159 908,1180 839,1163 805,1179 711,1172"/>
                <Baseline points="719,1223 744,1223 769,1222 795,1221 820,1221 846,1220 871,1220 897,1219 922,1218 948,1218 973,1217 999,1217 1024,1217 1050,1217 1075,1217 1101,1217"/>
                <TextEquiv>
                    <Unicode>Telephon 12801.</Unicode>
                </TextEquiv>
            </TextLine>
            <TextLine id="r1l5" custom="readingOrder {index:4;}">
                <Coords points="339,1324 1483,1295 1386,1241 338,1288"/>
                <Baseline points="347,1320 403,1320 459,1319 516,1318 572,1317 629,1316 685,1314 741,1313 798,1312 854,1310 911,1308 967,1306 1023,1304 1080,1302 1136,1299 1193,1297 1249,1294 1305,1291 1362,1288 1418,1285 1475,1282"/>
                <TextEquiv>
                    <Unicode>Alex. Weigls Unternehmen für Zeitungs-Ausschnitte</Unicode>
                </TextEquiv>
            </TextLine>
            <TextLine id="r1l6" custom="readingOrder {index:5;}">
                <Coords points="538,1440 613,1458 641,1430 764,1421 1187,1421 1225,1385 1286,1384 1283,1329 848,1346 772,1389 630,1361 535,1399"/>
                <Baseline points="546,1448 582,1442 619,1437 656,1433 692,1429 729,1426 766,1424 802,1423 839,1421 876,1419 913,1417 949,1416 986,1414 1023,1413 1059,1410 1096,1408 1133,1405 1169,1401 1206,1397 1243,1391 1280,1385"/>
                <TextEquiv>
                    <Unicode>„UBSERVER“</Unicode>
                </TextEquiv>
            </TextLine>
            <TextLine id="r1l7" custom="readingOrder {index:6;}">
                <Coords points="345,1520 1350,1502 1448,1493 1469,1449 705,1448 344,1493"/>
                <Baseline points="352,1515 407,1511 463,1509 518,1507 574,1505 629,1503 685,1502 740,1501 796,1500 851,1499 907,1498 963,1497 1018,1496 1074,1494 1129,1492 1185,1490 1240,1487 1296,1484 1351,1481 1407,1476 1463,1471"/>
                <TextEquiv>
                    <Unicode>Lösterr. behördl. konz. Bureau für Zeitungsberichte u. Personalnachrichten</Unicode>
                </TextEquiv>
            </TextLine>
            <TextLine id="r1l8" custom="readingOrder {index:7;}">
                <Coords points="546,1586 1325,1556 1324,1531 1252,1505 1221,1530 1066,1496 931,1530 544,1529"/>
                <Baseline points="552,1573 590,1572 628,1572 666,1571 705,1570 743,1569 781,1568 819,1566 858,1565 896,1564 934,1562 972,1561 1011,1560 1049,1558 1087,1558 1125,1556 1164,1555 1202,1554 1240,1554 1278,1553 1317,1553"/>
                <TextEquiv>
                    <Unicode>Wien, I., Concordiaplatz 4.</Unicode>
                </TextEquiv>
            </TextLine>
            <TextLine id="r1l9" custom="readingOrder {index:8;}">
                <Coords points="778,1628 834,1639 926,1627 950,1638 1026,1632 1052,1608 1065,1608 1064,1585 995,1594 979,1579 952,1597 919,1580 898,1596 778,1591"/>
                <Baseline points="786,1624 813,1623 840,1622 867,1621 894,1620 922,1619 949,1618 976,1618 1003,1618 1030,1618 1058,1618"/>
                <TextEquiv>
                    <Unicode>Vertretungen</Unicode>
                </TextEquiv>
            </TextLine>
            <TextLine id="r1l10" custom="readingOrder {index:9;}">
                <Coords points="360,1696 1458,1669 1472,1634 1383,1607 1230,1642 358,1642"/>
                <Baseline points="367,1683 421,1683 476,1682 531,1682 586,1680 641,1679 696,1677 751,1675 806,1674 861,1671 916,1669 970,1667 1025,1664 1080,1663 1135,1660 1190,1658 1245,1656 1300,1654 1355,1653 1410,1652 1465,1651"/>
                <TextEquiv>
                    <Unicode>in Berlin, Budapest, Chicago, Genf, London, New-York,</Unicode>
                </TextEquiv>
            </TextLine>
            <TextLine id="r1l11" custom="readingOrder {index:10;}">
                <Coords points="348,1728 1440,1710 1488,1700 1487,1663 347,1699"/>
                <Baseline points="355,1727 411,1724 467,1722 523,1720 580,1718 636,1716 692,1715 749,1713 805,1711 861,1710 918,1709 974,1707 1030,1706 1086,1705 1143,1704 1199,1702 1255,1701 1312,1700 1368,1699 1424,1698 1481,1697"/>
                <TextEquiv>
                    <Unicode>Paris, Rom, Mailand, Stockholm, Christiania, St. Petersburg.</Unicode>
                </TextEquiv>
            </TextLine>
            <TextLine id="r1l12" custom="readingOrder {index:11;}">
                <Coords points="637,1792 784,1767 846,1783 966,1763 1181,1767 1208,1757 1207,1718 937,1731 884,1714 806,1735 666,1727 635,1749"/>
                <Baseline points="643,1774 670,1772 698,1770 726,1768 754,1766 782,1763 810,1762 838,1760 866,1758 894,1757 922,1756 949,1755 977,1754 1005,1753 1033,1752 1061,1752 1089,1752 1117,1752 1145,1752 1173,1752 1201,1752"/>
                <TextEquiv>
                    <Unicode>(Quellenangabe ohne Gewähr.)</Unicode>
                </TextEquiv>
            </TextLine>
            <TextLine id="r1l13" custom="readingOrder {index:12;}">
                <Coords points="1045,1833 1099,1828 1111,1838 1129,1828 1151,1840 1184,1812 1220,1811 1315,1829 1311,1749 1263,1744 1179,1775 1155,1761 1116,1769 1077,1761 1061,1776 1042,1772"/>
                <Baseline points="1051,1813 1076,1813 1102,1812 1127,1811 1153,1810 1179,1808 1204,1807 1230,1805 1255,1803 1281,1801 1307,1799"/>
                <TextEquiv>
                    <Unicode>13 12 .904</Unicode>
                </TextEquiv>
            </TextLine>
            <TextLine id="r1l14" custom="readingOrder {index:13;}">
                <Coords points="363,1906 424,1884 496,1911 540,1881 645,1886 689,1865 750,1882 815,1869 830,1883 843,1879 841,1831 697,1838 573,1821 521,1845 411,1833 361,1867"/>
                <Baseline points="369,1883 394,1882 420,1882 446,1881 472,1881 498,1879 524,1878 550,1877 576,1876 602,1874 627,1872 653,1871 679,1869 705,1868 731,1866 757,1865 783,1865 809,1863 835,1862"/>
                <TextEquiv>
                    <Unicode>Ausschnitt aus:</Unicode>
                </TextEquiv>
            </TextLine>
            <TextLine id="r1l15" custom="readingOrder {index:14;}">
                <Coords points="663,1941 722,1973 877,1944 1504,1935 1483,1860 1266,1888 1119,1858 1034,1890 875,1870 794,1813 660,1825"/>
                <Baseline points="670,1952 711,1951 752,1950 793,1948 835,1947 876,1947 917,1946 959,1945 1000,1944 1041,1944 1083,1943 1124,1943 1165,1942 1206,1941 1248,1940 1289,1939 1330,1938 1372,1936 1413,1933 1454,1931 1496,1928"/>
                <TextEquiv>
                    <Unicode>Osterr. Volks Zeitung, Wien</Unicode>
                </TextEquiv>
            </TextLine>
            <TextLine id="r1l16" custom="readingOrder {index:15;}">
                <Coords points="368,1965 377,1965 405,1992 432,1988 452,1997 521,1989 540,1977 562,1979 563,1920 548,1917 509,1938 466,1936 446,1948 369,1935"/>
                <Baseline points="375,1976 400,1978 426,1979 452,1980 477,1980 503,1980 529,1980 555,1980"/>
                <TextEquiv>
                    <Unicode>vom:</Unicode>
                </TextEquiv>
            </TextLine>
            <TextLine id="r1l17" custom="readingOrder {index:16;}">
                <Coords points="513,2052 1192,2062 1457,2023 1443,1999 1121,1989 513,2033"/>
                <Baseline points="521,2049 567,2050 613,2051 660,2051 706,2051 753,2051 799,2051 845,2050 892,2049 938,2049 985,2048 1031,2047 1077,2046 1124,2045 1170,2043 1217,2042 1263,2041 1309,2040 1356,2038 1402,2038 1449,2037"/>
                <TextEquiv>
                    <Unicode>Carttheater. Zum Besten des Ersten öffentlichen</Unicode>
                </TextEquiv>
            </TextLine>
            <TextLine id="r1l18" custom="readingOrder {index:17;}">
                <Coords points="432,2120 1218,2104 1416,2083 1456,2046 577,2069 430,2030"/>
                <Baseline points="439,2096 489,2096 540,2096 590,2095 641,2095 691,2095 742,2095 792,2095 843,2095 893,2094 944,2093 994,2093 1045,2092 1095,2091 1146,2090 1196,2088 1247,2087 1297,2085 1348,2082 1398,2079 1449,2076"/>
                <TextEquiv>
                    <Unicode>Kinder=Krankeninstitutes kam gestern hier ein Artur</Unicode>
                </TextEquiv>
            </TextLine>
            <TextLine id="r1l19" custom="readingOrder {index:18;}">
                <Coords points="455,2142 1446,2118 1365,2078 454,2109"/>
                <Baseline points="462,2138 510,2138 559,2139 608,2139 657,2139 706,2139 754,2139 803,2139 852,2139 901,2138 950,2137 998,2136 1047,2136 1096,2134 1145,2133 1194,2131 1242,2129 1291,2127 1340,2124 1389,2121 1438,2118"/>
                <TextEquiv>
                    <Unicode>Schnitzler=Abend zustande, also ein literarischer</Unicode>
                </TextEquiv>
            </TextLine>
            <TextLine id="r1l20" custom="readingOrder {index:19;}">
                <Coords points="450,2182 900,2196 1454,2159 1400,2125 450,2152"/>
                <Baseline points="457,2185 506,2185 555,2184 605,2183 654,2183 704,2182 753,2181 803,2180 852,2179 902,2178 951,2178 1000,2176 1050,2175 1099,2174 1149,2172 1198,2171 1248,2170 1297,2168 1347,2167 1396,2165 1446,2164"/>
                <TextEquiv>
                    <Unicode>Abend, und da durfte selbstredend Herr Jarno nicht</Unicode>
                </TextEquiv>
            </TextLine>
            <TextLine id="r1l21" custom="readingOrder {index:20;}">
                <Coords points="462,2237 1448,2200 1436,2170 1159,2173 1104,2203 1040,2175 898,2201 634,2183 581,2213 461,2189"/>
                <Baseline points="469,2229 517,2229 566,2228 614,2227 663,2227 712,2226 760,2225 809,2224 857,2223 906,2222 955,2222 1003,2220 1052,2219 1100,2218 1149,2217 1198,2215 1246,2214 1295,2213 1343,2211 1392,2209 1441,2207"/>
                <TextEquiv>
                    <Unicode>fehlen. Zwischen zwei in Wien schon bekannten</Unicode>
                </TextEquiv>
            </TextLine>
            <TextLine id="r1l22" custom="readingOrder {index:21;}">
                <Coords points="456,2274 1238,2270 1447,2253 1447,2227 455,2239"/>
                <Baseline points="463,2273 511,2272 560,2271 609,2269 658,2269 707,2268 756,2267 804,2267 853,2266 902,2265 951,2265 1000,2264 1049,2263 1098,2262 1146,2261 1195,2260 1244,2258 1293,2256 1342,2254 1391,2252 1440,2249"/>
                <TextEquiv>
                    <Unicode>Schnitzlerschen Einaktern wurde ein hier noch nicht ge¬</Unicode>
                </TextEquiv>
            </TextLine>
            <TextLine id="r1l23" custom="readingOrder {index:22;}">
                <Coords points="462,2327 1364,2309 1454,2289 1454,2257 1150,2258 1096,2289 1067,2264 460,2271"/>
                <Baseline points="468,2318 519,2316 571,2314 622,2313 674,2312 725,2311 777,2310 828,2309 880,2309 931,2308 983,2307 1034,2306 1086,2305 1137,2304 1189,2303 1240,2301 1292,2299 1343,2297 1395,2295 1447,2291"/>
                <TextEquiv>
                    <Unicode>sehenes, in Berlin aber schon sanft abgelehntes Stück</Unicode>
                </TextEquiv>
            </TextLine>
            <TextLine id="r1l24" custom="readingOrder {index:23;}">
                <Coords points="456,2361 1441,2333 1386,2300 455,2329"/>
                <Baseline points="463,2364 511,2361 560,2359 608,2357 657,2356 705,2354 754,2353 802,2352 851,2351 899,2351 948,2350 996,2349 1045,2349 1093,2348 1142,2347 1190,2346 1239,2344 1287,2343 1336,2341 1384,2339 1433,2336"/>
                <TextEquiv>
                    <Unicode>gegeben, eine „Studie", genannt „Der Puppen¬</Unicode>
                </TextEquiv>
            </TextLine>
            <TextLine id="r1l25" custom="readingOrder {index:24;}">
                <Coords points="464,2405 1449,2380 1412,2338 1094,2370 463,2365"/>
                <Baseline points="471,2402 519,2401 568,2401 616,2399 665,2398 713,2398 762,2396 810,2395 859,2395 907,2394 956,2393 1005,2392 1053,2391 1102,2390 1150,2389 1199,2388 1247,2387 1296,2386 1344,2385 1393,2384 1442,2383"/>
                <TextEquiv>
                    <Unicode>spieler“ Entsprechender wäre der Titel: Der Vogel.</Unicode>
                </TextEquiv>
            </TextLine>
            <TextLine id="r1l26" custom="readingOrder {index:25;}">
                <Coords points="459,2451 1232,2443 1418,2433 1450,2403 458,2410"/>
                <Baseline points="466,2444 514,2443 563,2442 612,2442 661,2441 710,2440 759,2440 808,2439 857,2438 906,2438 955,2437 1003,2436 1052,2435 1101,2434 1150,2433 1199,2432 1248,2430 1297,2429 1346,2427 1395,2425 1444,2423"/>
                <TextEquiv>
                    <Unicode>Der Dichter Georg Merklin bildete sich anfangs ein, er</Unicode>
                </TextEquiv>
            </TextLine>
            <TextLine id="r1l27" custom="readingOrder {index:26;}">
                <Coords points="448,2514 1451,2461 1407,2428 447,2451"/>
                <Baseline points="455,2490 504,2489 553,2487 603,2486 652,2485 702,2484 751,2483 800,2483 850,2482 899,2481 949,2480 998,2480 1047,2478 1097,2477 1146,2476 1196,2474 1245,2473 1294,2471 1344,2468 1393,2464 1443,2461"/>
                <TextEquiv>
                    <Unicode>sei ein Totenvogel. Er braucht nur einen schlafenden Coupé¬</Unicode>
                </TextEquiv>
            </TextLine>
            <TextLine id="r1l28" custom="readingOrder {index:27;}">
                <Coords points="466,2537 1454,2508 1354,2472 465,2502"/>
                <Baseline points="474,2532 522,2531 571,2531 619,2530 668,2529 717,2528 765,2527 814,2526 863,2525 911,2524 960,2523 1009,2522 1057,2521 1106,2519 1155,2518 1203,2516 1252,2514 1301,2512 1349,2510 1398,2508 1447,2505"/>
                <TextEquiv>
                    <Unicode>genossen fest anzusehen und ihm den Tod zu wünschen und den</Unicode>
                </TextEquiv>
            </TextLine>
            <TextLine id="r1l29" custom="readingOrder {index:28;}">
                <Coords points="458,2581 1457,2546 1376,2511 457,2540"/>
                <Baseline points="465,2574 514,2574 563,2574 612,2573 662,2573 711,2572 760,2571 809,2571 859,2570 908,2568 957,2567 1006,2566 1056,2564 1105,2562 1154,2561 1203,2559 1253,2557 1302,2555 1351,2553 1400,2551 1450,2548"/>
                <TextEquiv>
                    <Unicode>bedauernswerten Passagier trifft der Schlag. Später stellt es</Unicode>
                </TextEquiv>
            </TextLine>
            <TextLine id="r1l30" custom="readingOrder {index:29;}">
                <Coords points="464,2624 1419,2610 1467,2569 463,2581"/>
                <Baseline points="471,2619 520,2619 569,2618 619,2617 668,2616 718,2615 767,2614 817,2613 866,2612 916,2611 965,2610 1014,2609 1064,2608 1113,2607 1163,2605 1212,2604 1262,2603 1311,2601 1361,2600 1410,2599 1460,2597"/>
                <TextEquiv>
                    <Unicode>sich heraus, daß der Spaßvogel eigentlich ein Pechvogel</Unicode>
                </TextEquiv>
            </TextLine>
            <TextLine id="r1l31" custom="readingOrder {index:30;}">
                <Coords points="464,2659 1406,2652 1459,2645 1458,2605 463,2634"/>
                <Baseline points="471,2660 520,2659 569,2659 618,2659 667,2658 716,2658 765,2657 814,2656 863,2655 912,2654 961,2653 1010,2652 1059,2651 1108,2649 1157,2648 1206,2646 1255,2644 1304,2643 1353,2641 1402,2640 1451,2637"/>
                <TextEquiv>
                    <Unicode>ist. Das von ihm geliebte Frauenzimmer brennt ihm</Unicode>
                </TextEquiv>
            </TextLine>
            <TextLine id="r1l32" custom="readingOrder {index:31;}">
                <Coords points="465,2700 764,2719 1459,2684 1458,2647 1359,2639 1110,2676 465,2668"/>
                <Baseline points="472,2704 521,2703 570,2703 619,2702 668,2702 717,2701 766,2701 815,2700 864,2699 913,2698 962,2697 1011,2696 1060,2695 1109,2694 1158,2692 1207,2691 1256,2690 1305,2688 1354,2687 1403,2685 1452,2684"/>
                <TextEquiv>
                    <Unicode>durch und enes Mädchen, das im stillen um seine</Unicode>
                </TextEquiv>
            </TextLine>
            <TextLine id="r1l33" custom="readingOrder {index:32;}">
                <Coords points="452,2752 1310,2749 1439,2732 1457,2701 452,2711"/>
                <Baseline points="459,2748 508,2747 558,2746 607,2745 657,2744 706,2744 756,2743 805,2743 855,2742 904,2742 954,2741 1004,2740 1053,2739 1103,2739 1152,2737 1202,2736 1251,2734 1301,2732 1350,2729 1400,2726 1450,2723"/>
                <TextEquiv>
                    <Unicode>Liebe wirbt und ihn vielleicht zu einem brauchbaren</Unicode>
                </TextEquiv>
            </TextLine>
            <TextLine id="r1l34" custom="readingOrder {index:33;}">
                <Coords points="454,2783 806,2802 1458,2770 1414,2729 1097,2767 1062,2742 454,2751"/>
                <Baseline points="462,2791 511,2790 560,2789 610,2789 659,2788 709,2787 758,2787 808,2786 857,2785 907,2785 956,2784 1005,2783 1055,2782 1104,2781 1154,2780 1203,2778 1253,2777 1302,2775 1352,2773 1401,2770 1451,2768"/>
                <TextEquiv>
                    <Unicode>Menschen gemacht hätte, führt er ahnungslos in die</Unicode>
                </TextEquiv>
            </TextLine>
            <TextLine id="r1l35" custom="readingOrder {index:34;}">
                <Coords points="469,2839 1394,2827 1480,2781 468,2802"/>
                <Baseline points="476,2832 525,2832 575,2832 625,2832 675,2832 725,2831 775,2830 824,2830 874,2829 924,2828 974,2827 1024,2826 1074,2824 1124,2823 1173,2822 1223,2820 1273,2819 1323,2817 1373,2816 1423,2814 1473,2812"/>
                <TextEquiv>
                    <Unicode>Arme eines braven Musikers, in dessen harmonisches</Unicode>
                </TextEquiv>
            </TextLine>
            <TextLine id="r1l36" custom="readingOrder {index:35;}">
                <Coords points="470,2882 1448,2858 1418,2816 469,2837"/>
                <Baseline points="477,2879 525,2878 573,2877 621,2876 669,2874 717,2873 765,2873 814,2872 862,2871 910,2870 958,2869 1006,2868 1054,2867 1102,2866 1151,2865 1199,2863 1247,2862 1295,2860 1343,2858 1391,2856 1440,2854"/>
                <TextEquiv>
                    <Unicode>Familienleben der verschrobene Mensch erfreusicherweise</Unicode>
                </TextEquiv>
            </TextLine>
            <TextLine id="r1l37" custom="readingOrder {index:36;}">
                <Coords points="458,2922 1462,2897 1444,2855 1087,2893 818,2865 458,2888"/>
                <Baseline points="465,2920 514,2920 564,2920 613,2919 663,2919 712,2918 762,2917 811,2916 861,2916 910,2914 960,2913 1009,2912 1059,2911 1108,2910 1158,2908 1207,2906 1257,2905 1306,2903 1356,2901 1405,2899 1455,2897"/>
                <TextEquiv>
                    <Unicode>keinen Mißton zu bringen vermag. Wir hatten wirklich</Unicode>
                </TextEquiv>
            </TextLine>
            <TextLine id="r1l38" custom="readingOrder {index:37;}">
                <Coords points="461,2978 1407,2955 1469,2941 1468,2900 460,2943"/>
                <Baseline points="467,2963 516,2963 566,2962 616,2962 666,2961 715,2960 765,2960 815,2958 865,2957 914,2956 964,2955 1014,2953 1064,2952 1113,2950 1163,2949 1213,2947 1263,2945 1312,2944 1362,2942 1412,2940 1462,2939"/>
                <TextEquiv>
                    <Unicode>schon Angst, er könnte mit seinem bösen Blick dem herzi¬</Unicode>
                </TextEquiv>
            </TextLine>
            <TextLine id="r1l39" custom="readingOrder {index:38;}">
                <Coords points="473,3022 1406,2997 1467,2988 1466,2949 471,2978"/>
                <Baseline points="480,3008 529,3007 578,3006 627,3005 676,3004 725,3003 774,3002 823,3001 872,3000 921,2999 970,2998 1019,2996 1068,2995 1117,2994 1166,2993 1215,2991 1264,2990 1313,2988 1362,2985 1411,2983 1460,2981"/>
                <TextEquiv>
                    <Unicode>gen Buben des seines bescheidenen Glückes frohen Paares</Unicode>
                </TextEquiv>
            </TextLine>
            <TextLine id="r1l40" custom="readingOrder {index:39;}">
                <Coords points="473,3055 1334,3046 1466,3033 1465,2989 472,3022"/>
                <Baseline points="480,3048 528,3047 577,3047 626,3047 675,3047 724,3046 773,3045 822,3045 871,3044 920,3043 969,3042 1017,3041 1066,3040 1115,3038 1164,3037 1213,3035 1262,3033 1311,3031 1360,3028 1409,3027 1458,3024"/>
                <TextEquiv>
                    <Unicode>etwas antun. Der Narr behauptet, er spiele mit lebenden</Unicode>
                </TextEquiv>
            </TextLine>
            <TextLine id="r1l41" custom="readingOrder {index:40;}">
                <Coords points="471,3103 1471,3094 1469,3040 1390,3033 470,3059"/>
                <Baseline points="478,3091 527,3091 576,3091 625,3091 675,3091 724,3090 773,3090 822,3089 872,3088 921,3087 970,3086 1019,3085 1069,3084 1118,3082 1167,3080 1216,3078 1266,3076 1315,3075 1364,3072 1413,3069 1463,3067"/>
                <TextEquiv>
                    <Unicode>Puppen und ahnt gar nicht, wie er selbst an dem</Unicode>
                </TextEquiv>
            </TextLine>
            <TextLine id="r1l42" custom="readingOrder {index:41;}">
                <Coords points="466,3132 1470,3110 1395,3076 466,3110"/>
                <Baseline points="473,3135 522,3135 572,3135 621,3135 671,3134 720,3134 770,3133 819,3133 869,3132 918,3131 968,3130 1017,3129 1067,3128 1116,3126 1166,3125 1215,3123 1265,3120 1314,3118 1364,3116 1413,3113 1463,3110"/>
                <TextEquiv>
                    <Unicode>Drahte zappelt; er will sich frei ausleben und allem</Unicode>
                </TextEquiv>
            </TextLine>
            <TextLine id="r1l43" custom="readingOrder {index:42;}">
                <Coords points="459,3177 1387,3174 1473,3141 1473,3109 993,3153 946,3123 458,3141"/>
                <Baseline points="466,3178 516,3178 566,3177 616,3177 666,3177 716,3176 766,3176 816,3175 866,3174 916,3173 966,3172 1016,3171 1066,3170 1116,3168 1166,3167 1216,3165 1266,3163 1316,3162 1366,3159 1416,3157 1467,3155"/>
                <TextEquiv>
                    <Unicode>Brauche und Herkömmlichen ein Schni pchen schlagen:</Unicode>
                </TextEquiv>
            </TextLine>
            <TextLine id="r1l44" custom="readingOrder {index:43;}">
                <Coords points="473,3226 1405,3217 1470,3178 472,3193"/>
                <Baseline points="480,3223 529,3222 578,3221 627,3220 676,3219 725,3219 774,3218 824,3217 873,3216 922,3215 971,3214 1020,3213 1069,3212 1118,3210 1168,3210 1217,3208 1266,3206 1315,3204 1364,3202 1413,3199 1463,3196"/>
                <TextEquiv>
                    <Unicode>er entsagt jeder Schaffensfreudigkeit, weil er das unzu¬</Unicode>
                </TextEquiv>
            </TextLine>
            <TextLine id="r1l45" custom="readingOrder {index:44;}">
                <Coords points="469,3263 715,3284 1454,3245 1453,3214 1345,3207 469,3234"/>
                <Baseline points="476,3267 524,3266 573,3265 621,3264 670,3264 718,3263 767,3262 815,3261 864,3260 912,3260 961,3259 1010,3258 1058,3256 1107,3255 1155,3254 1204,3252 1252,3250 1301,3248 1349,3246 1398,3243 1447,3240"/>
                <TextEquiv>
                    <Unicode>längliche Instrument verachtet, das ihm dazu diene</Unicode>
                </TextEquiv>
            </TextLine>
            <TextLine id="r1l46" custom="readingOrder {index:45;}">
                <Coords points="470,3308 1367,3304 1470,3274 1470,3240 1006,3281 469,3276"/>
                <Baseline points="478,3311 527,3310 576,3308 625,3307 675,3306 724,3306 773,3305 823,3304 872,3303 921,3303 971,3302 1020,3301 1069,3300 1118,3299 1168,3297 1217,3295 1266,3294 1316,3291 1365,3289 1414,3286 1464,3283"/>
                <TextEquiv>
                    <Unicode>soll, seinen übermenschlichen Gefühlen und himmel¬</Unicode>
                </TextEquiv>
            </TextLine>
            <TextLine id="r1l47" custom="readingOrder {index:46;}">
                <Coords points="466,3357 1435,3345 1465,3288 465,3327"/>
                <Baseline points="473,3356 522,3354 571,3352 620,3350 670,3349 719,3348 768,3347 818,3346 867,3346 916,3345 966,3344 1015,3344 1064,3343 1113,3342 1163,3341 1212,3339 1261,3337 1311,3335 1360,3332 1409,3329 1459,3325"/>
                <TextEquiv>
                    <Unicode>stürmenden Gedanken Ausdruck zu geben, und merkt nicht</Unicode>
                </TextEquiv>
            </TextLine>
            <TextLine id="r1l48" custom="readingOrder {index:47;}">
                <Coords points="480,3396 1464,3387 1471,3327 479,3363"/>
                <Baseline points="488,3398 536,3397 585,3396 634,3395 683,3394 732,3393 781,3392 829,3391 878,3390 927,3390 976,3388 1025,3387 1074,3386 1123,3385 1171,3383 1220,3381 1269,3379 1318,3377 1367,3376 1416,3373 1465,3370"/>
                <TextEquiv>
                    <Unicode>die Fesseln, die er mit sich herumschleppt und die ihn</Unicode>
                </TextEquiv>
            </TextLine>
            <TextLine id="r1l49" custom="readingOrder {index:48;}">
                <Coords points="477,3444 1096,3447 1478,3407 1375,3371 477,3414"/>
                <Baseline points="485,3442 534,3441 583,3440 632,3439 682,3437 731,3436 780,3435 830,3434 879,3432 928,3431 978,3429 1027,3429 1076,3427 1125,3426 1175,3424 1224,3423 1273,3421 1323,3419 1372,3418 1421,3417 1471,3415"/>
                <TextEquiv>
                    <Unicode>zum Sklaven seiner unglück,eligen Torheit machen. Nicht</Unicode>
                </TextEquiv>
            </TextLine>
            <TextLine id="r1l50" custom="readingOrder {index:49;}">
                <Coords points="471,3503 1401,3478 1480,3429 469,3448"/>
                <Baseline points="477,3483 526,3482 576,3482 626,3481 676,3480 726,3479 776,3478 825,3476 875,3476 925,3474 975,3473 1025,3471 1075,3470 1125,3469 1174,3467 1224,3466 1274,3464 1324,3464 1374,3462 1424,3461 1474,3460"/>
                <TextEquiv>
                    <Unicode>an dem tücht gen Darsteller Jarno lag's, daß die von</Unicode>
                </TextEquiv>
            </TextLine>
            <TextLine id="r1l51" custom="readingOrder {index:50;}">
                <Coords points="480,3525 758,3544 873,3514 1303,3533 1474,3506 1473,3473 1419,3467 480,3497"/>
                <Baseline points="488,3527 539,3526 591,3524 642,3523 694,3522 745,3521 797,3520 848,3519 900,3518 951,3517 1003,3516 1054,3515 1106,3514 1157,3512 1209,3510 1260,3509 1312,3507 1363,3505 1415,3503 1467,3500"/>
                <TextEquiv>
                    <Unicode>ihm trefflich angelegte Charakterstudie zur Fratze wurde.</Unicode>
                </TextEquiv>
            </TextLine>
            <TextLine id="r1l52" custom="readingOrder {index:51;}">
                <Coords points="480,3575 700,3582 748,3548 847,3576 1156,3545 1482,3567 1480,3501 969,3538 478,3521"/>
                <Baseline points="487,3572 536,3571 585,3570 635,3569 684,3567 734,3566 783,3565 832,3564 882,3563 931,3562 981,3560 1030,3559 1079,3558 1129,3557 1178,3556 1228,3554 1277,3553 1326,3551 1376,3550 1425,3548 1475,3547"/>
                <TextEquiv>
                    <Unicode>Hans Claar und Frieda Wagen stellten gesunde,</Unicode>
                </TextEquiv>
            </TextLine>
            <TextLine id="r1l53" custom="readingOrder {index:52;}">
                <Coords points="485,3615 1340,3606 1484,3589 1483,3552 484,3587"/>
                <Baseline points="492,3615 541,3613 590,3612 639,3611 689,3610 738,3609 787,3607 836,3607 886,3606 935,3604 984,3603 1033,3602 1083,3601 1132,3599 1181,3598 1230,3596 1280,3594 1329,3592 1378,3590 1427,3588 1477,3585"/>
                <TextEquiv>
                    <Unicode>einfache Menschen, den Musiker und sein Weib, lebens¬</Unicode>
                </TextEquiv>
            </TextLine>
            <TextLine id="r1l54" custom="readingOrder {index:53;}">
                <Coords points="472,3658 1481,3637 1440,3591 1172,3621 471,3612"/>
                <Baseline points="479,3657 528,3656 578,3655 628,3654 677,3654 727,3653 777,3652 826,3651 876,3650 926,3649 976,3648 1025,3646 1075,3645 1125,3644 1174,3642 1224,3641 1274,3639 1323,3637 1373,3636 1423,3634 1473,3631"/>
                <TextEquiv>
                    <Unicode>warm dar. Den Ansang machte das Schauspiel „Tie</Unicode>
                </TextEquiv>
            </TextLine>
            <TextLine id="r1l55" custom="readingOrder {index:54;}">
                <Coords points="473,3697 1475,3677 1474,3644 1435,3639 472,3659"/>
                <Baseline points="480,3700 529,3699 578,3698 628,3697 677,3696 727,3695 776,3694 825,3693 875,3693 924,3692 974,3691 1023,3690 1072,3689 1122,3688 1171,3687 1221,3685 1270,3684 1319,3683 1369,3681 1418,3679 1468,3677"/>
                <TextEquiv>
                    <Unicode>letzten Masken“ mit Albert Heine, Otto Treßle</Unicode>
                </TextEquiv>
            </TextLine>
            <TextLine id="r1l56" custom="readingOrder {index:55;}">
                <Coords points="478,3770 572,3739 1290,3744 1451,3731 1482,3689 477,3707"/>
                <Baseline points="485,3744 534,3743 584,3742 633,3741 683,3740 732,3739 782,3738 831,3737 881,3736 930,3735 980,3734 1029,3734 1079,3733 1128,3731 1178,3730 1227,3729 1277,3727 1326,3725 1376,3723 1425,3721 1475,3718"/>
                <TextEquiv>
                    <Unicode>und Erich Schmidt in den Hauptrollen; den Abend¬</Unicode>
                </TextEquiv>
            </TextLine>
            <TextLine id="r1l57" custom="readingOrder {index:56;}">
                <Coords points="487,3798 1477,3777 1476,3724 485,3752"/>
                <Baseline points="494,3787 542,3787 591,3786 640,3785 689,3785 738,3784 786,3783 835,3782 884,3781 933,3779 982,3777 1030,3776 1079,3775 1128,3773 1177,3772 1226,3770 1274,3768 1323,3767 1372,3765 1421,3763 1470,3762"/>
                <TextEquiv>
                    <Unicode>beschloß das Lustspiel „Literatur", dargestellt von Rosa</Unicode>
                </TextEquiv>
            </TextLine>
            <TextLine id="r1l58" custom="readingOrder {index:57;}">
                <Coords points="484,3833 1396,3821 1487,3802 1487,3773 483,3786"/>
                <Baseline points="491,3828 540,3828 590,3828 639,3827 689,3827 738,3826 788,3825 837,3824 887,3822 936,3821 986,3820 1035,3819 1085,3817 1134,3816 1184,3814 1233,3813 1283,3812 1332,3811 1382,3810 1431,3810 1481,3810"/>
                <TextEquiv>
                    <Unicode>Albach=Retty, Otto Treßler und Albert Heine.</Unicode>
                </TextEquiv>
            </TextLine>
            <TextLine id="r1l59" custom="readingOrder {index:58;}">
                <Coords points="481,3861 758,3883 1478,3845 1477,3817 1350,3813 481,3832"/>
                <Baseline points="489,3869 538,3869 587,3869 636,3869 685,3869 734,3868 783,3868 832,3867 881,3866 930,3865 980,3863 1029,3862 1078,3860 1127,3859 1176,3857 1225,3855 1274,3854 1323,3852 1372,3851 1421,3849 1471,3847"/>
                <TextEquiv>
                    <Unicode>Es war ein wirklicher Kunstgenuß, den uns die Genann¬</Unicode>
                </TextEquiv>
            </TextLine>
            <TextLine id="r1l60" custom="readingOrder {index:59;}">
                <Coords points="491,3926 1483,3893 1481,3843 1379,3870 490,3878"/>
                <Baseline points="498,3916 546,3914 595,3913 644,3911 693,3910 742,3909 791,3908 839,3907 888,3906 937,3905 986,3904 1035,3903 1084,3903 1133,3901 1181,3900 1230,3899 1279,3898 1328,3897 1377,3895 1426,3893 1475,3891"/>
                <TextEquiv>
                    <Unicode>ten vermittelten. Vergleichungen zwischen ihnen und</Unicode>
                </TextEquiv>
            </TextLine>
            <TextLine id="r1l61" custom="readingOrder {index:60;}">
                <Coords points="486,3955 1394,3951 1492,3930 1491,3900 485,3930"/>
                <Baseline points="493,3956 542,3956 592,3955 641,3954 691,3953 741,3952 790,3951 840,3950 889,3949 939,3947 989,3946 1038,3945 1088,3944 1137,3943 1187,3942 1237,3941 1286,3940 1336,3938 1385,3938 1435,3937 1485,3936"/>
                <TextEquiv>
                    <Unicode>jenen Künstlern, welche diese Stücke hier schon vor ihnen</Unicode>
                </TextEquiv>
            </TextLine>
            <TextLine id="r1l62" custom="readingOrder {index:61;}">
                <Coords points="488,4007 1486,3987 1445,3942 639,3979 487,3954"/>
                <Baseline points="495,3998 544,3998 593,3998 642,3998 691,3997 741,3997 790,3996 839,3995 888,3993 937,3992 987,3991 1036,3989 1085,3988 1134,3987 1183,3985 1233,3985 1282,3984 1331,3983 1380,3983 1429,3983 1479,3983"/>
                <TextEquiv>
                    <Unicode>spielten, lassen wir lieber sein. Kunz singt nicht wie ich,</Unicode>
                </TextEquiv>
            </TextLine>
            <TextLine id="r1l63" custom="readingOrder {index:62;}">
                <Coords points="489,4070 919,4033 1382,4044 1489,4035 1488,4000 487,4007"/>
                <Baseline points="495,4051 544,4049 593,4047 642,4046 692,4043 741,4041 790,4040 840,4039 889,4037 938,4035 988,4034 1037,4033 1086,4031 1135,4030 1185,4029 1234,4028 1283,4026 1333,4025 1382,4024 1431,4022 1481,4021"/>
                <TextEquiv>
                    <Unicode>ich nicht wie Nachtigall: ein jeder singt nach seiner Weise.</Unicode>
                </TextEquiv>
            </TextLine>
            <TextEquiv>
                <Unicode>10. Der
Puppenspieler
SU
Telephon 12801.
Alex. Weigls Unternehmen für Zeitungs-Ausschnitte
„UBSERVER“
Lösterr. behördl. konz. Bureau für Zeitungsberichte u. Personalnachrichten
Wien, I., Concordiaplatz 4.
Vertretungen
in Berlin, Budapest, Chicago, Genf, London, New-York,
Paris, Rom, Mailand, Stockholm, Christiania, St. Petersburg.
(Quellenangabe ohne Gewähr.)
13 12 .904
Ausschnitt aus:
Osterr. Volks Zeitung, Wien
vom:
Carttheater. Zum Besten des Ersten öffentlichen
Kinder=Krankeninstitutes kam gestern hier ein Artur
Schnitzler=Abend zustande, also ein literarischer
Abend, und da durfte selbstredend Herr Jarno nicht
fehlen. Zwischen zwei in Wien schon bekannten
Schnitzlerschen Einaktern wurde ein hier noch nicht ge¬
sehenes, in Berlin aber schon sanft abgelehntes Stück
gegeben, eine „Studie", genannt „Der Puppen¬
spieler“ Entsprechender wäre der Titel: Der Vogel.
Der Dichter Georg Merklin bildete sich anfangs ein, er
sei ein Totenvogel. Er braucht nur einen schlafenden Coupé¬
genossen fest anzusehen und ihm den Tod zu wünschen und den
bedauernswerten Passagier trifft der Schlag. Später stellt es
sich heraus, daß der Spaßvogel eigentlich ein Pechvogel
ist. Das von ihm geliebte Frauenzimmer brennt ihm
durch und enes Mädchen, das im stillen um seine
Liebe wirbt und ihn vielleicht zu einem brauchbaren
Menschen gemacht hätte, führt er ahnungslos in die
Arme eines braven Musikers, in dessen harmonisches
Familienleben der verschrobene Mensch erfreusicherweise
keinen Mißton zu bringen vermag. Wir hatten wirklich
schon Angst, er könnte mit seinem bösen Blick dem herzi¬
gen Buben des seines bescheidenen Glückes frohen Paares
etwas antun. Der Narr behauptet, er spiele mit lebenden
Puppen und ahnt gar nicht, wie er selbst an dem
Drahte zappelt; er will sich frei ausleben und allem
Brauche und Herkömmlichen ein Schni pchen schlagen:
er entsagt jeder Schaffensfreudigkeit, weil er das unzu¬
längliche Instrument verachtet, das ihm dazu diene
soll, seinen übermenschlichen Gefühlen und himmel¬
stürmenden Gedanken Ausdruck zu geben, und merkt nicht
die Fesseln, die er mit sich herumschleppt und die ihn
zum Sklaven seiner unglück,eligen Torheit machen. Nicht
an dem tücht gen Darsteller Jarno lag's, daß die von
ihm trefflich angelegte Charakterstudie zur Fratze wurde.
Hans Claar und Frieda Wagen stellten gesunde,
einfache Menschen, den Musiker und sein Weib, lebens¬
warm dar. Den Ansang machte das Schauspiel „Tie
letzten Masken“ mit Albert Heine, Otto Treßle
und Erich Schmidt in den Hauptrollen; den Abend¬
beschloß das Lustspiel „Literatur", dargestellt von Rosa
Albach=Retty, Otto Treßler und Albert Heine.
Es war ein wirklicher Kunstgenuß, den uns die Genann¬
ten vermittelten. Vergleichungen zwischen ihnen und
jenen Künstlern, welche diese Stücke hier schon vor ihnen
spielten, lassen wir lieber sein. Kunz singt nicht wie ich,
ich nicht wie Nachtigall: ein jeder singt nach seiner Weise.</Unicode>
            </TextEquiv>
        </TextRegion>
        <TextRegion orientation="0.0" id="r2" custom="readingOrder {index:1;}">
            <Coords points="1413,294 1413,3833 2986,3833 2986,294"/>
            <TextLine id="r2l1" custom="readingOrder {index:0;}">
                <Coords points="1406,321 1566,340 1604,315 1666,342 1694,325 1731,339 1791,320 1817,339 1858,322 1858,269 1658,262 1607,302 1499,267 1478,278 1438,262 1405,277"/>
                <Baseline points="1413,322 1438,322 1464,321 1490,321 1516,321 1541,321 1567,321 1593,321 1619,322 1644,322 1670,322 1696,321 1722,321 1747,320 1773,320 1799,319 1825,318 1851,316"/>
                <TextEquiv>
                    <Unicode>box 34/9</Unicode>
                </TextEquiv>
            </TextLine>
            <TextLine id="r2l2" custom="readingOrder {index:1;}">
                <Coords points="1723,1404 1820,1396 1866,1372 1890,1383 1903,1367 1947,1354 2007,1352 2001,1287 1955,1278 1935,1291 1918,1282 1889,1294 1877,1286 1857,1296 1820,1292 1762,1353 1747,1347 1719,1363"/>
                <Baseline points="1727,1379 1754,1371 1781,1366 1808,1363 1835,1359 1863,1357 1890,1355 1917,1354 1944,1351 1971,1349 1999,1345"/>
                <TextEquiv>
                    <Unicode>Muib</Unicode>
                </TextEquiv>
            </TextLine>
            <TextLine id="r2l3" custom="readingOrder {index:2;}">
                <Coords points="2069,1413 2446,1418 2471,1408 2471,1361 2438,1369 2402,1342 2356,1351 2309,1339 2291,1355 2258,1341 2209,1355 2181,1342 2137,1355 2069,1350"/>
                <Baseline points="2077,1384 2102,1384 2128,1385 2154,1386 2180,1386 2206,1386 2231,1386 2257,1386 2283,1386 2309,1386 2335,1386 2360,1386 2386,1386 2412,1385 2438,1385 2464,1385"/>
                <TextEquiv>
                    <Unicode>Telephon 12801.</Unicode>
                </TextEquiv>
            </TextLine>
            <TextLine id="r2l4" custom="readingOrder {index:3;}">
                <Coords points="1715,1484 2840,1469 2839,1422 2782,1417 1714,1435"/>
                <Baseline points="1722,1481 1777,1480 1833,1479 1888,1478 1944,1477 1999,1477 2055,1476 2110,1476 2166,1475 2221,1474 2277,1474 2332,1473 2388,1472 2443,1472 2499,1471 2554,1470 2610,1469 2665,1467 2721,1466 2776,1464 2832,1462"/>
                <TextEquiv>
                    <Unicode>Alex. Weigls Unternehmen für Zeitungs-Ausschnitte</Unicode>
                </TextEquiv>
            </TextLine>
            <TextLine id="r2l5" custom="readingOrder {index:4;}">
                <Coords points="1893,1613 2100,1610 2130,1588 2539,1596 2649,1556 2647,1509 2107,1513 2085,1536 2039,1516 2018,1539 1992,1518 1891,1559"/>
                <Baseline points="1900,1610 1937,1603 1974,1597 2011,1592 2048,1589 2085,1587 2122,1584 2159,1583 2196,1583 2233,1583 2271,1583 2308,1583 2345,1582 2382,1582 2419,1581 2456,1580 2493,1577 2530,1574 2567,1570 2604,1565 2642,1557"/>
                <TextEquiv>
                    <Unicode>„UBSERVER“</Unicode>
                </TextEquiv>
            </TextLine>
            <TextLine id="r2l6" custom="readingOrder {index:5;}">
                <Coords points="1716,1686 2839,1654 2722,1602 1715,1632"/>
                <Baseline points="1723,1670 1778,1669 1833,1668 1889,1667 1944,1667 2000,1666 2055,1666 2110,1665 2166,1665 2221,1664 2277,1664 2332,1663 2387,1662 2443,1662 2498,1661 2554,1660 2609,1659 2664,1657 2720,1655 2775,1653 2831,1651"/>
                <TextEquiv>
                    <Unicode>L. österr. behördl. konz. Bureau für Zeitungsberichte u. Personalnachrichten</Unicode>
                </TextEquiv>
            </TextLine>
            <TextLine id="r2l7" custom="readingOrder {index:6;}">
                <Coords points="1892,1726 1955,1759 2670,1728 2670,1703 2611,1681 2487,1668 2267,1698 2226,1676 2060,1705 1947,1677 1892,1695"/>
                <Baseline points="1899,1732 1937,1733 1975,1733 2013,1734 2051,1734 2090,1734 2128,1734 2166,1733 2204,1733 2242,1732 2281,1731 2319,1731 2357,1730 2395,1729 2433,1728 2472,1728 2510,1727 2548,1726 2586,1725 2624,1725 2663,1724"/>
                <TextEquiv>
                    <Unicode>Wien, I., Concordiaplatz 4.</Unicode>
                </TextEquiv>
            </TextLine>
            <TextLine id="r2l8" custom="readingOrder {index:7;}">
                <Coords points="2122,1794 2176,1794 2204,1806 2218,1795 2258,1802 2305,1791 2352,1802 2383,1789 2432,1791 2431,1772 2414,1775 2374,1750 2358,1759 2344,1745 2259,1756 2230,1749 2204,1763 2121,1754"/>
                <Baseline points="2129,1792 2155,1791 2182,1790 2209,1789 2236,1788 2263,1788 2290,1787 2317,1787 2344,1787 2371,1787 2398,1788 2425,1788"/>
                <TextEquiv>
                    <Unicode>Vertretungen</Unicode>
                </TextEquiv>
            </TextLine>
            <TextLine id="r2l9" custom="readingOrder {index:8;}">
                <Coords points="1715,1845 2835,1847 2765,1779 1715,1809"/>
                <Baseline points="1723,1843 1778,1843 1833,1843 1888,1843 1943,1843 1999,1842 2054,1841 2109,1840 2164,1840 2219,1839 2275,1837 2330,1836 2385,1835 2440,1834 2495,1833 2551,1831 2606,1830 2661,1829 2716,1828 2771,1827 2827,1826"/>
                <TextEquiv>
                    <Unicode>in Berlin, Budapest, Chicago, Genf, London, New-York,</Unicode>
                </TextEquiv>
            </TextLine>
            <TextLine id="r2l10" custom="readingOrder {index:9;}">
                <Coords points="1704,1903 2836,1885 2835,1847 2708,1829 1703,1863"/>
                <Baseline points="1711,1888 1766,1886 1822,1884 1878,1882 1934,1881 1990,1880 2046,1879 2102,1878 2158,1877 2214,1877 2270,1876 2325,1876 2381,1875 2437,1875 2493,1875 2549,1875 2605,1875 2661,1874 2717,1874 2773,1874 2829,1874"/>
                <TextEquiv>
                    <Unicode>Paris, Rom, Mailand, Stockholm, Christiania, St. Petersburg.</Unicode>
                </TextEquiv>
            </TextLine>
            <TextLine id="r2l11" custom="readingOrder {index:10;}">
                <Coords points="1984,1949 2112,1933 2149,1954 2398,1953 2555,1933 2554,1884 2486,1875 2374,1899 2223,1885 1983,1899"/>
                <Baseline points="1991,1937 2018,1935 2046,1933 2074,1932 2102,1930 2130,1929 2157,1928 2185,1927 2213,1926 2241,1926 2269,1926 2296,1926 2324,1925 2352,1925 2380,1925 2408,1925 2435,1926 2463,1926 2491,1926 2519,1926 2547,1927"/>
                <TextEquiv>
                    <Unicode>(Quellenangabe ohne Gewähr.)</Unicode>
                </TextEquiv>
            </TextLine>
            <TextLine id="r2l12" custom="readingOrder {index:11;}">
                <Coords points="1726,2039 1771,2054 1865,2041 1949,2054 2089,2036 2178,2057 2176,1984 2048,2001 1989,1979 1932,2003 1899,1983 1875,1999 1725,2007"/>
                <Baseline points="1733,2039 1758,2040 1784,2040 1810,2039 1835,2038 1861,2038 1887,2036 1912,2035 1938,2033 1964,2033 1990,2031 2015,2030 2041,2029 2067,2029 2092,2029 2118,2029 2144,2030 2170,2032"/>
                <TextEquiv>
                    <Unicode>Ausschnitt aus</Unicode>
                </TextEquiv>
            </TextLine>
            <TextLine id="r2l13" custom="readingOrder {index:12;}">
                <Coords points="2154,2093 2956,2094 2966,2029 2270,2019 2153,2051"/>
                <Baseline points="2161,2087 2200,2087 2240,2087 2280,2087 2320,2087 2360,2087 2400,2087 2440,2087 2480,2087 2520,2087 2560,2087 2599,2087 2639,2086 2679,2086 2719,2086 2759,2085 2799,2085 2839,2084 2879,2083 2919,2082 2959,2081"/>
                <TextEquiv>
                    <Unicode>Deutsches Volksblatt, Wien</Unicode>
                </TextEquiv>
            </TextLine>
            <TextLine id="r2l14" custom="readingOrder {index:13;}">
                <Coords points="1727,2135 1741,2133 1756,2149 1781,2148 1791,2156 1809,2148 1823,2154 1892,2153 1911,2145 1912,2118 1902,2121 1888,2107 1875,2101 1865,2107 1847,2095 1818,2105 1765,2097 1728,2107"/>
                <Baseline points="1734,2139 1762,2140 1790,2140 1819,2140 1847,2141 1875,2143 1904,2145"/>
                <TextEquiv>
                    <Unicode>vom:</Unicode>
                </TextEquiv>
            </TextLine>
            <TextLine id="r2l15" custom="readingOrder {index:14;}">
                <Coords points="2022,2242 2103,2237 2156,2247 2296,2234 2295,2133 2281,2128 2221,2145 2165,2132 2051,2151 2021,2137"/>
                <Baseline points="2029,2231 2055,2230 2081,2230 2107,2230 2133,2229 2159,2229 2185,2229 2211,2229 2237,2229 2263,2228 2289,2227"/>
                <TextEquiv>
                    <Unicode>TAATA</Unicode>
                </TextEquiv>
            </TextLine>
            <TextLine id="r2l16" custom="readingOrder {index:15;}">
                <Coords points="1865,2276 2857,2292 2922,2268 2922,2215 2214,2254 1952,2254 1865,2216"/>
                <Baseline points="1873,2279 1925,2280 1977,2280 2029,2280 2081,2280 2133,2280 2185,2281 2237,2281 2289,2281 2341,2281 2394,2281 2446,2281 2498,2282 2550,2282 2602,2282 2654,2282 2706,2282 2758,2282 2810,2282 2862,2282 2915,2282"/>
                <TextEquiv>
                    <Unicode>Carl=Theater. Es ist doch merkwürdig, daß die</Unicode>
                </TextEquiv>
            </TextLine>
            <TextLine id="r2l17" custom="readingOrder {index:16;}">
                <Coords points="1781,2335 2748,2337 2897,2315 2898,2286 2021,2301 1781,2258"/>
                <Baseline points="1788,2326 1843,2324 1898,2324 1953,2323 2008,2322 2063,2322 2118,2322 2173,2323 2228,2323 2283,2324 2339,2325 2394,2326 2449,2326 2504,2327 2559,2327 2614,2327 2669,2327 2724,2327 2779,2326 2834,2324 2890,2322"/>
                <TextEquiv>
                    <Unicode>Vkranstalter von Wohltätigkeitsvorstellungen sich so oft ein¬</Unicode>
                </TextEquiv>
            </TextLine>
            <TextLine id="r2l18" custom="readingOrder {index:17;}">
                <Coords points="1777,2373 2895,2363 2802,2322 1777,2333"/>
                <Baseline points="1784,2371 1839,2369 1894,2367 1949,2366 2004,2365 2059,2365 2114,2365 2170,2366 2225,2366 2280,2367 2335,2368 2390,2370 2445,2370 2500,2371 2556,2372 2611,2372 2666,2372 2721,2372 2776,2371 2831,2369 2887,2367"/>
                <TextEquiv>
                    <Unicode>bilden, die Besucher derselben auf die ästhetische Folter</Unicode>
                </TextEquiv>
            </TextLine>
            <TextLine id="r2l19" custom="readingOrder {index:18;}">
                <Coords points="1782,2431 2857,2426 2903,2376 1782,2383"/>
                <Baseline points="1789,2415 1844,2413 1899,2412 1955,2411 2010,2411 2065,2411 2121,2411 2176,2411 2231,2411 2287,2412 2342,2412 2397,2412 2453,2413 2508,2413 2563,2413 2619,2413 2674,2412 2729,2412 2785,2411 2840,2410 2896,2408"/>
                <TextEquiv>
                    <Unicode>spannen zu dürfen. Einen Rekord an Grausamkeit, der kaum</Unicode>
                </TextEquiv>
            </TextLine>
            <TextLine id="r2l20" custom="readingOrder {index:19;}">
                <Coords points="1783,2471 2245,2474 2364,2438 2827,2469 2905,2421 1783,2427"/>
                <Baseline points="1791,2456 1846,2455 1901,2455 1957,2455 2012,2455 2067,2455 2123,2456 2178,2456 2233,2456 2289,2456 2344,2456 2399,2456 2455,2456 2510,2456 2565,2455 2621,2455 2676,2454 2731,2453 2787,2452 2842,2451 2898,2450"/>
                <TextEquiv>
                    <Unicode>zu überbieten ist, stellten die Arrangeure der gestrigen</Unicode>
                </TextEquiv>
            </TextLine>
            <TextLine id="r2l21" custom="readingOrder {index:20;}">
                <Coords points="1778,2514 2794,2510 2895,2455 1778,2473"/>
                <Baseline points="1785,2501 1840,2500 1895,2499 1950,2499 2005,2498 2060,2498 2115,2497 2171,2497 2226,2497 2281,2496 2336,2496 2391,2496 2446,2496 2501,2495 2557,2495 2612,2495 2667,2494 2722,2494 2777,2493 2832,2492 2888,2491"/>
                <TextEquiv>
                    <Unicode>zum Besten des „I. öffentlichen Kinderkrankeninstitutes“</Unicode>
                </TextEquiv>
            </TextLine>
            <TextLine id="r2l22" custom="readingOrder {index:21;}">
                <Coords points="2536,2541 2565,2550 2638,2531 2676,2559 2768,2527 2816,2562 2905,2565 2905,2506 2871,2499 2781,2513 2698,2499 2679,2513 2612,2517 2587,2500 2537,2503"/>
                <Baseline points="2544,2533 2569,2536 2594,2538 2619,2539 2645,2540 2670,2541 2695,2541 2721,2541 2746,2541 2771,2540 2796,2540 2822,2539 2847,2538 2872,2537 2898,2536"/>
                <TextEquiv>
                    <Unicode>Es gab wohl</Unicode>
                </TextEquiv>
            </TextLine>
            <TextLine id="r2l23" custom="readingOrder {index:22;}">
                <Coords points="1782,2546 2443,2556 2477,2537 2477,2503 1782,2510"/>
                <Baseline points="1789,2544 1823,2543 1857,2543 1891,2542 1925,2542 1959,2542 1993,2542 2027,2542 2061,2542 2095,2542 2129,2542 2163,2542 2197,2542 2231,2542 2265,2542 2299,2542 2333,2541 2367,2541 2401,2540 2435,2539 2470,2538"/>
                <TextEquiv>
                    <Unicode>mit ihrem Schnitzler=Abend auf.</Unicode>
                </TextEquiv>
            </TextLine>
            <TextLine id="r2l24" custom="readingOrder {index:23;}">
                <Coords points="1787,2602 2079,2568 2129,2600 2782,2587 2723,2538 1787,2559"/>
                <Baseline points="1794,2590 1843,2589 1892,2587 1941,2586 1990,2586 2039,2586 2088,2586 2137,2586 2186,2586 2235,2586 2284,2587 2333,2587 2382,2587 2431,2588 2480,2588 2529,2587 2578,2587 2627,2586 2676,2586 2725,2584 2775,2582"/>
                <TextEquiv>
                    <Unicode>niemand in dem fast ausverkauften Hause,</Unicode>
                </TextEquiv>
            </TextLine>
            <TextLine id="r2l25" custom="readingOrder {index:24;}">
                <Coords points="1783,2634 2812,2646 2902,2628 2902,2583 1783,2598"/>
                <Baseline points="1789,2632 1844,2631 1899,2630 1954,2630 2010,2630 2065,2630 2120,2630 2176,2630 2231,2630 2286,2631 2342,2631 2397,2632 2452,2632 2507,2632 2563,2632 2618,2632 2673,2632 2729,2631 2784,2630 2839,2629 2895,2627"/>
                <TextEquiv>
                    <Unicode>nicht erleichtert aufatmete, als der Vorhang zum</Unicode>
                </TextEquiv>
            </TextLine>
            <TextLine id="r2l26" custom="readingOrder {index:25;}">
                <Coords points="1786,2687 2802,2687 2929,2655 2893,2628 1786,2635"/>
                <Baseline points="1793,2677 1849,2677 1905,2676 1962,2675 2018,2675 2075,2674 2131,2674 2188,2674 2244,2674 2301,2673 2357,2673 2413,2673 2470,2673 2526,2673 2583,2673 2639,2673 2696,2673 2752,2672 2809,2672 2865,2671 2922,2671"/>
                <TextEquiv>
                    <Unicode>zweitenmal fiel. Man hatte während der verflossenen zwei</Unicode>
                </TextEquiv>
            </TextLine>
            <TextLine id="r2l27" custom="readingOrder {index:26;}">
                <Coords points="1783,2727 2583,2715 2867,2748 2940,2729 2940,2648 2794,2690 1783,2690"/>
                <Baseline points="1791,2720 1848,2719 1905,2718 1962,2718 2019,2717 2076,2716 2133,2716 2190,2716 2247,2716 2304,2715 2361,2715 2418,2716 2475,2716 2532,2716 2589,2716 2646,2716 2703,2717 2760,2717 2817,2718 2874,2718 2932,2718"/>
                <TextEquiv>
                    <Unicode>Stunden dasselbe Gefühl, als ob während der ganzen Zeit "</Unicode>
                </TextEquiv>
            </TextLine>
            <TextLine id="r2l28" custom="readingOrder {index:27;}">
                <Coords points="1843,2843 2903,2818 2948,2803 2947,2738 2708,2739 2534,2786 1841,2789"/>
                <Baseline points="1849,2836 1903,2833 1958,2831 2012,2828 2067,2827 2122,2825 2176,2824 2231,2822 2285,2821 2340,2820 2395,2819 2449,2818 2504,2817 2558,2816 2613,2815 2668,2813 2722,2811 2777,2809 2831,2806 2886,2802 2941,2799"/>
                <TextEquiv>
                    <Unicode>jemand mit einem zu harten Griffel eine Schiefertafel be¬</Unicode>
                </TextEquiv>
            </TextLine>
            <TextLine id="r2l29" custom="readingOrder {index:28;}">
                <Coords points="1838,2872 2940,2860 2960,2804 1837,2845"/>
                <Baseline points="1845,2878 1900,2876 1955,2874 2011,2873 2066,2871 2122,2870 2177,2869 2233,2868 2288,2867 2344,2866 2399,2865 2454,2864 2510,2863 2565,2862 2621,2860 2676,2858 2732,2856 2787,2854 2843,2851 2898,2849 2954,2845"/>
                <TextEquiv>
                    <Unicode>arbeitete und domit jenes entsetzliche Gekreisch erzeugte, das</Unicode>
                </TextEquiv>
            </TextLine>
            <TextLine id="r2l30" custom="readingOrder {index:29;}">
                <Coords points="1842,2924 2947,2908 2960,2853 1841,2881"/>
                <Baseline points="1849,2919 1904,2918 1959,2917 2014,2915 2070,2914 2125,2914 2180,2913 2235,2912 2291,2911 2346,2910 2401,2910 2456,2909 2512,2908 2567,2906 2622,2904 2677,2903 2733,2901 2788,2898 2843,2896 2898,2892 2954,2888"/>
                <TextEquiv>
                    <Unicode>jeden, der nicht Nerven von Stahl hat, zur Raserei bringt.</Unicode>
                </TextEquiv>
            </TextLine>
            <TextLine id="r2l31" custom="readingOrder {index:30;}">
                <Coords points="1840,2962 2962,2928 2834,2895 1839,2929"/>
                <Baseline points="1847,2961 1902,2960 1957,2959 2013,2958 2068,2957 2123,2956 2179,2956 2234,2955 2289,2954 2345,2953 2400,2952 2455,2952 2511,2950 2566,2949 2621,2947 2677,2945 2732,2943 2787,2941 2843,2937 2898,2934 2954,2930"/>
                <TextEquiv>
                    <Unicode>Der Abend wurde nämlich mit Schnitzlers vom Volks¬</Unicode>
                </TextEquiv>
            </TextLine>
            <TextLine id="r2l32" custom="readingOrder {index:31;}">
                <Coords points="1847,3008 2961,3004 2959,2944 2850,2939 1846,2967"/>
                <Baseline points="1854,3004 1911,3003 1969,3003 2027,3002 2085,3001 2143,3000 2201,2998 2258,2997 2316,2995 2374,2993 2432,2992 2490,2990 2548,2988 2605,2986 2663,2984 2721,2982 2779,2980 2837,2978 2895,2975 2953,2973"/>
                <TextEquiv>
                    <Unicode>theater und dem Gastspiele der Berliner her bekanntem</Unicode>
                </TextEquiv>
            </TextLine>
            <TextLine id="r2l33" custom="readingOrder {index:32;}">
                <Coords points="1843,3043 2744,3042 2959,3003 1843,3023"/>
                <Baseline points="1851,3045 1906,3045 1961,3044 2016,3043 2071,3042 2126,3040 2181,3038 2236,3036 2291,3034 2346,3032 2401,3031 2456,3028 2511,3026 2566,3025 2621,3023 2676,3022 2731,3021 2786,3020 2841,3020 2896,3020 2952,3020"/>
                <TextEquiv>
                    <Unicode>Schauspiele „Die letzten Masken“ eröffnet. Das</Unicode>
                </TextEquiv>
            </TextLine>
            <TextLine id="r2l34" custom="readingOrder {index:33;}">
                <Coords points="1852,3092 2955,3076 2992,3006 1851,3057"/>
                <Baseline points="1858,3086 1914,3085 1970,3082 2027,3081 2083,3079 2140,3078 2196,3076 2252,3075 2309,3073 2365,3072 2422,3070 2478,3069 2534,3067 2591,3065 2647,3063 2704,3060 2760,3058 2816,3055 2873,3052 2929,3049 2986,3045"/>
                <TextEquiv>
                    <Unicode>qualvolle Stun winde von den Herren He##mn</Unicode>
                </TextEquiv>
            </TextLine>
            <TextLine id="r2l35" custom="readingOrder {index:34;}">
                <Coords points="1847,3125 2736,3116 2974,3077 1846,3097"/>
                <Baseline points="1854,3125 1909,3125 1965,3124 2020,3122 2076,3121 2132,3120 2187,3119 2243,3117 2299,3116 2354,3114 2410,3112 2466,3110 2521,3108 2577,3107 2633,3104 2688,3102 2744,3100 2800,3098 2855,3096 2911,3093 2967,3091"/>
                <TextEquiv>
                    <Unicode>Treßler in unerträglich outrierter Weise und von</Unicode>
                </TextEquiv>
            </TextLine>
            <TextLine id="r2l36" custom="readingOrder {index:35;}">
                <Coords points="1848,3170 2966,3150 2951,3093 2394,3136 1847,3125"/>
                <Baseline points="1856,3169 1911,3168 1966,3167 2021,3166 2076,3165 2131,3163 2186,3161 2241,3160 2296,3158 2351,3157 2407,3154 2462,3153 2517,3151 2572,3149 2627,3147 2682,3145 2737,3143 2792,3142 2847,3140 2902,3138 2958,3136"/>
                <TextEquiv>
                    <Unicode>ihrem Kollegen Schmidt und einigen Herren, die in</Unicode>
                </TextEquiv>
            </TextLine>
            <TextLine id="r2l37" custom="readingOrder {index:36;}">
                <Coords points="1858,3218 2684,3210 2932,3186 2958,3147 1856,3172"/>
                <Baseline points="1864,3213 1918,3211 1972,3210 2027,3209 2081,3207 2135,3205 2190,3204 2244,3202 2298,3201 2353,3199 2407,3197 2461,3196 2516,3194 2570,3192 2624,3190 2679,3188 2733,3186 2787,3184 2842,3182 2896,3180 2951,3177"/>
                <TextEquiv>
                    <Unicode>den weitesten Kreisen unbekannt sind und deshalb ungenannt</Unicode>
                </TextEquiv>
            </TextLine>
            <TextLine id="r2l38" custom="readingOrder {index:37;}">
                <Coords points="1845,3256 2960,3227 2958,3178 2151,3236 1844,3216"/>
                <Baseline points="1852,3256 1907,3255 1962,3254 2017,3253 2072,3252 2127,3250 2182,3249 2237,3247 2292,3246 2347,3244 2402,3242 2457,3240 2512,3238 2567,3236 2622,3234 2677,3232 2732,3229 2787,3227 2842,3224 2897,3222 2952,3220"/>
                <TextEquiv>
                    <Unicode>bleiben können, absolut ungenügend gespielt. Dann folgte</Unicode>
                </TextEquiv>
            </TextLine>
            <TextLine id="r2l39" custom="readingOrder {index:38;}">
                <Coords points="1843,3314 2401,3308 2678,3259 2863,3284 2965,3268 2964,3227 1841,3259"/>
                <Baseline points="1850,3300 1905,3300 1960,3300 2016,3299 2071,3298 2127,3296 2182,3295 2237,3293 2293,3291 2348,3288 2404,3286 2459,3283 2514,3281 2570,3279 2625,3276 2681,3274 2736,3271 2791,3269 2847,3267 2902,3266 2958,3264"/>
                <TextEquiv>
                    <Unicode>die Studie „Der Puppenspieler“ eine absolut</Unicode>
                </TextEquiv>
            </TextLine>
            <TextLine id="r2l40" custom="readingOrder {index:39;}">
                <Coords points="1852,3346 2970,3322 2968,3264 2494,3314 2444,3286 1851,3318"/>
                <Baseline points="1860,3345 1915,3343 1970,3342 2025,3340 2080,3338 2135,3337 2190,3335 2245,3333 2300,3331 2355,3330 2411,3327 2466,3326 2521,3324 2576,3322 2631,3320 2686,3318 2741,3316 2796,3314 2851,3312 2906,3310 2962,3308"/>
                <TextEquiv>
                    <Unicode>undrematische Schwätzerei, ein konfuses Kauderwelsch,</Unicode>
                </TextEquiv>
            </TextLine>
            <TextLine id="r2l41" custom="readingOrder {index:40;}">
                <Coords points="2227,3384 2413,3390 2588,3359 2971,3373 2953,3308 2226,3344"/>
                <Baseline points="2234,3372 2270,3371 2306,3371 2343,3370 2379,3370 2416,3369 2452,3368 2489,3368 2525,3367 2562,3366 2598,3364 2634,3363 2671,3362 2707,3361 2744,3359 2780,3357 2817,3355 2853,3354 2890,3352 2926,3350 2963,3347"/>
                <TextEquiv>
                    <Unicode>verdeutlichen die Herren Jarno</Unicode>
                </TextEquiv>
            </TextLine>
            <TextLine id="r2l42" custom="readingOrder {index:41;}">
                <Coords points="1842,3395 1894,3402 1992,3382 2078,3394 2129,3373 2167,3396 2213,3383 2213,3355 2121,3356 2095,3344 2060,3355 2021,3341 1979,3370 1947,3349 1911,3344 1887,3358 1841,3342"/>
                <Baseline points="1849,3387 1874,3388 1900,3388 1925,3388 1951,3388 1976,3387 2002,3386 2027,3385 2053,3385 2078,3383 2104,3382 2129,3382 2155,3381 2180,3380 2206,3380"/>
                <TextEquiv>
                    <Unicode>dessen Sinn zu</Unicode>
                </TextEquiv>
            </TextLine>
            <TextLine id="r2l43" custom="readingOrder {index:42;}">
                <Coords points="2876,3407 2894,3410 2908,3401 2936,3407 2948,3400 2956,3407 2966,3407 2965,3377 2956,3377 2935,3357 2915,3361 2905,3356 2875,3361"/>
                <Baseline points="2883,3397 2908,3395 2933,3394 2958,3396"/>
                <TextEquiv>
                    <Unicode>sich</Unicode>
                </TextEquiv>
            </TextLine>
            <TextLine id="r2l44" custom="readingOrder {index:43;}">
                <Coords points="2248,3427 2359,3427 2391,3407 2453,3424 2830,3412 2829,3368 2603,3366 2554,3398 2481,3367 2416,3388 2246,3384"/>
                <Baseline points="2255,3418 2283,3417 2311,3416 2340,3415 2368,3414 2397,3413 2425,3412 2453,3411 2482,3410 2510,3409 2539,3409 2567,3408 2595,3407 2624,3406 2652,3405 2681,3404 2709,3403 2737,3401 2766,3400 2794,3398 2823,3397"/>
                <TextEquiv>
                    <Unicode>sowie Frau Wagen</Unicode>
                </TextEquiv>
            </TextLine>
            <TextLine id="r2l45" custom="readingOrder {index:44;}">
                <Coords points="2102,3426 2112,3424 2115,3427 2122,3423 2134,3431 2159,3426 2168,3432 2176,3428 2181,3430 2193,3418 2205,3416 2204,3385 2185,3385 2181,3390 2163,3393 2142,3382 2120,3397 2101,3398"/>
                <Baseline points="2109,3421 2138,3420 2167,3419 2197,3419"/>
                <TextEquiv>
                    <Unicode>ar</Unicode>
                </TextEquiv>
            </TextLine>
            <TextLine id="r2l46" custom="readingOrder {index:45;}">
                <Coords points="1852,3441 1879,3444 1896,3435 1923,3435 1948,3416 1963,3420 1977,3416 1977,3393 1954,3393 1948,3387 1938,3396 1930,3392 1923,3398 1917,3392 1895,3401 1864,3392 1851,3394"/>
                <Baseline points="1858,3427 1886,3428 1914,3428 1942,3427 1970,3427"/>
                <TextEquiv>
                    <Unicode>und</Unicode>
                </TextEquiv>
            </TextLine>
            <TextLine id="r2l47" custom="readingOrder {index:46;}">
                <Coords points="1858,3485 2975,3455 2973,3402 1856,3445"/>
                <Baseline points="1864,3479 1919,3476 1974,3473 2029,3471 2084,3468 2139,3466 2194,3464 2250,3462 2305,3461 2360,3459 2415,3458 2470,3456 2525,3455 2580,3453 2636,3452 2691,3450 2746,3448 2801,3446 2856,3444 2911,3441 2967,3437"/>
                <TextEquiv>
                    <Unicode>vergeblich bemühten. Den Schluß machte das Lustspiel</Unicode>
                </TextEquiv>
            </TextLine>
            <TextLine id="r2l48" custom="readingOrder {index:47;}">
                <Coords points="1848,3529 2964,3505 2970,3452 1846,3492"/>
                <Baseline points="1855,3523 1910,3520 1965,3518 2021,3515 2076,3513 2132,3511 2187,3509 2243,3507 2298,3505 2354,3504 2409,3502 2464,3500 2520,3498 2575,3496 2631,3494 2686,3491 2742,3489 2797,3487 2853,3484 2908,3482 2964,3478"/>
                <TextEquiv>
                    <Unicode>„Literatur“, in dem Frau Retty in der von der Sand¬</Unicode>
                </TextEquiv>
            </TextLine>
            <TextLine id="r2l49" custom="readingOrder {index:48;}">
                <Coords points="1856,3562 2938,3543 2959,3490 1855,3528"/>
                <Baseline points="1863,3563 1917,3561 1972,3559 2026,3556 2081,3555 2135,3553 2190,3551 2244,3550 2299,3548 2353,3546 2408,3545 2462,3543 2517,3542 2571,3541 2626,3538 2680,3537 2735,3535 2789,3533 2844,3530 2898,3528 2953,3525"/>
                <TextEquiv>
                    <Unicode>rock kreierten Rolle all ihren Charme entfaltete, in dem</Unicode>
                </TextEquiv>
            </TextLine>
            <TextLine id="r2l50" custom="readingOrder {index:49;}">
                <Coords points="1847,3623 2514,3578 2977,3595 2975,3529 1845,3573"/>
                <Baseline points="1853,3608 1908,3605 1964,3603 2020,3601 2076,3599 2132,3596 2187,3595 2243,3592 2299,3591 2355,3589 2411,3587 2466,3585 2522,3583 2578,3581 2634,3579 2690,3578 2745,3576 2801,3574 2857,3572 2913,3570 2969,3568"/>
                <TextEquiv>
                    <Unicode>sich Herr Treßler als „Klemens“ wiederfand und in dem</Unicode>
                </TextEquiv>
            </TextLine>
            <TextLine id="r2l51" custom="readingOrder {index:50;}">
                <Coords points="1856,3649 2967,3635 2965,3577 2818,3573 1855,3618"/>
                <Baseline points="1863,3649 1917,3647 1972,3645 2027,3643 2082,3641 2137,3639 2191,3637 2246,3635 2301,3633 2356,3631 2411,3630 2465,3628 2520,3626 2575,3624 2630,3623 2685,3621 2739,3619 2794,3618 2849,3616 2904,3614 2959,3612"/>
                <TextEquiv>
                    <Unicode>auch Herr Heine für die unbehaglichen Empfindungen,</Unicode>
                </TextEquiv>
            </TextLine>
            <TextLine id="r2l52" custom="readingOrder {index:51;}">
                <Coords points="1864,3698 2964,3659 2963,3625 2910,3619 1863,3653"/>
                <Baseline points="1871,3691 1925,3688 1979,3685 2033,3683 2088,3681 2142,3679 2196,3677 2251,3675 2305,3674 2359,3672 2414,3671 2468,3669 2522,3668 2576,3666 2631,3664 2685,3663 2739,3661 2794,3659 2848,3658 2902,3656 2957,3653"/>
                <TextEquiv>
                    <Unicode>die er als „Rademacher“ erweckt hatte, zum mindesten eine</Unicode>
                </TextEquiv>
            </TextLine>
            <TextLine id="r2l53" custom="readingOrder {index:52;}">
                <Coords points="1862,3742 2865,3718 2966,3710 2965,3670 1861,3702"/>
                <Baseline points="1869,3731 1923,3729 1978,3728 2032,3726 2087,3725 2141,3723 2196,3722 2250,3720 2305,3718 2359,3716 2414,3714 2468,3713 2523,3711 2577,3709 2632,3708 2686,3706 2741,3705 2795,3703 2850,3701 2904,3700 2959,3699"/>
                <TextEquiv>
                    <Unicode>teilweise Entschädigung bot. Ein zweitesmal wird man das</Unicode>
                </TextEquiv>
            </TextLine>
            <TextLine id="r2l54" custom="readingOrder {index:53;}">
                <Coords points="1862,3778 2975,3752 2973,3704 2887,3699 1861,3747"/>
                <Baseline points="1869,3771 1923,3771 1978,3771 2033,3771 2088,3770 2143,3769 2198,3768 2253,3765 2308,3764 2363,3762 2418,3760 2472,3758 2527,3755 2582,3753 2637,3751 2692,3748 2747,3747 2802,3745 2857,3743 2912,3741 2967,3740"/>
                <TextEquiv>
                    <Unicode>Publikum dieser Vorstellung wohl nicht zum Besuche eines</Unicode>
                </TextEquiv>
            </TextLine>
            <TextLine id="r2l55" custom="readingOrder {index:54;}">
                <Coords points="2784,3801 2807,3790 2817,3799 2838,3799 2863,3789 2868,3795 2916,3799 2934,3790 2948,3793 2949,3751 2934,3754 2927,3748 2913,3761 2890,3748 2872,3748 2846,3760 2829,3750 2809,3752 2784,3767"/>
                <Baseline points="2791,3787 2816,3784 2841,3783 2866,3783 2891,3784 2916,3785 2941,3787"/>
                <TextEquiv>
                    <Unicode>H. P.</Unicode>
                </TextEquiv>
            </TextLine>
            <TextLine id="r2l56" custom="readingOrder {index:55;}">
                <Coords points="1857,3826 2646,3797 2645,3772 2553,3757 2208,3793 2097,3771 1856,3787"/>
                <Baseline points="1865,3823 1903,3822 1942,3821 1981,3820 2019,3819 2058,3818 2097,3816 2135,3814 2174,3813 2213,3812 2252,3810 2290,3809 2329,3807 2368,3805 2406,3803 2445,3802 2484,3800 2522,3798 2561,3797 2600,3795 2639,3793"/>
                <TextEquiv>
                    <Unicode>Schnitzler=Abends zu bewegen vermögen.</Unicode>
                </TextEquiv>
            </TextLine>
            <TextEquiv>
                <Unicode>box 34/9
Muib
Telephon 12801.
Alex. Weigls Unternehmen für Zeitungs-Ausschnitte
„UBSERVER“
L. österr. behördl. konz. Bureau für Zeitungsberichte u. Personalnachrichten
Wien, I., Concordiaplatz 4.
Vertretungen
in Berlin, Budapest, Chicago, Genf, London, New-York,
Paris, Rom, Mailand, Stockholm, Christiania, St. Petersburg.
(Quellenangabe ohne Gewähr.)
Ausschnitt aus
Deutsches Volksblatt, Wien
vom:
TAATA
Carl=Theater. Es ist doch merkwürdig, daß die
Vkranstalter von Wohltätigkeitsvorstellungen sich so oft ein¬
bilden, die Besucher derselben auf die ästhetische Folter
spannen zu dürfen. Einen Rekord an Grausamkeit, der kaum
zu überbieten ist, stellten die Arrangeure der gestrigen
zum Besten des „I. öffentlichen Kinderkrankeninstitutes“
Es gab wohl
mit ihrem Schnitzler=Abend auf.
niemand in dem fast ausverkauften Hause,
nicht erleichtert aufatmete, als der Vorhang zum
zweitenmal fiel. Man hatte während der verflossenen zwei
Stunden dasselbe Gefühl, als ob während der ganzen Zeit "
jemand mit einem zu harten Griffel eine Schiefertafel be¬
arbeitete und domit jenes entsetzliche Gekreisch erzeugte, das
jeden, der nicht Nerven von Stahl hat, zur Raserei bringt.
Der Abend wurde nämlich mit Schnitzlers vom Volks¬
theater und dem Gastspiele der Berliner her bekanntem
Schauspiele „Die letzten Masken“ eröffnet. Das
qualvolle Stun winde von den Herren He##mn
Treßler in unerträglich outrierter Weise und von
ihrem Kollegen Schmidt und einigen Herren, die in
den weitesten Kreisen unbekannt sind und deshalb ungenannt
bleiben können, absolut ungenügend gespielt. Dann folgte
die Studie „Der Puppenspieler“ eine absolut
undrematische Schwätzerei, ein konfuses Kauderwelsch,
verdeutlichen die Herren Jarno
dessen Sinn zu
sich
sowie Frau Wagen
ar
und
vergeblich bemühten. Den Schluß machte das Lustspiel
„Literatur“, in dem Frau Retty in der von der Sand¬
rock kreierten Rolle all ihren Charme entfaltete, in dem
sich Herr Treßler als „Klemens“ wiederfand und in dem
auch Herr Heine für die unbehaglichen Empfindungen,
die er als „Rademacher“ erweckt hatte, zum mindesten eine
teilweise Entschädigung bot. Ein zweitesmal wird man das
Publikum dieser Vorstellung wohl nicht zum Besuche eines
H. P.
Schnitzler=Abends zu bewegen vermögen.</Unicode>
            </TextEquiv>
        </TextRegion>
    </Page>
</PcGts>
