3436 4384
1153 379 1616 463 box 41/5
133 363 1008 476 1. Miscellaneous
968 425 1011 473 *
2392 611 3077 700 12. April 1914 Seie o0
1257 614 1953 729 Illustrirtes Wiener Bitrehatt
156 632 778 714 Nr. 101 Wien, Sonntag
2941 679 3095 726 —
1358 781 3110 1002 des Hofburgtheaters werden?
137 898 1346 1021 Wir sod Bilrntor
2590 991 2729 1090 417
1373 1037 2691 1139 „Illustrierten Wiener Extrablalt
554 1014 1378 1150 Eine Rundfrage des
1325 1143 1913 1244 mit Beiträgen von
2075 1194 3087 1297 Exzellenz Alexander Markgraf Pallavicini.
278 1211 1034 1299 Professor Heinrich v. Angeli.
1349 1224 1887 1317 Edmund v. Hellmer.
2217 1271 2945 1354 Exzellenz Dr. Robert Pattai.
268 1286 1043 1367 Oberbaurat Ludwig Baumann.
1309 1294 1912 1365 Oskar Edler v. Hoefft.
2401 1330 2745 1397 Roda Roda.
361 1340 964 1422 Dr. Anton Bettelheim.
1243 1345 1993 1437 Hofrat Dr. Eduard Leisching.
2233 1381 2920 1457 Alexandrine v. Schönerer.
451 1395 883 1464 Hugo Darnaut.
1366 1408 1873 1483 Dr. Haus Müller.
2270 1439 2887 1514 Professor August Stoll.
269 1434 1051 1531 Dr. Karl Ritter v. Feistmantel.
1291 1464 1941 1544 Professor Josef Müllner.
2277 1495 2893 1574 Rudolf Ritter v. Weyr.
284 1504 1032 1586 Hofrat Dr. August Fournier.
1302 1522 1961 1601 Hofrat Dr. Anton Ohorn.
2432 1552 2755 1635 Egon Zweig.
281 1550 1072 1647 Geheimer Hofrat Max Grube.
1629 1619 3137 1717 soll Burgtheaterdirektor werden? weit über den Kreis der engeren Inter¬
267 1640 1613 1722 Woran hat man nicht alles den Kulturzustand messen wollen!
1635 1692 2977 1767 essenten, der Liebhaber und Habitués, hinaus die Gemüter bewegt.
123 1693 1620 1765 Am Seifenverbrauch, sogar an der Zahl der Irrsinnssälle, und am
1791 1742 3130 1821 Unsere Rundfrage will nicht nur zur Klärung der Anschauungen
135 1765 1625 1831 Geburtenrückgang. Warum nicht auch an der Bühne? An ihren Theatern
1628 1806 3123 1876 beitragen, sie will vor allem auch die bestehenden Strömungen und
139 1829 614 1905 sollt Ihr sie erkennen!
1642 1859 3127 1931 Tendenzen aufzeigen. Welches ist das Ergebnis? Das wird jeder wohl
218 1865 1622 1949 Vielleicht spricht allzusehr Lokalpatriotismus aus diesem Vorschlag.
1632 1925 3131 2006 selbst bald herausfinden, wir werden uns wohl hüten, mit zahlenmäßigen
141 1926 1625 2006 Müßte doch Wien bei Anlegung dieses Maßstabes weit, weit vorn in der
1638 1975 3140 2055 Ergebnissen aufzumarschieren. Denn wer künstlerische Fragen statistisch
131 1993 1613 2066 ersten Reihe stehen. Aber die Wiener Theater sind nicht nur gut, sie sind
1634 2039 3125 2104 behandeln wollte, gliche jenem Sonderling, der glaubt, er wisse, wie
125 2059 1614 2127 auch so mit der Stadt verwachsen, aus ihr emporgewachsen, daß das
1630 2080 3143 2170 eine Blume duftet, weun er die wohlriechende Substanz chemisch
121 2108 1625 2181 IInteresse an ihnen ein solches für die Lebensinteressen der Metropole
1622 2156 1888 2239 analysiert.
129 2162 1620 2231 bedeutet. Und aus dieser Tatsache erklärt es sich, daß die Frage: Wer
1405 2233 1837 2313 S
2125 2306 3126 2399 Sie haben dem Burgtheater werkvollere Dienste
1129 2323 2119 2404 rufensten Nachfolger gebeten wurde, in Verlegenheit.
2135 2376 3135 2437 geleistet, als die Prattiker. Wer berufen werden
132 2268 1118 2456 Professor Heinrich v. Augeli,
1132 2392 2123 2450 „Es gibt 40 Minionen Deutsche,“ so sagte er
2128 2432 3124 2484 soll, das Szepter in dieser Kunststätte zu ergreisen
1131 2446 2120 2496 dazumal einem Freunde; „darunter nicht vier, die
522 2428 749 2502 Muler.
2129 2473 3136 2519 und zu führen, der muß auch mit einigen Tropfen
1122 2474 2116 2543 auen Anforderungen an das Amt eines Burg¬
224 2473 1118 2559 Der Respekt vor dem Fremdtum steckt den
2133 2503 3130 2567 Poesie gesalbt sein. Routine ist eine angenehme
1138 2526 2117 2578 theaterdirektors genügen können.“ Als würdigsten
124 2532 1109 2598 Oesterreichern leider zu stark im Blute. Patriotismus
2125 2550 3136 2613 Sache. Bei dem Burgtheaterdirektor wünsche ich alle
1127 2562 2125 2626 Kandidaten bezeichnete Wilbrandt schon Anno 1889,
136 2592 1117 2646 stut uns not. Glauben Sie, es könnte jemals einem
2125 2580 3125 2655 Rubriken des Befähigungsnachweises mit be¬
1132 2607 2120 2665 zwanzig Jahre zu früh, Alfred Berger.
129 2636 1112 2691 Franzosen einfallen, einen Belgier zur Leitung der
2138 2630 3141 2701 sonderen Noten ausgefüllt. Wenn ich kandidieren
1130 2646 2124 2709 Mittlerweile wurde das Haus am Franzensring
136 2678 1125 2734 Comédie française zu berufen? Ich bezweifle,
2128 2678 3141 2741 möchte? Unter den in der Oeffentlichkeit genannten
1135 2698 2116 2744 eröffnet, das zu den alten Schwierigkeiten ein
128 2727 1120 2775 kdaß sobald einem Oesterreicher die Ehre wider¬
2139 2719 3137 2785 Anwärtern scheint mir Hermann Bahr der
1135 2736 2125 2785 Unmaß von neuen (mangelhafte Akustik, wachsendes
133 2759 1120 2824 fahren dürfte, an die Spitze des Königlichen Schau¬
2128 2754 3146 2822 geeignete Mann zu sein. Nicht der Hermann Bahr,
1127 2776 2121 2842 Defizit 2c.) hinzusügte. Jeder neue Direktor soll ein
133 2802 1123 2866 spielhauses in Berlin oder Dresden gestellt zu
2135 2803 3129 2854 wie er vor zwanzig Jahren in die Arena trat —
1132 2823 2126 2881 Hexenmeister sein, der die Kassen füllt, die Massen
141 2846 1120 2902 werden. Unser Burgtheater braucht einen Führer,
2136 2859 3147 2915 der Hermann Bahr von heute, der zwar noch
1132 2863 2122 2938 und die Kenner gleichmäßig durch Muster¬
134 2903 1122 2955 stark und aufrecht, um sich in Respekt zu setzen
2129 2887 3167 2955 manchmal in Widersprüchen steckt, der aber ein
1140 2903 2121 2962 aufführungen der Klassiker, Entdeckung und
125 2935 1128 2989 und um sich Sympathien zu erobern. Respekt und
2131 2938 2691 3007 ganzer, ein echter Mann ist.
1135 2954 2124 3004 Förderung jüngerer Tichter und Darsteller anregt
135 2974 1118 3027 Stmpathien beim Publikum und bei den Künstlern.
1133 2992 2132 3042 und festhält; der großen Stil und Konversationston
133 3019 1127 3073 Das Burgtheater braucht einen Leiter, der eine
1134 3025 2136 3084 mit derselben Ueberlegenheit zu pflegen weiß und
2179 3012 3106 3122 Dr. Karl Ritter v. Feist¬
140 3055 1132 3125 seine Nase besitzt, um auszuspüren, ob hinter
1194 3075 2132 3125 nach dem Wunsche maßgebender Kreise — wenn¬
140 3096 1119 3153 einem jungen Schauspieler ein großer Kerl steckt,
1133 3109 2132 3180 möglich ein Oesterreicher sein soll. Der Wunder¬
2473 3096 2778 3187 mantel,
141 3152 1122 3213 ob eine junge Begabung imstande ist, aus der
1143 3156 2139 3219 mann, auf den die meisten dieser Voraussetzungen
133 3192 1122 3246 Knospe zu springen, zur Blüte zu reisen. Wir
2203 3171 3070 3262 Präsident der niederöstereichischen
1131 3214 2136 3263 zutreffen, lebt. Seine Name lautet: Max Rein¬
500 3224 1120 3284 einen österreichischen
137 3230 401 3291 brauchen
2396 3235 2889 3299 Advokatenkammer.
1132 3253 2132 3309 hardt. Er macht in Berlin augenblicklich volle
173 3278 1121 3328 aube! Einen Mann, der die Courage besitzt,
1135 3286 2137 3350 Häuser mit einem in Einzelheiten ansechtbaren, im
2234 3277 3151 3347 Zuerst eine Konstatierung. Ich ergreife an
148 3320 1127 3370 mit dem Ausstattungsluzus aufzuräumen und der
1145 3332 2123 3383 Ganzen dankenswerten Shakespeare=Zyklus und
2137 3323 3146 3404 dieser Steue das Wort — nicht als Advokat. Ein
152 3366 1118 3409 Dichtung zum Rechte zu verheisen. Einen Mann,
1134 3364 2130 3422 vergißt darüber nicht, neue Dramaliker zu Wort
2138 3375 3138 3435 alter, treuer Besucher des Burgtheaters gibt
140 3397 1130 3455 der für die Kultur der Rede bei dem Nachwuchs
1132 3415 2120 3481 kommen zu lassen. (Beer=Hoffmann, Hofmannsthal,
2139 3418 3144 3477 Antwort auf die ihm gestellte Frage. Ein Be¬
150 3452 1131 3501 Sinn und Verständnis hat. Zu der modernen
1144 3470 2129 3512 Schmiot=Bonn, Schnitzler, Eulenberg 2c.) Er ver¬
2144 3459 3142 3523 sucher des Burgtbeaters, der sich seine Jugend¬
131 3499 1129 3552 Produktion finde ich leider kein Verhältnis. Sie ist
1148 3500 2127 3559 steht sich auf Massenwirkungen in der Rotunde und
2143 3499 3144 3566 schwärmerei für dieses Haus noch immer bewahrt
143 3531 1128 3595 gewiß großartig — zu meinem Bedauern fehlt mir
1147 3539 2129 3602 wäre zugleich anschlägig genug, die Miniaturbühne
2135 3544 3149 3603 hat, dem köstliche Erinnerungen an vergangene schöne
133 3579 1127 3635 die Empfänglichkeit für das sogenannte „moderne
1148 3584 2133 3643 des Konzerthauses für Kammerspiele zu nützen.
2136 3589 3141 3650 Abende im Gedächtnisse haften. Auf Grund meiner
142 3603 1132 3671 Schaffen“. Dichtkunst war mir stets Dichtkunst.
1146 3638 2136 3690 Er ist nebenbei — was bei der Besetzung eines
2143 3632 3138 3688 Erfahrungen glaube ich behaupten zu dürsen, daß
142 3660 1128 3721 Lallen und Stammeln werde ich niemals als Poesie
1138 3660 2132 3727 von Laube, Dingelstedt, Wilbrandt, Förster, durch¬
2140 3666 3145 3733 die Praktiker dem Burgtheater keinen Schaden
135 3703 1129 3768 anzusehen in der Lage sein. Wer Direktor des
1150 3712 2123 3776 wegs Reichsdeutscher, rühmlich verwalteten Amtes
2135 3715 3140 3779 zugesügt haben. Es gab Prattiker — dabei denke
147 3751 1128 3808 Burgtheaters sein soll? Artur Schnitzser Hugo
3042 3758 3144 3810 die
1141 3757 2129 3816 meines Erachtens nicht ausschlaggebend sein darf
2146 3755 2958 3824 ich nicht an Handwerker, an Routiniers
139 3783 1133 3848 Thimig... Letzterer br#denas seine
1147 3793 2130 3857 und wird — Oesterreicher. Er wird nur seine
2150 3783 3140 3865 dem Kunstinstitute große Vorteile brachten. War
140 3829 1128 3887 große Routine mit, kennt, das Theater, weil er sich
1144 3842 2136 3902 gegenwärtige, völlig unabhängige, materiell
2139 3842 3147 3927 Laub,e, dieses Ideal eines Theaterdirektors, nicht
149 3869 1074 3925 mit ihm befaßt hat. Ein Dichter wird immer
2146 3892 3143 3944 ein Praktiker im besten Sinne? Und Dingel¬
1146 3878 2125 3946 glänzende Stellung, die seinen Künstlerphantasien
139 3906 1138 3965 einen Gewissenskonflikt geraten. Der Direktor soll
1154 3938 2126 3988 freien Spielraum gewährt, nicht aufgeben wollen.
2145 3920 3146 3991 stedt! Dem waren doch alle Bedürfnisse des
146 3957 1136 4008 das ihm anvertraute Theater zur Schatzkammer der
1151 3978 2126 4033 Angesichts dieser Sachlage scheint mir Hugo
2140 3968 3144 4041 Theaters ebenfalls kein unbekanntes Land. Die
140 4000 1130 4068 Literatur erheben, alles Unreine, Unedle fernehalter,
1801 3997 2127 4072 Kraft hat, das
1154 4008 1803 4072 Thimig, so lang er Lust und
2139 4004 3138 4067 modernen Dichter von heute, ich bitte die Herren
836 4036 1137 4097 Findet sich ein
142 4042 767 4096 und dabei „Geschäfte machen“.
1808 4051 2138 4114 der wünschens¬
1147 4051 1805 4109 Burgtheater zu leiten, weitaus
2138 4056 3141 4121 um Entschuldigung, flößen mie kein Vertrauen ein.
142 4087 1136 4154 solcher Wundermann, dann heiße man ihn freudigst
1820 4096 2134 4155 Er kennt den
1146 4099 1808 4162 werteste Führer seiner Kameraden.
2144 4094 3131 4171 Ihre Werke haben mich weder erbaut, noch be¬
148 4132 417 4192 willkommen.
1144 4135 1800 4208 Hausbrauch wie kein Zweiter
1803 4136 3133 4193 und ist von geistert, noch amusiert. Einem solchen „Modernen“
1150 4175 1782 4255 unversieglicher Arbeitsfreudigkeit.
2141 4182 3142 4259 die Leitung des Burgtheaters anzuvertrauen, wäre
183 4188 1114 4262 Oberbaurat Ludwig Bau¬
3000 4225 3139 4278 Zum
2436 4226 2959 4273 riskantes Unternehmen.
2272 4235 2385 4279 sehr
2143 4240 2222 4281 ein
