3436 4384
496 113 1596 198 e e
487 198 1590 246 erücksichtigt, ihre entsetztichen Leiden hat sie meist unverändert
472 243 760 304 bestehen lassen.
588 284 1593 340 Die Freiheitsstrafen werden bei den gegenwärtigen Zu¬
483 345 1602 396 tänden in Ruß and zur unerträglichen Marter. Unterernährung
464 388 1603 447 bis zum buchstäblichen Verhungern, Uebersüllung der Gefängnisse
467 434 1596 484 bis zur Unmöglichkeit, auch nur den nackten Fußboden als
475 468 1600 516 Lagerstätte zu benützen, und eine alles menschliche Gesühl ver¬
473 523 1603 577 höhnende Behandlung der Gesangenen lassen die Gesängnisse
474 566 968 627 zur wahren Hölle werden.
576 608 1597 663 Zehn Koveken, das sind einundzwanzigeinhalb Pfennig.
460 664 1599 717 wirft die Verwaltung für die Beköstigung der Gesangenen im
468 713 1598 761 Durchschnitt für den Tag aus; davon wird aber noch ein großer
455 762 1603 816 Teil durch Willkür und durch Untreue der Beamten seinem
464 800 782 860 Zwecke entzogen.
584 835 1604 892 Zusammengepfercht in überfüllten Räumen, die den
460 892 1608 937 elementarsten Anforderungen der Hygiene und Sauberkeit ins
467 941 1606 983 Gesicht schlagen, werden die elend verpflegten Gefangenen fast
464 990 1604 1040 ohne jede ärztliche Hilfe verheerenden Epidemien ausgeliefert.
471 1032 1602 1084 Skorbut, Typhus und Tuberkulose dezimieren ihre Reihen. In
470 1083 1597 1137 manchen Gefängnissen ist die jährliche Sterblichkeitsziffer auf
466 1129 1602 1169 zwölf Prozent gestiegen. Die Gelängnisse werden oft zu
463 1169 1609 1220 Krankheitsherden für die ganze Umgebung. Gefangene mit
469 1223 1612 1280 langjährigen Freiheitsstrafen, und das sind die meisten
459 1270 1610 1312 „Politischen“ sind unentrinnbar zur grausamsten Todesstrafe,
466 1317 1124 1374 zu „langsamem Sterben“, verurteilt.
583 1354 1608 1404 Furchtbar ist die persönliche Behandlung der Gefangenen,
473 1411 1600 1462 im Untersuchungsgefängnis nicht minder als im Strafgefängnis.
468 1460 1598 1507 Folterungen bei den Verhören, schwere Mißhandlungen und
458 1501 1610 1564 Durchpeitschungen von Männern und Frauen sind, in Prozessen
471 1549 1515 1592 festgestellt, jedes Jahr in der Reichsduma erörtert worden.
576 1593 1601 1646 Eine wahre Selbstmordevidemie ist unter den Gefangenen
469 1639 1606 1688 entstanden. Die Unglücklichen sehen im Selbstmord die einzige
472 1685 1604 1743 Erlösung, viele von ihnen geben sich hiebei der Hoffnung hin,
466 1727 1609 1771 daß ihr freiwilliger Tod die Oeffentlichkeit aufrütteln und so
472 1782 1604 1836 eine Verbesserung der unerträglichen Lage ihrer Leidens¬
460 1820 1014 1883 gefährten herbeiführen werde.
573 1862 1613 1928 Von erschütternder Tragik ist auch das Los der
459 1912 1605 1965 ungezählten Tausende von politischen Verbannten, von denen
469 1961 1614 2005 die Mehrzahl ihrem Schichal ohne Richterspruch, durch
470 2011 1606 2066 administrative Willtür ausgeantwortet ist. Zumeist in eisigen
462 2057 1613 2094 Gebieten und ohne die Möglichkeit auch nur der notdürstigen
461 2092 1615 2165 Ernährung, Bekleidung und Unterkunft siechen sie rettungs¬
466 2147 678 2216 los dahin.
581 2187 1610 2240 Schon die Schilderungen George Kennans haben einen
462 2244 1610 2286 Sturm der Entrüstung in Westeuropa entfesselt; jetzt, nach einem
470 2293 1610 2341 Vierteljahrhundert, stehen wir vor noch viel entsetzlicheren Zu¬
477 2336 1617 2392 ständen. Heute wie damals handelt es sich teineswegs um eine
472 2384 1608 2432 ausschließlich innerrussische Angelegenheit. Diese Zustände rufen
468 2431 1619 2471 vielmehr über alle politischen Meinungsverschiedenheiten hinweg
467 2478 1128 2530 das Gewissen aller Kulturvöller auf.
584 2521 1604 2568 Seit einigen Jahren regt sich in Westeurova eine Be¬
464 2563 1616 2606 wegung gegen diese Greuel. Im Jahre 1909 veröffentlichte ein
472 2615 1599 2664 englisches Comité von Parlamentariern verschiedener Parteien,
470 2670 1604 2720 von Vertretern des Journalismus, der Kirche und der Universi¬
472 2709 1603 2753 täten eine Schrift mit dem Titel: „The Terror in Russia“ als
475 2765 1605 2811 „Appell an die britische Nation“. Auch in Frankreich hat die
478 2806 1608 2857 „Liga der Menschen= und Bürgerrechte“ eine Protestbewegung
476 2846 1611 2903 ins Leben gerufen. Durch den Anschluß anderer Länder ist diese
474 2897 1492 2946 Bewegung zur Sache der ge amten Kulturwelt geworden.
585 2939 1612 2993 Die Unterzeichneten haben sich zusammengeschlossen,
473 2989 1605 3036 um die Tatsa hen zu sammeln und zu veröffentlichen, die allen
464 3031 1619 3090 Freunden der Gerechtigkeit und Menschlichkeit ohne Unterschied
470 3081 1615 3124 der Partei ein gesichertes Urteil über diese grauenvollen Zu¬
481 3132 1613 3175 stände ermöglichen. Es gilt, das Gewissen der Menschheit gegen
476 3189 1611 3232 die Mißhandlung und Vernichtung von vielen Tausenden
476 3221 1606 3266 Menschenleben wachzurufen. Es gilt, durch moralische und
475 3264 1612 3311 materielle Unterstützung zu zeigen, daß auch die Unglücklichen in
476 3310 1609 3359 den russischen Gefängnissen und in den sibirischen Einöden von
468 3364 1180 3419 menschlichem Mitgesühl umsaßt werden.
589 3408 973 3476 18. November 1913.
826 3510 1259 3578 Die Unterzeichneten.
583 3568 1614 3612 Der Aufruf ist von etwa fünihundert Männern und
475 3610 1606 3669 Frauen des gesamten Kulturlebens in Europa unterzeichnet.
475 3658 1605 3712 Aus dem alphabetischen Verzeichnis greifen wir folgende
478 3706 1615 3751 Namen heraus: Dr. Viktor Adler (Wien), Deputierter Viktor
472 3750 1607 3797 Augagneur (Paris), Hermann Bahr (Wien), Schauspieler Albert
468 3796 1608 3848 Bassermann (Berlin), Professor Dr. Friedrich Becke (Wien),
467 3842 1606 3897 Eduard Bernstein (Berlin), Vorsitzender der zweiten Kammer
465 3898 1607 3940 in Holland Dr. H. Goeman Borgesius (Haag), Professor Dr.
470 3945 1615 3987 Eugen Bormann (Wien), Lily Braun (Berlin), Lujo Brentano
467 3994 1607 4032 (München), Charles Briand (Paris), Präsident der Stadtver¬
480 4022 1615 4085 tretung von Kopenhagen Ch. Christiansen, Deputierter Compère¬
470 4071 1608 4126 Morel (Paris), Romanschriftsteller A. Conan Doyle (London),
475 4127 1607 4163 Maler Lovis Corninth (Berlin), Ignaz Daszynski (Krakau),
481 4162 1624 4227 Musiter Claude Debussy (Paris), Schriftsteller Richard Dehmel
1614 131 2300 212 nen
1617 196 2732 251 Wilhelm Ostwald (Leipzig), Engelbert Pernerstorfer (Wien),
1607 240 2814 301 Francis de Pressené (Paris), Professor Emil Reich (Wien),
1613 282 2743 333 Schauspieler Emanuel Reicher (Berlin), Schriftstellerin Gabricle
1618 335 2742 378 Reuter (Berlin), Paul Schlenther (Berlin), Arthur Schnitzler
1615 381 2743 426 (Wien), Marcel Sembat (Paris), Vizepräsident Stauning (Kopen¬
1607 428 2740 478 hagen), Professor Franz v. Stuck (München), Schriftsteller Eduard
1617 475 2734 521 Stucken (Berlin), Vizepräsident P. J. Troelstra (Haag), Eduard
1617 521 2735 569 Vaillant (Paris), Schriftstellerin Klara Viebig (Berlin), Schrift¬
1614 571 2741 620 steller Frank Wedekind (München), Musiker Felix Weingartner
1618 611 2737 660 (Hambura), Schriftsteller H. G. Wells (London), Schrifsteller
1620 632 2762 717 Gustav Wied (Dänemark) und viele andere Männer der Politik,
1618 708 2109 761 der Wissenschaft und Kunst.
