3436 4384
853 137 2001 168 nach kaum zweijähriger Tatigkeit von einem offensicht¬
847 176 2011 213 lich unfertigen Werke abberufen. Viele seiner Absichten
852 221 2013 283 ließen sich freilich auch nach seinem Tode noch verwirk¬
856 274 2009 321 lichen und der Spielplan wurde fast ein halbes Jahr
854 314 2010 364 lang noch mit den Stücken bestritten, die er zur Auf¬
849 372 2007 415 führung bestimmt hatte. Dann setzte die Arbeit des pro¬
846 416 2013 476 visorischen Leiters erst voll ein. Wie gut oder schlecht sie
849 470 2005 512 gewesen sein mag, sicherlich ist die Linie des Anstieges,
842 518 2007 570 in die Baron Berger das Theater mit Vehemenz hinein¬
846 566 2001 609 gerissen hatte, nicht ungebrochen fortgesetzt worden. Denn
839 609 2003 676 Berger war ein Theaterdirektor von zu starker Persön¬
847 661 1999 712 lichkeit, als daß sein Nachfolger, wer immer es auch ge¬
846 711 2008 746 wesen wäre, sein unfertiges Werk mühelos und mit
848 758 2004 802 gleichem Erfolge wie er hätte fortsetzen können. Immer¬
839 807 2006 867 hin hat Hugo Thimig in großen Zügen Baron Bergers
850 855 1999 901 Programm verfolgt, nämlich: Ergänzung des Schau¬
850 899 2004 961 spielerbestandes und Wiederbelebung des alten, arg ver¬
855 958 2003 1013 nachlässigten klassischen Programmes. Mancher gute
850 996 1996 1050 Griff ist ihm da gelungen, manche anerkennenswerte
842 1053 2010 1108 Arbeit ist da getan worden. Wir haben eine Reihe guter,
851 1101 1998 1153 neuer Schauspieler (die freilich fast ausnahmslos zu
835 1142 2012 1201 wenig beschäftigt werden) bekommen und ein paar seit
846 1201 2006 1250 Jahrzehnten nicht mehr gespielte Klassiker haben eine
850 1238 2005 1290 Auferstehung gefeiert, wenn auch freilich keine solche zu
841 1281 2000 1327 ihrem ehemaligen Glanze. Immerhin, dies sind unbe¬
843 1330 2010 1385 streitbare Erfolge, und sie sind sicher nicht mühelos er¬
839 1385 2007 1424 rungen worden. Weniger glücklich aber war der provi¬
846 1431 1998 1482 sorische Leiter, wenn er auf die Suche nach Neuheiten
849 1481 2009 1524 ging. Da gab es Mißerfolg über Mißerfolg, Stücke, die
847 1535 2003 1587 mit großem Aufwand von Mühe und Kosten inszeniert
847 1578 2001 1624 worden waren, um schon eine Woche später vom Theater¬
842 1625 2006 1684 zettel zu verschwinden, oder Stücke, die zwar volle Häu¬
855 1676 2005 1719 ser machten, aber ein so tiefes literarisches Niveau hat¬
855 1720 1998 1778 ten, daß sich heute schon ihrer niemand mit Behagen er¬
849 1763 2010 1830 innert, als der Kassier. Allgemach nervös geworden,
841 1818 2011 1874 traute sich der Theaterleiter eigene Neuentdeckungen schon
841 1875 1999 1929 nicht mehr so recht zu, sondern brachte Stücke als Neu¬
836 1921 2003 1976 heiten in den Spielplan, die an andern Wiener Bühnen
838 1966 2006 2016 längst die Feuerprobe bestanden hatten und seither wie¬
845 2014 1640 2062 der in Vergessenheit geraten waren.
951 2057 2011 2120 Bedenken muß man freilich, daß ihm die lange
852 2110 2004 2160 Unsicherheit seiner Stellung möglicherweise die rechte
855 2161 2004 2222 Arbeitslust benahm. Denn es ist nicht jedermanns
852 2200 2011 2260 Sache, an eine Aufgabe, von der er in jedem Augenblick
842 2268 2002 2319 weggerufen werden kann, sein Allerletztes, Allerbestes
844 2295 2005 2365 hinzugeben. Provisorische sind fast nirgends und nie¬
854 2354 1398 2415 mals vollwertig gewesen.
946 2405 2009 2465 Ueber eine Erscheinung aber muß man offen
849 2451 2010 2501 reden: eine Willfährigkeit Thimigs gegenüber der in
845 2502 2006 2567 der Literatur augenblicklich herrschenden Clique. Wir
854 2545 1998 2613 haben es in der letzten Zeit mehrfach betont, daß es eines
847 2602 2011 2659 Burgtheaterdirektors nicht würdig ist, sich ganz und gar
845 2633 2007 2697 einer eben im Schwange befindlichen Augenblicksmode
854 2690 2010 2754 auszuliefern. Daß ein Schnitzler, von den die Presse be¬
850 2741 2000 2801 herrschenden Stammesgenossen in den Himmel der Un¬
854 2788 2003 2845 sterblichkeit gehoben, gerade hoch im Kurs steht, darf
856 2842 2007 2898 für einen Burgtheaterdirektor kein Grund sein, nach
846 2882 1999 2933 einem Stück dieses Dichters mit solcher Beharrlichkeit zu
846 2933 2001 2991 fahnden, daß, wenn ein neues Stück dieses Dichters nicht
851 2980 1994 3027 aufzutreiben ist, eben ein altes, wohl nicht am Burg¬
842 3028 2003 3086 theater, jedoch irgend wo anders längst abgespieltes
846 3074 2001 3151 Stück herhalten muß. Schnitzler zu spielen, darf für eine
847 3129 2005 3190 Wiener Hofbühne keine unumgängliche Notwendigkeit
849 3185 2003 3232 bedeuten. Solche Zugeständnisse der herrschenden Lite¬
849 3226 2008 3271 raturelique zu machen, muß eine Hofbühne zu stolz sein.
848 3273 1997 3333 Sie darf nicht hinter den Modegötzen des literarischen
854 3321 2003 3369 Augenblickes herjagen, darf nicht einem bis auf die
859 3369 2010 3416 Knochen anrüchigen Wedekind freudestrahlend die
856 3413 1995 3473 Türen zu einem uns christlichen Wienern hochstehenden
854 3469 2003 3523 Theater öffnen, darf nicht, um sich das Wohlwollen des
848 3513 2003 3572 Kritikers Salzmann zu sichern, das schlechte Drama
853 3559 2014 3628 eines Salten in ihren Spielplan aufnehmen! Sie muß
860 3609 2012 3674 sich vielmehr unabhängig und unbeeinflußt halten von
851 3657 2009 3735 Clique und Kritik, von Mode und Augenblick. Sie muß
846 3704 1997 3753 andere, höhere Ziele im Auge behalten, als das durch
861 3764 2003 3815 ständige Tribute bedingte Wohlwollen einer durchaus
856 3804 1366 3867 jüdischen Literatenkaste.
946 3836 1991 3894 Freilich, um heute in Dingen der Kunst mit Be¬
839 3888 1994 3960 harrlichkeit und Entsagung gegen den Strom zu schwim¬
851 3943 2005 3997 men, um eine eigene, nichtjüdische Ueberzeugung durch¬
847 4004 1998 4056 zutrotzen und durchzukämpfen, dazu bedarf es eines
849 4042 2010 4102 Mannes der feurigen Tat, eines starken, kraftvollen
847 4090 2011 4159 Charakters. Ist Hugo Thimig ein solcher? Die Zukunft
850 4142 1189 4193 wird es lehren.
