<?xml version="1.0" encoding="UTF-8" standalone="yes"?>
<PcGts xmlns="http://schema.primaresearch.org/PAGE/gts/pagecontent/2013-07-15" xmlns:xsi="http://www.w3.org/2001/XMLSchema-instance" xsi:schemaLocation="http://schema.primaresearch.org/PAGE/gts/pagecontent/2013-07-15 http://schema.primaresearch.org/PAGE/gts/pagecontent/2013-07-15/pagecontent.xsd">
    <Metadata>
        <Creator>prov=University of Rostock/Institute of Mathematics/CITlab/Gundram Leifert/gundram.leifert@uni-rostock.de:name=ONB_Newseye_GT_M1+(htr_id=10810)::::v=2.4.2
prov=University of Rostock/Institute of Mathematics/CITlab/Tobias Gruening/tobias.gruening@uni-rostock.de:name=de.uros.citlab.module.baseline2polygon.B2PSeamMultiOriented:v=2.4.2
prov=University of Rostock/Institute of Mathematics/CITlab/Tobias Gruening/tobias.gruening@uni-rostock.de:name=/mnt/transkribus/LA/DEA/URO/LA_news_onb_att.pb:de.uros.citlab.segmentation.CITlab_LA_ML:v=2.4.2
Transkribus</Creator>
        <Created>2019-10-07T20:36:25.329+02:00</Created>
        <LastChange>2019-10-09T05:49:19.587+02:00</LastChange>
        <TranskribusMetadata docId="224453" pageId="9578163" pageNr="47" tsid="16623595" status="IN_PROGRESS" userId="40391" imgUrl="https://files.transkribus.eu/Get?id=LFCHUOJWQPTWYZVHFNCQLUQN&amp;fileType=view" xmlUrl="https://files.transkribus.eu/Get?id=SYMEMFYLCFMMULXAGUJNMFGO" imageId="6208000"/>
    </Metadata>
    <Page imageFilename="224453_0047.jpeg" imageWidth="3436" imageHeight="4384">
        <ReadingOrder>
            <OrderedGroup id="ro_1711442108298" caption="Regions reading order">
                <RegionRefIndexed index="0" regionRef="r1"/>
                <RegionRefIndexed index="1" regionRef="r2"/>
            </OrderedGroup>
        </ReadingOrder>
        <TextRegion orientation="0.0" id="r1" custom="readingOrder {index:0;}">
            <Coords points="184,288 184,3447 1611,3447 1611,288"/>
            <TextLine id="r1l1" custom="readingOrder {index:0;}">
                <Coords points="174,308 344,363 1620,315 1566,246 1377,290 1215,247 1147,301 627,240 360,241 278,292 174,249"/>
                <Baseline points="184,309 255,317 326,324 398,329 469,332 540,334 612,335 683,336 754,335 826,334 897,333 968,331 1040,329 1111,327 1182,325 1254,323 1325,322 1396,321 1468,321 1539,321 1611,323"/>
                <TextEquiv>
                    <Unicode>1. Miscellaneous box 41//5</Unicode>
                </TextEquiv>
            </TextLine>
            <TextLine id="r1l2" custom="readingOrder {index:1;}">
                <Coords points="439,1280 1484,1396 1545,1380 1549,1341 1056,1264 880,1287 690,1240 442,1250"/>
                <Baseline points="447,1286 501,1285 555,1286 610,1288 664,1290 719,1294 773,1299 828,1304 882,1310 937,1317 991,1323 1045,1330 1100,1337 1154,1343 1209,1349 1263,1355 1318,1361 1372,1366 1427,1369 1481,1371 1536,1373"/>
                <TextEquiv>
                    <Unicode>Aussohnitt aus: Dölnické Listy, Wien</Unicode>
                </TextEquiv>
            </TextLine>
            <TextLine id="r1l3" custom="readingOrder {index:2;}">
                <Coords points="454,1380 517,1394 521,1390 619,1395 623,1357 595,1365 566,1337 543,1337 500,1354 493,1348 482,1351 458,1343"/>
                <Baseline points="464,1377 493,1379 522,1382 551,1385 580,1388 610,1391"/>
                <TextEquiv>
                    <Unicode>vom:</Unicode>
                </TextEquiv>
            </TextLine>
            <TextLine id="r1l4" custom="readingOrder {index:3;}">
                <Coords points="653,1389 708,1377 721,1389 740,1381 904,1406 932,1394 957,1399 961,1350 913,1335 887,1346 829,1332 747,1333 702,1314 678,1324 658,1319"/>
                <Baseline points="664,1372 689,1374 715,1377 741,1380 767,1382 793,1384 818,1387 844,1389 870,1390 896,1391 922,1392 948,1392"/>
                <TextEquiv>
                    <Unicode>270491915</Unicode>
                </TextEquiv>
            </TextLine>
            <TextLine id="r1l5" custom="readingOrder {index:4;}">
                <Coords points="561,1455 1506,1511 1559,1463 563,1394"/>
                <Baseline points="570,1460 621,1463 673,1466 724,1468 776,1470 827,1473 879,1475 930,1478 982,1480 1033,1482 1085,1485 1136,1486 1188,1488 1239,1490 1291,1491 1342,1492 1394,1493 1445,1494 1497,1494 1549,1494"/>
                <TextEquiv>
                    <Unicode>Artar Schmiteler e umdleich neptatelshsch aid¬</Unicode>
                </TextEquiv>
            </TextLine>
            <TextLine id="r1l6" custom="readingOrder {index:5;}">
                <Coords points="457,1505 1547,1545 1549,1493 625,1478 523,1429 459,1457"/>
                <Baseline points="466,1498 519,1500 573,1503 626,1505 680,1508 734,1511 787,1513 841,1516 895,1519 948,1522 1002,1524 1056,1526 1109,1528 1163,1530 1217,1532 1270,1534 1324,1535 1378,1536 1431,1537 1485,1538 1539,1538"/>
                <TextEquiv>
                    <Unicode>M. Znämy vidnsky#sovatel Artur Schnitzler uve¬</Unicode>
                </TextEquiv>
            </TextLine>
            <TextLine id="r1l7" custom="readingOrder {index:6;}">
                <Coords points="463,1551 1488,1587 1552,1617 1555,1542 464,1512"/>
                <Baseline points="471,1548 524,1548 578,1549 631,1551 685,1552 739,1555 792,1557 846,1560 900,1563 953,1565 1007,1568 1061,1571 1114,1573 1168,1575 1222,1578 1275,1579 1329,1581 1383,1582 1436,1582 1490,1582 1544,1582"/>
                <TextEquiv>
                    <Unicode>fejhuje ve svycarském listé zajfmavé ohrazenl, které</Unicode>
                </TextEquiv>
            </TextLine>
            <TextLine id="r1l8" custom="readingOrder {index:7;}">
                <Coords points="455,1595 1504,1644 1537,1581 1311,1598 457,1544"/>
                <Baseline points="465,1590 518,1590 571,1591 624,1593 677,1595 730,1597 783,1599 836,1602 889,1605 942,1608 995,1612 1048,1615 1101,1617 1154,1620 1207,1622 1260,1624 1313,1626 1366,1627 1419,1627 1472,1626 1526,1625"/>
                <TextEquiv>
                    <Unicode>saké otiskuje „Forum“. Petrohradské listy uvereinily</Unicode>
                </TextEquiv>
            </TextLine>
            <TextLine id="r1l9" custom="readingOrder {index:8;}">
                <Coords points="456,1647 1551,1664 1493,1631 458,1599"/>
                <Baseline points="465,1634 518,1635 572,1637 626,1639 680,1641 734,1643 787,1646 841,1649 895,1650 949,1653 1003,1655 1056,1658 1110,1659 1164,1662 1218,1664 1272,1666 1325,1667 1379,1669 1433,1670 1487,1671 1541,1672"/>
                <TextEquiv>
                    <Unicode>lotiz nékteré potupné vyroky Schnitzlerovy o Tol¬</Unicode>
                </TextEquiv>
            </TextLine>
            <TextLine id="r1l10" custom="readingOrder {index:9;}">
                <Coords points="455,1691 1414,1732 1541,1687 456,1652"/>
                <Baseline points="465,1678 518,1680 571,1682 624,1684 678,1686 731,1688 784,1690 838,1692 891,1694 944,1696 998,1697 1051,1699 1104,1701 1157,1703 1211,1705 1264,1707 1317,1708 1371,1710 1424,1712 1477,1714 1531,1716"/>
                <TextEquiv>
                    <Unicode>stém, Maeterlinckovi, Anatolu Francovi a Shakes¬</Unicode>
                </TextEquiv>
            </TextLine>
            <TextLine id="r1l11" custom="readingOrder {index:10;}">
                <Coords points="443,1713 740,1750 1435,1751 1539,1783 1504,1714 444,1683"/>
                <Baseline points="452,1721 508,1724 565,1726 622,1729 679,1731 735,1733 792,1735 849,1737 906,1739 963,1741 1019,1742 1076,1744 1133,1746 1190,1748 1247,1751 1303,1753 1360,1756 1417,1759 1474,1761 1531,1764"/>
                <TextEquiv>
                    <Unicode>pearovi, kterych Schnitzler neuzil a kterych, jak</Unicode>
                </TextEquiv>
            </TextLine>
            <TextLine id="r1l12" custom="readingOrder {index:11;}">
                <Coords points="446,1775 1514,1819 1534,1773 447,1728"/>
                <Baseline points="456,1765 509,1767 562,1770 616,1772 669,1774 723,1776 776,1778 829,1780 883,1781 936,1784 990,1785 1043,1787 1096,1789 1150,1790 1203,1792 1257,1794 1310,1796 1363,1798 1417,1799 1470,1801 1524,1803"/>
                <TextEquiv>
                    <Unicode>pravi, nikdy nemohl uzfti ani v miru ani ve välce.</Unicode>
                </TextEquiv>
            </TextLine>
            <TextLine id="r1l13" custom="readingOrder {index:12;}">
                <Coords points="450,1810 1413,1860 1541,1820 451,1774"/>
                <Baseline points="458,1808 511,1811 565,1814 618,1816 672,1819 726,1820 779,1822 833,1825 887,1826 940,1828 994,1829 1048,1831 1101,1832 1155,1834 1209,1836 1262,1837 1316,1839 1370,1841 1423,1843 1477,1845 1531,1847"/>
                <TextEquiv>
                    <Unicode>A. Schnitzler se ohrazuje proti takovym pomluvám</Unicode>
                </TextEquiv>
            </TextLine>
            <TextLine id="r1l14" custom="readingOrder {index:13;}">
                <Coords points="433,1846 1532,1894 1533,1862 1462,1848 434,1817"/>
                <Baseline points="443,1851 497,1854 551,1857 605,1859 659,1862 713,1864 767,1867 821,1869 875,1871 929,1873 983,1875 1037,1877 1091,1879 1145,1880 1199,1882 1253,1883 1307,1884 1361,1885 1415,1886 1469,1887 1523,1888"/>
                <TextEquiv>
                    <Unicode>a pravi: „Jest rozhodné trapnym, je-li Clovêk, kte¬</Unicode>
                </TextEquiv>
            </TextLine>
            <TextLine id="r1l15" custom="readingOrder {index:14;}">
                <Coords points="437,1896 1514,1951 1528,1896 438,1864"/>
                <Baseline points="445,1896 498,1899 552,1901 605,1904 659,1906 713,1908 766,1910 820,1912 873,1914 927,1916 981,1917 1034,1919 1088,1921 1141,1922 1195,1924 1249,1926 1302,1927 1356,1929 1409,1931 1463,1933 1517,1935"/>
                <TextEquiv>
                    <Unicode>rému byl vzdy pathos ve vécech samozfejmych né¬</Unicode>
                </TextEquiv>
            </TextLine>
            <TextLine id="r1l16" custom="readingOrder {index:15;}">
                <Coords points="444,1946 1531,1978 1475,1940 446,1900"/>
                <Baseline points="453,1939 506,1942 559,1945 613,1948 666,1949 720,1952 773,1954 826,1955 880,1957 933,1959 987,1960 1040,1961 1093,1963 1147,1965 1200,1966 1254,1968 1307,1970 1360,1972 1414,1974 1467,1978 1521,1980"/>
                <TextEquiv>
                    <Unicode>Eim cizim, nucen vyslovné ubezpedovati, Ze mu zü¬</Unicode>
                </TextEquiv>
            </TextLine>
            <TextLine id="r1l17" custom="readingOrder {index:16;}">
                <Coords points="443,1991 1416,2039 1536,2035 1538,2001 445,1946"/>
                <Baseline points="453,1982 506,1985 560,1988 614,1991 668,1993 721,1996 775,1998 829,2000 883,2003 936,2004 990,2006 1044,2008 1098,2010 1151,2012 1205,2013 1259,2015 1313,2017 1366,2019 1420,2022 1474,2024 1528,2026"/>
                <TextEquiv>
                    <Unicode>stane kräsné vädy kräsnym, veliké vzdy velikym —</Unicode>
                </TextEquiv>
            </TextLine>
            <TextLine id="r1l18" custom="readingOrder {index:17;}">
                <Coords points="440,2043 1516,2076 1517,2031 1455,2024 442,1991"/>
                <Baseline points="449,2027 501,2030 554,2032 607,2035 660,2038 713,2040 766,2043 819,2045 872,2047 925,2048 978,2050 1030,2052 1083,2053 1136,2055 1189,2057 1242,2058 1295,2060 1348,2062 1401,2063 1454,2064 1507,2066"/>
                <TextEquiv>
                    <Unicode>i kdyz to patff národum, neho bylo vytvoreno a vy¬</Unicode>
                </TextEquiv>
            </TextLine>
            <TextLine id="r1l19" custom="readingOrder {index:18;}">
                <Coords points="438,2078 1485,2120 1540,2079 439,2039"/>
                <Baseline points="447,2070 501,2073 555,2076 609,2079 663,2081 717,2083 771,2086 826,2088 880,2090 934,2092 988,2094 1042,2096 1096,2097 1150,2099 1205,2101 1259,2102 1313,2103 1367,2105 1421,2106 1475,2108 1530,2109"/>
                <TextEquiv>
                    <Unicode>rostlo v rämci národü, s nimiz jest prävé jeho vlast</Unicode>
                </TextEquiv>
            </TextLine>
            <TextLine id="r1l20" custom="readingOrder {index:19;}">
                <Coords points="438,2119 1522,2176 1524,2127 1467,2113 440,2078"/>
                <Baseline points="447,2117 500,2119 553,2121 607,2123 660,2125 714,2127 767,2129 820,2131 874,2133 927,2134 981,2136 1034,2138 1087,2140 1141,2141 1194,2143 1248,2145 1301,2147 1354,2149 1408,2150 1461,2152 1515,2154"/>
                <TextEquiv>
                    <Unicode>zapletena do välky; — ale oproti detnym lidem, kterf</Unicode>
                </TextEquiv>
            </TextLine>
            <TextLine id="r1l21" custom="readingOrder {index:20;}">
                <Coords points="431,2162 1404,2216 1492,2214 1518,2179 432,2124"/>
                <Baseline points="440,2156 493,2160 546,2163 600,2167 653,2169 707,2172 760,2174 814,2176 867,2177 921,2179 974,2181 1027,2182 1081,2184 1134,2185 1188,2187 1241,2189 1295,2192 1348,2194 1402,2196 1455,2199 1509,2202"/>
                <TextEquiv>
                    <Unicode>se v anto epose smifuji jesté s horsim sebezapfránim,</Unicode>
                </TextEquiv>
            </TextLine>
            <TextLine id="r1l22" custom="readingOrder {index:21;}">
                <Coords points="435,2213 1520,2244 1466,2201 436,2173"/>
                <Baseline points="444,2203 497,2206 550,2209 604,2210 657,2212 710,2214 764,2216 817,2217 870,2219 924,2221 977,2222 1030,2224 1084,2226 1137,2228 1190,2229 1244,2232 1297,2234 1350,2236 1404,2239 1457,2242 1511,2246"/>
                <TextEquiv>
                    <Unicode>nez jsou malé nechutnosti — se odhodlávám zde</Unicode>
                </TextEquiv>
            </TextLine>
            <TextLine id="r1l23" custom="readingOrder {index:22;}">
                <Coords points="424,2251 1387,2298 1521,2290 1523,2258 426,2208"/>
                <Baseline points="433,2247 487,2249 541,2252 595,2255 649,2258 703,2260 757,2262 811,2263 865,2266 919,2267 973,2269 1027,2270 1081,2272 1135,2273 1189,2275 1243,2277 1297,2279 1351,2281 1405,2283 1459,2286 1513,2288"/>
                <TextEquiv>
                    <Unicode>napsati, Ze povazuji Tolstého (Rusa!) za jednoho</Unicode>
                </TextEquiv>
            </TextLine>
            <TextLine id="r1l24" custom="readingOrder {index:23;}">
                <Coords points="426,2297 1513,2330 1500,2293 1332,2279 428,2249"/>
                <Baseline points="435,2290 488,2293 541,2295 595,2298 648,2300 702,2302 755,2304 809,2306 862,2308 916,2310 969,2312 1022,2314 1076,2315 1129,2317 1183,2318 1236,2320 1290,2321 1343,2323 1397,2325 1450,2327 1504,2329"/>
                <TextEquiv>
                    <Unicode>2 nejmohutnéjsich bäsnickych duchu, kteff kdy krá¬</Unicode>
                </TextEquiv>
            </TextLine>
            <TextLine id="r1l25" custom="readingOrder {index:24;}">
                <Coords points="429,2353 1510,2383 1511,2344 1400,2325 431,2300"/>
                <Baseline points="439,2335 492,2337 545,2340 598,2342 651,2344 704,2346 757,2348 810,2350 863,2351 916,2353 970,2355 1023,2357 1076,2358 1129,2360 1182,2361 1235,2364 1288,2366 1341,2368 1394,2370 1447,2373 1501,2375"/>
                <TextEquiv>
                    <Unicode>Celi po zemské kouli; — ze Anatola France (Fran¬</Unicode>
                </TextEquiv>
            </TextLine>
            <TextLine id="r1l26" custom="readingOrder {index:25;}">
                <Coords points="423,2399 1510,2422 1474,2376 425,2342"/>
                <Baseline points="433,2381 486,2383 539,2384 593,2386 646,2387 700,2389 753,2390 806,2392 860,2394 913,2396 967,2398 1020,2399 1073,2401 1127,2403 1180,2405 1234,2407 1287,2409 1340,2411 1394,2414 1447,2416 1501,2418"/>
                <TextEquiv>
                    <Unicode>couze!) ted jako i dffve uznávám za jednoho z nej¬</Unicode>
                </TextEquiv>
            </TextLine>
            <TextLine id="r1l27" custom="readingOrder {index:26;}">
                <Coords points="433,2431 1455,2474 1510,2461 1511,2427 434,2389"/>
                <Baseline points="441,2424 494,2426 547,2428 600,2430 653,2432 706,2434 759,2437 812,2438 865,2440 918,2442 971,2444 1024,2447 1077,2448 1130,2450 1183,2452 1236,2453 1289,2454 1342,2456 1395,2457 1448,2458 1502,2459"/>
                <TextEquiv>
                    <Unicode>vznesenöjsich duchd pritomné doby a zároven za vy¬</Unicode>
                </TextEquiv>
            </TextLine>
            <TextLine id="r1l28" custom="readingOrder {index:27;}">
                <Coords points="415,2473 1453,2524 1514,2503 1515,2464 416,2432"/>
                <Baseline points="424,2467 478,2470 532,2472 586,2474 640,2476 694,2478 748,2480 802,2482 856,2483 910,2485 965,2487 1019,2489 1073,2490 1127,2492 1181,2494 1235,2495 1289,2498 1343,2499 1397,2501 1451,2503 1506,2506"/>
                <TextEquiv>
                    <Unicode>prävéce prynf tridy; a ze Maeterlinckovy (Belgican!)</Unicode>
                </TextEquiv>
            </TextLine>
            <TextLine id="r1l29" custom="readingOrder {index:28;}">
                <Coords points="416,2517 1504,2568 1496,2505 418,2478"/>
                <Baseline points="426,2510 479,2513 533,2515 586,2518 640,2520 693,2522 747,2524 800,2526 854,2528 907,2530 961,2531 1014,2533 1068,2534 1121,2536 1175,2538 1228,2539 1282,2542 1335,2544 1389,2546 1442,2548 1496,2551"/>
                <TextEquiv>
                    <Unicode>pflrodovédecky poetické rapsodie, jakoz i mnohé z</Unicode>
                </TextEquiv>
            </TextLine>
            <TextLine id="r1l30" custom="readingOrder {index:29;}">
                <Coords points="425,2572 1439,2609 1515,2577 1515,2552 927,2522 427,2523"/>
                <Baseline points="434,2557 487,2559 541,2561 594,2564 648,2565 702,2567 755,2569 809,2571 862,2573 916,2574 970,2576 1023,2578 1077,2580 1130,2581 1184,2583 1238,2584 1291,2586 1345,2588 1398,2590 1452,2592 1506,2593"/>
                <TextEquiv>
                    <Unicode>jeho malych dramat by ani pak pro mne neztratily</Unicode>
                </TextEquiv>
            </TextLine>
            <TextLine id="r1l31" custom="readingOrder {index:30;}">
                <Coords points="417,2608 1451,2654 1508,2652 1509,2617 418,2565"/>
                <Baseline points="426,2596 479,2600 533,2603 587,2606 640,2608 694,2610 748,2612 801,2614 855,2616 909,2617 963,2619 1016,2620 1070,2622 1124,2623 1177,2625 1231,2627 1285,2629 1338,2631 1392,2634 1446,2637 1500,2639"/>
                <TextEquiv>
                    <Unicode>nejmensiho ze svych püvabü Fdké uslechtilosti, i</Unicode>
                </TextEquiv>
            </TextLine>
            <TextLine id="r1l32" custom="readingOrder {index:31;}">
                <Coords points="422,2649 1508,2689 1509,2651 1396,2636 423,2609"/>
                <Baseline points="430,2640 483,2643 537,2645 590,2648 644,2650 697,2651 751,2654 804,2656 858,2658 911,2660 965,2662 1018,2664 1072,2666 1125,2667 1179,2670 1232,2671 1286,2673 1339,2675 1393,2677 1446,2679 1500,2681"/>
                <TextEquiv>
                    <Unicode>kdyz skuteëné naptal vsechny ty zmatené véci o</Unicode>
                </TextEquiv>
            </TextLine>
            <TextLine id="r1l33" custom="readingOrder {index:32;}">
                <Coords points="419,2700 1501,2726 1502,2694 1340,2678 421,2656"/>
                <Baseline points="428,2686 481,2688 534,2691 587,2693 640,2695 693,2697 746,2699 800,2700 853,2702 906,2703 959,2705 1012,2706 1065,2707 1118,2710 1172,2711 1225,2713 1278,2715 1331,2717 1384,2720 1437,2723 1491,2726"/>
                <TextEquiv>
                    <Unicode>Némecku, které ne-lavno s jeho jménem prosly no¬</Unicode>
                </TextEquiv>
            </TextLine>
            <TextLine id="r1l34" custom="readingOrder {index:33;}">
                <Coords points="418,2737 1505,2779 1506,2725 1467,2722 420,2700"/>
                <Baseline points="427,2730 480,2732 533,2735 587,2737 640,2739 694,2741 747,2743 801,2745 854,2747 908,2748 961,2750 1014,2752 1068,2753 1121,2755 1175,2757 1228,2758 1282,2760 1335,2761 1389,2763 1442,2765 1496,2767"/>
                <TextEquiv>
                    <Unicode>vinami. Mäm snad také jesté verojné ve vsl váznosti</Unicode>
                </TextEquiv>
            </TextLine>
            <TextLine id="r1l35" custom="readingOrder {index:34;}">
                <Coords points="421,2771 1495,2827 1477,2774 422,2744"/>
                <Baseline points="430,2774 482,2777 535,2780 588,2782 641,2784 694,2786 746,2789 799,2790 852,2792 905,2794 958,2796 1010,2797 1063,2798 1116,2800 1169,2802 1222,2804 1274,2805 1327,2808 1380,2810 1433,2812 1486,2815"/>
                <TextEquiv>
                    <Unicode>vyznavati Shakespeara (Angliéana! ano, nebof se</Unicode>
                </TextEquiv>
            </TextLine>
            <TextLine id="r1l36" custom="readingOrder {index:35;}">
                <Coords points="409,2830 1450,2871 1498,2826 410,2783"/>
                <Baseline points="418,2819 471,2821 525,2824 578,2825 632,2828 685,2830 739,2832 792,2834 846,2836 899,2838 953,2839 1007,2841 1060,2843 1114,2845 1167,2846 1221,2849 1274,2850 1328,2853 1381,2854 1435,2857 1489,2859"/>
                <TextEquiv>
                    <Unicode>narodil v Strädfordu) — nebo pociná jiz i pochybo¬</Unicode>
                </TextEquiv>
            </TextLine>
            <TextLine id="r1l37" custom="readingOrder {index:36;}">
                <Coords points="418,2865 1497,2912 1498,2880 1434,2860 419,2833"/>
                <Baseline points="427,2862 480,2864 533,2866 586,2868 639,2871 692,2873 745,2875 798,2877 851,2879 904,2881 957,2883 1010,2885 1063,2887 1116,2890 1169,2891 1222,2893 1275,2894 1328,2897 1381,2898 1434,2899 1488,2901"/>
                <TextEquiv>
                    <Unicode>vadum svitati, Ze mi Shakespeare, i kdyby tato välka</Unicode>
                </TextEquiv>
            </TextLine>
            <TextLine id="r1l38" custom="readingOrder {index:37;}">
                <Coords points="404,2920 1497,2941 1443,2903 406,2876"/>
                <Baseline points="413,2904 466,2906 520,2909 574,2911 628,2913 681,2916 735,2918 789,2920 843,2922 896,2925 950,2926 1004,2929 1058,2930 1111,2932 1165,2933 1219,2935 1273,2936 1326,2938 1380,2939 1434,2940 1488,2941"/>
                <TextEquiv>
                    <Unicode>tricet let trvala, zustane vzdy Shakespearem, a bude</Unicode>
                </TextEquiv>
            </TextLine>
            <TextLine id="r1l39" custom="readingOrder {index:38;}">
                <Coords points="411,2965 1458,3007 1495,2960 412,2922"/>
                <Baseline points="420,2950 473,2953 526,2956 579,2958 633,2960 686,2962 739,2964 793,2966 846,2967 899,2969 953,2970 1006,2972 1059,2973 1112,2975 1166,2976 1219,2977 1272,2979 1326,2981 1379,2982 1432,2983 1486,2985"/>
                <TextEquiv>
                    <Unicode>mi usetreno hledati pro nepfirovnatelné a jedineöné</Unicode>
                </TextEquiv>
            </TextLine>
            <TextLine id="r1l40" custom="readingOrder {index:39;}">
                <Coords points="407,3015 1498,3035 1497,3004 1399,2989 409,2962"/>
                <Baseline points="417,2998 470,2999 524,3000 577,3002 631,3003 685,3005 738,3006 792,3008 845,3010 899,3012 953,3014 1006,3016 1060,3018 1113,3019 1167,3021 1221,3023 1274,3025 1328,3027 1381,3028 1435,3029 1489,3031"/>
                <TextEquiv>
                    <Unicode>slova oceneni a obdivu? — Povazujme tedy tuto ne¬</Unicode>
                </TextEquiv>
            </TextLine>
            <TextLine id="r1l41" custom="readingOrder {index:40;}">
                <Coords points="399,3046 1176,3056 1400,3091 1485,3060 972,3010 400,3007"/>
                <Baseline points="408,3043 461,3044 514,3045 568,3046 621,3047 674,3049 728,3050 781,3052 834,3053 888,3055 941,3057 994,3059 1048,3061 1101,3063 1154,3065 1208,3067 1261,3069 1314,3071 1368,3074 1421,3076 1475,3078"/>
                <TextEquiv>
                    <Unicode>pfljemnou zaiczitost pro tentokräte za vyfizenou.</Unicode>
                </TextEquiv>
            </TextLine>
            <TextLine id="r1l42" custom="readingOrder {index:41;}">
                <Coords points="404,3086 1491,3113 1472,3082 1247,3066 405,3054"/>
                <Baseline points="412,3086 465,3087 518,3088 572,3090 625,3092 679,3093 732,3095 786,3097 839,3098 893,3100 946,3101 999,3103 1053,3105 1106,3107 1160,3108 1213,3110 1267,3112 1320,3113 1374,3115 1427,3117 1481,3119"/>
                <TextEquiv>
                    <Unicode>Ale jednou pozdéji, az se zase navrätf mir, vzpomen¬</Unicode>
                </TextEquiv>
            </TextLine>
            <TextLine id="r1l43" custom="readingOrder {index:42;}">
                <Coords points="403,3137 1481,3163 1482,3134 1377,3120 405,3093"/>
                <Baseline points="413,3126 466,3128 519,3130 572,3132 625,3135 678,3136 731,3138 784,3140 837,3142 890,3144 943,3145 996,3147 1049,3149 1102,3151 1155,3152 1208,3154 1261,3156 1314,3157 1367,3159 1420,3160 1473,3162"/>
                <TextEquiv>
                    <Unicode>me si s bolestnym üzasem, Ze byla doba, v niz jsine</Unicode>
                </TextEquiv>
            </TextLine>
            <TextLine id="r1l44" custom="readingOrder {index:43;}">
                <Coords points="389,3184 1463,3218 1497,3158 390,3139"/>
                <Baseline points="398,3172 452,3174 506,3176 561,3178 615,3180 670,3181 724,3183 779,3184 833,3186 888,3187 942,3189 996,3190 1051,3192 1105,3194 1160,3195 1214,3197 1269,3199 1323,3202 1378,3204 1432,3206 1487,3209"/>
                <TextEquiv>
                    <Unicode>byli nuceni, volati na sebe navzäjem pfes branice</Unicode>
                </TextEquiv>
            </TextLine>
            <TextLine id="r1l45" custom="readingOrder {index:44;}">
                <Coords points="395,3216 1483,3265 1485,3215 1439,3206 397,3180"/>
                <Baseline points="405,3212 458,3216 512,3219 565,3222 619,3224 672,3226 726,3227 779,3228 833,3230 886,3231 940,3232 993,3233 1047,3233 1100,3235 1154,3236 1207,3238 1261,3240 1314,3243 1368,3246 1421,3249 1475,3253"/>
                <TextEquiv>
                    <Unicode>ubezpedenl, Ze isme sice kazdy z nás milovali svoji</Unicode>
                </TextEquiv>
            </TextLine>
            <TextLine id="r1l46" custom="readingOrder {index:45;}">
                <Coords points="404,3267 1452,3318 1481,3270 405,3228"/>
                <Baseline points="413,3260 465,3262 518,3264 571,3266 624,3268 677,3269 730,3271 783,3273 836,3274 889,3276 942,3278 994,3279 1047,3280 1100,3282 1153,3284 1206,3285 1259,3288 1312,3290 1365,3292 1418,3294 1471,3297"/>
                <TextEquiv>
                    <Unicode>vlast, ale Ze isme pres to nikdy nezapomnéli na spra¬</Unicode>
                </TextEquiv>
            </TextLine>
            <TextLine id="r1l47" custom="readingOrder {index:46;}">
                <Coords points="398,3311 1485,3352 1458,3294 400,3273"/>
                <Baseline points="407,3302 460,3303 514,3304 567,3306 621,3308 674,3310 728,3312 781,3315 835,3317 888,3319 942,3322 995,3324 1049,3327 1102,3329 1156,3331 1209,3333 1263,3334 1316,3335 1370,3336 1423,3337 1477,3337"/>
                <TextEquiv>
                    <Unicode>vedlnost, soudnost a vdécnost, Ze isme, krätce fe¬</Unicode>
                </TextEquiv>
            </TextLine>
            <TextLine id="r1l48" custom="readingOrder {index:47;}">
                <Coords points="386,3344 1374,3402 1490,3356 387,3317"/>
                <Baseline points="395,3346 449,3347 503,3349 557,3351 611,3354 666,3356 720,3357 774,3359 828,3362 882,3364 937,3366 991,3368 1045,3371 1099,3373 1153,3375 1208,3378 1262,3380 1316,3382 1370,3384 1424,3387 1479,3388"/>
                <TextEquiv>
                    <Unicode>deno, ani v této nesmirné epose zmatkü nikdy de¬</Unicode>
                </TextEquiv>
            </TextLine>
            <TextLine id="r1l49" custom="readingOrder {index:48;}">
                <Coords points="387,3398 474,3408 525,3444 706,3434 773,3458 832,3433 975,3455 978,3402 926,3411 855,3368 768,3363 499,3371 456,3352 388,3369"/>
                <Baseline points="396,3394 424,3396 453,3397 481,3397 510,3398 538,3398 567,3399 595,3399 624,3399 652,3400 681,3400 710,3402 738,3403 767,3405 795,3407 824,3410 852,3414 881,3418 909,3424 938,3430 967,3437"/>
                <TextEquiv>
                    <Unicode>cela neztratili rozum.“</Unicode>
                </TextEquiv>
            </TextLine>
            <TextEquiv>
                <Unicode>1. Miscellaneous box 41//5
Aussohnitt aus: Dölnické Listy, Wien
vom:
270491915
Artar Schmiteler e umdleich neptatelshsch aid¬
M. Znämy vidnsky#sovatel Artur Schnitzler uve¬
fejhuje ve svycarském listé zajfmavé ohrazenl, které
saké otiskuje „Forum“. Petrohradské listy uvereinily
lotiz nékteré potupné vyroky Schnitzlerovy o Tol¬
stém, Maeterlinckovi, Anatolu Francovi a Shakes¬
pearovi, kterych Schnitzler neuzil a kterych, jak
pravi, nikdy nemohl uzfti ani v miru ani ve välce.
A. Schnitzler se ohrazuje proti takovym pomluvám
a pravi: „Jest rozhodné trapnym, je-li Clovêk, kte¬
rému byl vzdy pathos ve vécech samozfejmych né¬
Eim cizim, nucen vyslovné ubezpedovati, Ze mu zü¬
stane kräsné vädy kräsnym, veliké vzdy velikym —
i kdyz to patff národum, neho bylo vytvoreno a vy¬
rostlo v rämci národü, s nimiz jest prävé jeho vlast
zapletena do välky; — ale oproti detnym lidem, kterf
se v anto epose smifuji jesté s horsim sebezapfránim,
nez jsou malé nechutnosti — se odhodlávám zde
napsati, Ze povazuji Tolstého (Rusa!) za jednoho
2 nejmohutnéjsich bäsnickych duchu, kteff kdy krá¬
Celi po zemské kouli; — ze Anatola France (Fran¬
couze!) ted jako i dffve uznávám za jednoho z nej¬
vznesenöjsich duchd pritomné doby a zároven za vy¬
prävéce prynf tridy; a ze Maeterlinckovy (Belgican!)
pflrodovédecky poetické rapsodie, jakoz i mnohé z
jeho malych dramat by ani pak pro mne neztratily
nejmensiho ze svych püvabü Fdké uslechtilosti, i
kdyz skuteëné naptal vsechny ty zmatené véci o
Némecku, které ne-lavno s jeho jménem prosly no¬
vinami. Mäm snad také jesté verojné ve vsl váznosti
vyznavati Shakespeara (Angliéana! ano, nebof se
narodil v Strädfordu) — nebo pociná jiz i pochybo¬
vadum svitati, Ze mi Shakespeare, i kdyby tato välka
tricet let trvala, zustane vzdy Shakespearem, a bude
mi usetreno hledati pro nepfirovnatelné a jedineöné
slova oceneni a obdivu? — Povazujme tedy tuto ne¬
pfljemnou zaiczitost pro tentokräte za vyfizenou.
Ale jednou pozdéji, az se zase navrätf mir, vzpomen¬
me si s bolestnym üzasem, Ze byla doba, v niz jsine
byli nuceni, volati na sebe navzäjem pfes branice
ubezpedenl, Ze isme sice kazdy z nás milovali svoji
vlast, ale Ze isme pres to nikdy nezapomnéli na spra¬
vedlnost, soudnost a vdécnost, Ze isme, krätce fe¬
deno, ani v této nesmirné epose zmatkü nikdy de¬
cela neztratili rozum.“</Unicode>
            </TextEquiv>
        </TextRegion>
        <TextRegion orientation="0.0" id="r2" custom="readingOrder {index:1;}">
            <Coords points="1904,207 1904,4139 3120,4139 3120,207"/>
            <TextLine id="r2l1" custom="readingOrder {index:0;}">
                <Coords points="2041,243 2076,237 2123,243 2135,252 2167,234 2183,247 2196,240 2239,243 2239,191 2195,188 2164,206 2150,193 2138,198 2107,182 2086,189 2077,180 2041,181"/>
                <Baseline points="2050,229 2075,230 2101,230 2127,231 2152,231 2178,231 2204,231 2230,233"/>
                <TextEquiv>
                    <Unicode>——</Unicode>
                </TextEquiv>
            </TextLine>
            <TextLine id="r2l2" custom="readingOrder {index:1;}">
                <Coords points="1954,370 1988,384 2024,375 2061,386 2072,377 2088,390 2159,375 2190,384 2249,374 2279,385 2279,324 2236,333 2176,320 2165,329 2135,309 2090,333 2072,322 1986,322 1954,336"/>
                <Baseline points="1963,368 1988,367 2014,366 2039,366 2065,366 2090,366 2116,366 2142,366 2167,366 2193,367 2218,367 2244,367 2270,367"/>
                <TextEquiv>
                    <Unicode>Ausschnitt a</Unicode>
                </TextEquiv>
            </TextLine>
            <TextLine id="r2l3" custom="readingOrder {index:2;}">
                <Coords points="2253,428 2601,416 2942,450 3001,440 3003,406 2910,373 2644,375 2460,333 2255,387"/>
                <Baseline points="2264,404 2300,404 2336,403 2373,403 2409,404 2446,405 2482,406 2519,407 2555,409 2592,411 2628,414 2664,416 2701,419 2737,421 2774,424 2810,426 2847,428 2883,431 2920,433 2956,435 2993,437"/>
                <TextEquiv>
                    <Unicode>4A. JAN 1BREICHSPOST. WIEN</Unicode>
                </TextEquiv>
            </TextLine>
            <TextLine id="r2l4" custom="readingOrder {index:3;}">
                <Coords points="1948,452 1968,455 1986,472 2038,476 2057,497 2069,497 2084,485 2107,485 2110,419 2096,416 2083,423 2069,417 2056,429 2046,426 2038,433 2003,419 1978,432 1949,425"/>
                <Baseline points="1957,462 1985,461 2014,462 2042,464 2071,466 2100,467"/>
                <TextEquiv>
                    <Unicode>vom:</Unicode>
                </TextEquiv>
            </TextLine>
            <TextLine id="r2l5" custom="readingOrder {index:4;}">
                <Coords points="2047,576 2979,583 2980,537 2895,511 2049,497"/>
                <Baseline points="2056,559 2101,559 2147,559 2193,560 2238,561 2284,561 2330,562 2375,563 2421,564 2467,565 2513,566 2558,567 2604,568 2650,569 2695,569 2741,570 2787,570 2832,571 2878,571 2924,571 2970,570"/>
                <TextEquiv>
                    <Unicode>Zweifelhafte Patrioten.</Unicode>
                </TextEquiv>
            </TextLine>
            <TextLine id="r2l6" custom="readingOrder {index:5;}">
                <Coords points="1932,610 2181,644 3099,641 3100,589 2974,575 1933,583"/>
                <Baseline points="1941,614 1998,615 2056,615 2113,617 2171,619 2228,620 2286,622 2343,625 2401,627 2458,629 2516,631 2573,634 2631,635 2688,637 2746,639 2803,640 2861,640 2918,640 2976,639 3033,638 3091,636"/>
                <TextEquiv>
                    <Unicode>Die Sorgen Nordaus und Schnitzlers umihren</Unicode>
                </TextEquiv>
            </TextLine>
            <TextLine id="r2l7" custom="readingOrder {index:6;}">
                <Coords points="2273,674 2349,694 2410,674 2571,695 2692,682 2722,700 2767,687 2768,656 2654,649 2631,628 2475,645 2426,629 2274,630"/>
                <Baseline points="2282,674 2307,674 2332,675 2357,675 2382,675 2407,676 2432,676 2457,676 2482,677 2507,677 2532,678 2557,678 2582,679 2607,679 2632,680 2657,681 2682,682 2707,682 2732,684 2758,684"/>
                <TextEquiv>
                    <Unicode>Ruf im Auslände.</Unicode>
                </TextEquiv>
            </TextLine>
            <TextLine id="r2l8" custom="readingOrder {index:7;}">
                <Coords points="2031,724 2422,747 2631,720 2666,748 2993,757 3097,730 3098,693 2866,680 2810,713 2032,663"/>
                <Baseline points="2040,714 2092,717 2144,719 2197,722 2249,724 2302,726 2354,727 2406,729 2459,730 2511,731 2564,732 2616,733 2668,733 2721,734 2773,734 2826,734 2878,735 2930,735 2983,735 3035,734 3088,734"/>
                <TextEquiv>
                    <Unicode>Wir lesen im „Türmer“ unter „Merktafel“:</Unicode>
                </TextEquiv>
            </TextLine>
            <TextLine id="r2l9" custom="readingOrder {index:8;}">
                <Coords points="1938,752 2860,801 2973,770 3035,798 3113,756 1939,720"/>
                <Baseline points="1947,760 2004,762 2062,764 2120,766 2178,768 2236,770 2293,771 2351,773 2409,774 2467,776 2525,777 2582,778 2640,780 2698,781 2756,783 2814,785 2871,786 2929,788 2987,790 3045,792 3103,794"/>
                <TextEquiv>
                    <Unicode>Während unser Volk einen unerhörten Hagel von</Unicode>
                </TextEquiv>
            </TextLine>
            <TextLine id="r2l10" custom="readingOrder {index:9;}">
                <Coords points="1952,814 2806,843 3067,839 3093,802 1953,767"/>
                <Baseline points="1961,809 2017,810 2073,811 2129,812 2185,814 2241,815 2297,816 2353,819 2409,820 2465,822 2522,824 2578,825 2634,827 2690,829 2746,830 2802,831 2858,833 2914,833 2970,834 3026,835 3083,835"/>
                <TextEquiv>
                    <Unicode>Stinkbomben übelster Verleumdung aushalten muß und</Unicode>
                </TextEquiv>
            </TextLine>
            <TextLine id="r2l11" custom="readingOrder {index:10;}">
                <Coords points="1938,867 3053,896 3102,876 3103,828 1939,822"/>
                <Baseline points="1948,857 2005,858 2062,860 2119,861 2177,862 2234,864 2291,866 2348,868 2406,870 2463,871 2520,873 2577,874 2635,875 2692,877 2749,878 2806,878 2864,879 2921,879 2978,879 3035,879 3093,878"/>
                <TextEquiv>
                    <Unicode>sich dagegen nur insoweit wehrt, daß der Dampf nicht</Unicode>
                </TextEquiv>
            </TextLine>
            <TextLine id="r2l12" custom="readingOrder {index:11;}">
                <Coords points="1937,898 2920,939 3072,932 3098,895 1938,866"/>
                <Baseline points="1946,906 2003,907 2060,908 2117,909 2174,910 2231,912 2288,913 2345,915 2402,916 2459,918 2517,920 2574,921 2631,922 2688,924 2745,925 2802,926 2859,927 2916,927 2973,928 3030,928 3088,927"/>
                <TextEquiv>
                    <Unicode>die Sinne der dritten Unbeteiligten umnebelt, für die</Unicode>
                </TextEquiv>
            </TextLine>
            <TextLine id="r2l13" custom="readingOrder {index:12;}">
                <Coords points="1947,959 3106,971 2996,924 1948,920"/>
                <Baseline points="1956,952 2013,953 2070,954 2127,956 2184,957 2241,958 2298,960 2355,961 2412,962 2469,964 2526,965 2583,967 2640,968 2697,969 2754,971 2811,972 2868,973 2925,974 2982,975 3039,976 3096,977"/>
                <TextEquiv>
                    <Unicode>Verleumder aber bloß Verachtung übrig hat, sind es</Unicode>
                </TextEquiv>
            </TextLine>
            <TextLine id="r2l14" custom="readingOrder {index:13;}">
                <Coords points="1940,994 3092,1021 3062,979 1941,960"/>
                <Baseline points="1950,998 2006,999 2063,1000 2119,1001 2176,1002 2233,1004 2289,1005 2346,1007 2403,1009 2459,1011 2516,1012 2573,1014 2629,1015 2686,1017 2743,1017 2799,1019 2856,1019 2913,1019 2969,1019 3026,1019 3083,1018"/>
                <TextEquiv>
                    <Unicode>wieder einige unserer Herren Literaten, die in gerabezu</Unicode>
                </TextEquiv>
            </TextLine>
            <TextLine id="r2l15" custom="readingOrder {index:14;}">
                <Coords points="1949,1046 3105,1087 3074,1029 1950,1004"/>
                <Baseline points="1957,1048 2014,1049 2071,1050 2128,1052 2185,1053 2242,1054 2299,1056 2356,1057 2413,1058 2470,1060 2527,1061 2584,1062 2641,1063 2698,1064 2755,1065 2812,1066 2869,1067 2926,1067 2983,1068 3040,1068 3097,1069"/>
                <TextEquiv>
                    <Unicode>kläglicher Aengstlichkeit um ihren „guten Ruf“ im feind¬</Unicode>
                </TextEquiv>
            </TextLine>
            <TextLine id="r2l16" custom="readingOrder {index:15;}">
                <Coords points="1935,1095 1995,1119 2065,1097 2150,1118 2277,1097 2334,1123 2436,1104 2473,1124 2550,1111 2551,1088 2491,1060 2240,1072 2096,1055 2069,1076 1936,1034"/>
                <Baseline points="1943,1092 1972,1093 2002,1094 2032,1094 2062,1095 2092,1096 2122,1097 2152,1097 2182,1098 2212,1098 2242,1099 2271,1099 2301,1100 2331,1100 2361,1100 2391,1101 2421,1102 2451,1102 2481,1103 2511,1103 2541,1104"/>
                <TextEquiv>
                    <Unicode>lichen Auslande besorgt sind.</Unicode>
                </TextEquiv>
            </TextLine>
            <TextLine id="r2l17" custom="readingOrder {index:16;}">
                <Coords points="2027,1155 3090,1181 3128,1164 3129,1105 2028,1105"/>
                <Baseline points="2036,1145 2090,1146 2144,1147 2198,1148 2252,1148 2307,1149 2361,1150 2415,1151 2469,1152 2523,1153 2578,1154 2632,1155 2686,1155 2740,1157 2794,1158 2849,1158 2903,1159 2957,1160 3011,1161 3065,1162 3120,1163"/>
                <TextEquiv>
                    <Unicode>Daß Herr Max Nordan (eigentlich Südfeld)s</Unicode>
                </TextEquiv>
            </TextLine>
            <TextLine id="r2l18" custom="readingOrder {index:17;}">
                <Coords points="1928,1215 2154,1186 3094,1225 3094,1181 3023,1165 2009,1158 1930,1117"/>
                <Baseline points="1938,1189 1995,1190 2052,1191 2110,1192 2167,1193 2224,1194 2282,1196 2339,1197 2396,1198 2454,1199 2511,1201 2568,1202 2626,1203 2683,1204 2740,1205 2798,1206 2855,1207 2912,1208 2970,1208 3027,1209 3085,1210"/>
                <TextEquiv>
                    <Unicode>seine seit dem Kriegsausbruch in deutschen Zeitungen</Unicode>
                </TextEquiv>
            </TextLine>
            <TextLine id="r2l19" custom="readingOrder {index:18;}">
                <Coords points="1933,1220 2119,1267 2496,1240 2906,1275 3089,1241 2972,1210 1933,1201"/>
                <Baseline points="1942,1236 1998,1237 2055,1238 2112,1240 2169,1241 2226,1242 2283,1244 2339,1245 2396,1246 2453,1247 2510,1249 2567,1250 2624,1251 2681,1252 2737,1253 2794,1254 2851,1255 2908,1256 2965,1256 3022,1257 3079,1257"/>
                <TextEquiv>
                    <Unicode>veröffentlichten Artikel dem Pariser „Temps“ zur Ueber¬</Unicode>
                </TextEquiv>
            </TextLine>
            <TextLine id="r2l20" custom="readingOrder {index:19;}">
                <Coords points="1936,1312 3100,1317 3073,1247 3024,1282 1938,1233"/>
                <Baseline points="1946,1289 2003,1289 2060,1288 2117,1289 2175,1289 2232,1290 2289,1290 2346,1291 2404,1293 2461,1294 2518,1295 2575,1296 2633,1298 2690,1299 2747,1300 2804,1302 2862,1303 2919,1304 2976,1305 3033,1306 3091,1306"/>
                <TextEquiv>
                    <Unicode>prüsung einreicht, um das Zeugnis zu erlangen, daß er</Unicode>
                </TextEquiv>
            </TextLine>
            <TextLine id="r2l21" custom="readingOrder {index:20;}">
                <Coords points="1945,1341 3093,1372 3094,1326 3033,1307 1946,1304"/>
                <Baseline points="1955,1337 2011,1336 2068,1336 2124,1336 2181,1336 2237,1337 2294,1338 2350,1339 2407,1340 2463,1341 2520,1343 2576,1345 2633,1346 2689,1347 2746,1349 2802,1350 2859,1351 2915,1351 2972,1351 3028,1351 3085,1351"/>
                <TextEquiv>
                    <Unicode>nicht unfreundlich über Frankreich geschrieben hat, kann</Unicode>
                </TextEquiv>
            </TextLine>
            <TextLine id="r2l22" custom="readingOrder {index:21;}">
                <Coords points="1944,1381 2891,1413 3084,1402 3085,1356 1944,1350"/>
                <Baseline points="1953,1384 2009,1383 2065,1383 2121,1382 2177,1383 2233,1383 2289,1384 2345,1385 2401,1385 2457,1387 2514,1388 2570,1389 2626,1390 2682,1392 2738,1393 2794,1394 2850,1395 2906,1396 2962,1397 3018,1397 3075,1397"/>
                <TextEquiv>
                    <Unicode>uns schließlich bei diesem Manne nicht überraschen, der</Unicode>
                </TextEquiv>
            </TextLine>
            <TextLine id="r2l23" custom="readingOrder {index:22;}">
                <Coords points="1933,1426 3023,1460 3087,1456 3088,1397 1933,1401"/>
                <Baseline points="1941,1431 1997,1430 2054,1429 2111,1429 2168,1429 2225,1430 2282,1431 2338,1432 2395,1433 2452,1434 2509,1436 2566,1437 2623,1439 2680,1440 2736,1441 2793,1442 2850,1442 2907,1443 2964,1443 3021,1442 3078,1441"/>
                <TextEquiv>
                    <Unicode>als jahrelanger Pariser Korrespondent großer deutscher</Unicode>
                </TextEquiv>
            </TextLine>
            <TextLine id="r2l24" custom="readingOrder {index:23;}">
                <Coords points="1929,1479 3082,1504 3065,1448 2158,1457 2018,1425 1930,1454"/>
                <Baseline points="1939,1481 1995,1480 2052,1479 2109,1479 2165,1479 2222,1479 2279,1480 2335,1481 2392,1482 2449,1483 2506,1484 2562,1485 2619,1487 2676,1488 2732,1489 2789,1490 2846,1490 2902,1491 2959,1491 3016,1491 3073,1490"/>
                <TextEquiv>
                    <Unicode>Zeitungen (in erster Linie der „Neuen Freien Presse“)</Unicode>
                </TextEquiv>
            </TextLine>
            <TextLine id="r2l25" custom="readingOrder {index:24;}">
                <Coords points="1940,1539 3090,1554 3090,1504 2996,1494 1941,1502"/>
                <Baseline points="1949,1527 2005,1527 2062,1526 2118,1526 2175,1527 2232,1527 2288,1527 2345,1528 2401,1529 2458,1530 2515,1531 2571,1532 2628,1533 2684,1534 2741,1535 2798,1536 2854,1537 2911,1537 2967,1538 3024,1538 3081,1538"/>
                <TextEquiv>
                    <Unicode>ein gerüttelt voll es Maß zu der bei</Unicode>
                </TextEquiv>
            </TextLine>
            <TextLine id="r2l26" custom="readingOrder {index:25;}">
                <Coords points="1938,1575 3086,1574 2963,1534 1939,1538"/>
                <Baseline points="1947,1573 2003,1574 2060,1574 2116,1574 2173,1575 2229,1575 2286,1576 2342,1577 2399,1577 2455,1578 2512,1579 2568,1580 2625,1580 2681,1581 2738,1582 2794,1582 2851,1583 2907,1584 2964,1584 3020,1585 3077,1585"/>
                <TextEquiv>
                    <Unicode>uns in weiten Kreisen üblichen Ueber¬</Unicode>
                </TextEquiv>
            </TextLine>
            <TextLine id="r2l27" custom="readingOrder {index:26;}">
                <Coords points="1942,1633 2162,1640 2231,1617 2374,1643 2451,1619 2740,1643 2740,1595 2714,1580 2357,1577 2239,1605 2203,1579 1943,1570"/>
                <Baseline points="1951,1622 1990,1621 2029,1621 2068,1621 2107,1621 2146,1621 2185,1621 2224,1621 2263,1621 2302,1621 2341,1622 2380,1622 2419,1623 2458,1623 2497,1624 2536,1624 2575,1625 2614,1626 2653,1627 2692,1627 2731,1628"/>
                <TextEquiv>
                    <Unicode>schätzung alles Französ</Unicode>
                </TextEquiv>
            </TextLine>
            <TextLine id="r2l28" custom="readingOrder {index:27;}">
                <Coords points="3013,1639 3022,1639 3027,1634 3031,1638 3047,1638 3059,1631 3068,1640 3077,1633 3082,1637 3091,1637 3092,1580 3082,1580 3075,1574 3046,1592 3033,1593 3030,1589 3026,1593 3014,1593"/>
                <Baseline points="3022,1625 3052,1625 3082,1626"/>
                <TextEquiv>
                    <Unicode>i¬</Unicode>
                </TextEquiv>
            </TextLine>
            <TextLine id="r2l29" custom="readingOrder {index:28;}">
                <Coords points="1939,1675 3017,1701 3094,1673 3095,1632 1940,1631"/>
                <Baseline points="1948,1665 2004,1665 2061,1666 2118,1666 2175,1667 2232,1667 2289,1668 2345,1669 2402,1669 2459,1670 2516,1671 2573,1672 2630,1673 2687,1673 2743,1674 2800,1675 2857,1676 2914,1677 2971,1678 3028,1679 3085,1679"/>
                <TextEquiv>
                    <Unicode>getragen und ohnehin eine französische Verdienst¬</Unicode>
                </TextEquiv>
            </TextLine>
            <TextLine id="r2l30" custom="readingOrder {index:29;}">
                <Coords points="1936,1719 3091,1742 3092,1696 3045,1686 1937,1677"/>
                <Baseline points="1945,1713 2001,1713 2058,1714 2115,1714 2172,1715 2229,1716 2286,1717 2343,1718 2400,1719 2457,1720 2514,1721 2570,1722 2627,1723 2684,1724 2741,1725 2798,1726 2855,1726 2912,1727 2969,1727 3026,1727 3083,1727"/>
                <TextEquiv>
                    <Unicode>medaille dafür verdient hat, daßer uns über dien</Unicode>
                </TextEquiv>
            </TextLine>
            <TextLine id="r2l31" custom="readingOrder {index:30;}">
                <Coords points="1933,1752 2552,1786 2665,1757 3082,1802 3083,1734 3010,1727 1934,1713"/>
                <Baseline points="1943,1759 1999,1759 2056,1760 2112,1760 2169,1761 2225,1762 2282,1763 2338,1764 2395,1765 2451,1767 2508,1768 2564,1769 2621,1770 2677,1771 2734,1772 2790,1773 2847,1773 2903,1774 2960,1774 3016,1774 3073,1774"/>
                <TextEquiv>
                    <Unicode>wahren Gesinnungen Frankreichs</Unicode>
                </TextEquiv>
            </TextLine>
            <TextLine id="r2l32" custom="readingOrder {index:31;}">
                <Coords points="1937,1812 3095,1835 3096,1768 1938,1759"/>
                <Baseline points="1945,1808 2002,1808 2059,1808 2116,1808 2173,1808 2230,1808 2287,1809 2344,1810 2401,1810 2458,1811 2516,1813 2573,1814 2630,1815 2687,1816 2744,1817 2801,1819 2858,1820 2915,1821 2972,1822 3029,1823 3087,1824"/>
                <TextEquiv>
                    <Unicode>falsch unterrichtete. Daß aber die von ihm</Unicode>
                </TextEquiv>
            </TextLine>
            <TextLine id="r2l33" custom="readingOrder {index:32;}">
                <Coords points="1936,1850 2370,1851 2424,1885 2734,1848 2855,1895 3090,1879 3091,1834 1936,1815"/>
                <Baseline points="1945,1854 2001,1854 2058,1855 2115,1856 2172,1857 2229,1857 2285,1858 2342,1859 2399,1860 2456,1861 2513,1862 2569,1863 2626,1864 2683,1865 2740,1867 2797,1867 2853,1869 2910,1870 2967,1870 3024,1871 3081,1872"/>
                <TextEquiv>
                    <Unicode>bediente Presse zur Erklärung der Handlungsweise</Unicode>
                </TextEquiv>
            </TextLine>
            <TextLine id="r2l34" custom="readingOrder {index:33;}">
                <Coords points="1935,1903 3070,1934 3092,1879 1936,1851"/>
                <Baseline points="1944,1898 2000,1899 2057,1901 2114,1902 2171,1903 2228,1904 2285,1905 2342,1906 2399,1908 2456,1909 2513,1911 2569,1912 2626,1913 2683,1914 2740,1915 2797,1916 2854,1917 2911,1918 2968,1919 3025,1919 3082,1919"/>
                <TextEquiv>
                    <Unicode>Nordaus anführt, daß er seit vielen Jahren in Paris</Unicode>
                </TextEquiv>
            </TextLine>
            <TextLine id="r2l35" custom="readingOrder {index:34;}">
                <Coords points="1937,1955 3066,1986 3086,1917 1938,1906"/>
                <Baseline points="1946,1944 2002,1945 2059,1947 2115,1948 2172,1949 2228,1951 2285,1952 2341,1953 2398,1954 2454,1955 2511,1957 2567,1958 2624,1958 2680,1959 2737,1960 2793,1961 2850,1962 2906,1963 2963,1963 3019,1964 3076,1964"/>
                <TextEquiv>
                    <Unicode>wohne und dort viele Freunde besitze, bei denen er nicht</Unicode>
                </TextEquiv>
            </TextLine>
            <TextLine id="r2l36" custom="readingOrder {index:35;}">
                <Coords points="1929,2019 2959,2006 3073,2035 3096,1952 1930,1963"/>
                <Baseline points="1939,1996 1996,1996 2053,1996 2111,1996 2168,1996 2225,1997 2283,1998 2340,1999 2397,2000 2455,2001 2512,2002 2569,2004 2627,2005 2684,2007 2741,2008 2799,2010 2856,2011 2913,2012 2971,2013 3028,2014 3086,2014"/>
                <TextEquiv>
                    <Unicode>in schiefes Licht kommen wolle, zeugt doch füc ein mehr</Unicode>
                </TextEquiv>
            </TextLine>
            <TextLine id="r2l37" custom="readingOrder {index:36;}">
                <Coords points="1925,2050 3034,2075 3088,2035 1926,2016"/>
                <Baseline points="1934,2043 1991,2043 2048,2043 2105,2043 2162,2044 2220,2044 2277,2045 2334,2046 2391,2047 2448,2049 2506,2050 2563,2051 2620,2053 2677,2054 2734,2055 2792,2056 2849,2057 2906,2057 2963,2057 3020,2057 3078,2056"/>
                <TextEquiv>
                    <Unicode>als klägliches Deutschbewußtsein. Es¬</Unicode>
                </TextEquiv>
            </TextLine>
            <TextLine id="r2l38" custom="readingOrder {index:37;}">
                <Coords points="1923,2095 2376,2116 2528,2086 2988,2128 3087,2103 3088,2060 1924,2052"/>
                <Baseline points="1932,2092 1989,2091 2046,2091 2103,2091 2161,2092 2218,2092 2275,2093 2333,2093 2390,2094 2447,2095 2505,2096 2562,2096 2619,2098 2676,2099 2734,2100 2791,2101 2848,2103 2906,2104 2963,2105 3020,2106 3078,2107"/>
                <TextEquiv>
                    <Unicode>sollte gerade solchen Herren, wie einem Max Nordau,</Unicode>
                </TextEquiv>
            </TextLine>
            <TextLine id="r2l39" custom="readingOrder {index:38;}">
                <Coords points="1931,2159 3030,2163 3086,2150 3087,2100 2986,2129 1932,2088"/>
                <Baseline points="1940,2138 1996,2138 2053,2138 2110,2138 2167,2139 2224,2139 2281,2140 2337,2141 2394,2142 2451,2144 2508,2145 2565,2147 2622,2148 2679,2150 2735,2151 2792,2152 2849,2153 2906,2154 2963,2154 3020,2155 3077,2155"/>
                <TextEquiv>
                    <Unicode>jetzt vor allem darauf ankommen, dafür zu sorgen, bei</Unicode>
                </TextEquiv>
            </TextLine>
            <TextLine id="r2l40" custom="readingOrder {index:39;}">
                <Coords points="1929,2198 3082,2219 3083,2163 2978,2152 1930,2147"/>
                <Baseline points="1938,2186 1994,2186 2051,2186 2108,2186 2165,2186 2222,2187 2278,2188 2335,2189 2392,2190 2449,2192 2506,2193 2562,2195 2619,2196 2676,2198 2733,2200 2790,2201 2846,2202 2903,2203 2960,2204 3017,2205 3074,2205"/>
                <TextEquiv>
                    <Unicode>uns Deutschen das Gefühl zu erwecken, daß sie wirklich</Unicode>
                </TextEquiv>
            </TextLine>
            <TextLine id="r2l41" custom="readingOrder {index:40;}">
                <Coords points="1920,2243 2556,2246 2556,2208 2449,2193 2392,2207 2033,2187 1920,2211"/>
                <Baseline points="1929,2235 1959,2234 1990,2234 2021,2234 2052,2233 2083,2234 2114,2234 2144,2234 2175,2234 2206,2235 2237,2235 2268,2236 2299,2236 2330,2237 2360,2237 2391,2238 2422,2238 2453,2238 2484,2238 2515,2238 2546,2238"/>
                <TextEquiv>
                    <Unicode>ein Teil unseres Volkes sind.</Unicode>
                </TextEquiv>
            </TextLine>
            <TextLine id="r2l42" custom="readingOrder {index:41;}">
                <Coords points="2014,2282 3075,2312 3076,2255 2984,2225 2015,2234"/>
                <Baseline points="2023,2277 2075,2278 2127,2279 2179,2280 2231,2281 2284,2282 2336,2283 2388,2284 2440,2285 2492,2286 2545,2287 2597,2288 2649,2289 2701,2290 2753,2291 2806,2291 2858,2292 2910,2293 2962,2294 3014,2295 3067,2296"/>
                <TextEquiv>
                    <Unicode>Auch Artur Schnitzler hat es für nötig ge¬</Unicode>
                </TextEquiv>
            </TextLine>
            <TextLine id="r2l43" custom="readingOrder {index:42;}">
                <Coords points="1916,2346 2730,2333 3081,2371 3082,2315 2158,2310 1917,2273"/>
                <Baseline points="1926,2327 1983,2326 2040,2325 2098,2325 2155,2326 2212,2326 2270,2327 2327,2328 2384,2329 2442,2330 2499,2332 2556,2333 2614,2335 2671,2336 2728,2338 2786,2340 2843,2341 2900,2342 2958,2343 3015,2344 3073,2344"/>
                <TextEquiv>
                    <Unicode>halten, im „Journal de Genéve“, in dem täglich eine</Unicode>
                </TextEquiv>
            </TextLine>
            <TextLine id="r2l44" custom="readingOrder {index:43;}">
                <Coords points="1922,2394 3082,2408 3083,2369 1923,2340"/>
                <Baseline points="1932,2374 1989,2374 2046,2374 2103,2374 2160,2374 2217,2375 2274,2376 2331,2376 2388,2378 2445,2379 2502,2380 2559,2381 2616,2383 2673,2384 2730,2385 2787,2386 2844,2387 2901,2388 2958,2389 3015,2389 3073,2390"/>
                <TextEquiv>
                    <Unicode>Ladung Gift gegen uns Deutsche verspritzt wird, „kraft¬</Unicode>
                </TextEquiv>
            </TextLine>
            <TextLine id="r2l45" custom="readingOrder {index:44;}">
                <Coords points="1918,2432 2520,2445 2626,2416 3073,2458 3074,2407 1919,2368"/>
                <Baseline points="1928,2416 1984,2417 2041,2419 2098,2420 2155,2421 2212,2422 2268,2423 2325,2424 2382,2425 2439,2426 2496,2427 2552,2428 2609,2429 2666,2430 2723,2431 2780,2432 2836,2433 2893,2434 2950,2435 3007,2436 3064,2437"/>
                <TextEquiv>
                    <Unicode>voll Einspruch zu erheben gegen angebliche abfällige</Unicode>
                </TextEquiv>
            </TextLine>
            <TextLine id="r2l46" custom="readingOrder {index:45;}">
                <Coords points="1928,2466 2568,2490 2617,2462 2700,2501 3077,2491 3078,2444 1928,2431"/>
                <Baseline points="1937,2467 1993,2466 2050,2465 2106,2465 2163,2465 2220,2466 2276,2467 2333,2468 2389,2469 2446,2471 2503,2473 2559,2474 2616,2476 2672,2478 2729,2479 2786,2480 2842,2482 2899,2482 2955,2483 3012,2482 3069,2482"/>
                <TextEquiv>
                    <Unicode>Aeußerungen über Meister der russischen, englischen,</Unicode>
                </TextEquiv>
            </TextLine>
            <TextLine id="r2l47" custom="readingOrder {index:46;}">
                <Coords points="1923,2540 2721,2519 3002,2557 3076,2522 3076,2490 2937,2479 1924,2461"/>
                <Baseline points="1932,2520 1988,2519 2045,2518 2102,2517 2159,2517 2215,2517 2272,2517 2329,2518 2386,2519 2442,2519 2499,2520 2556,2522 2613,2523 2669,2524 2726,2525 2783,2526 2840,2527 2896,2528 2953,2529 3010,2530 3067,2530"/>
                <TextEquiv>
                    <Unicode>französischen und belgischen Literatur, die ihm russische</Unicode>
                </TextEquiv>
            </TextLine>
            <TextLine id="r2l48" custom="readingOrder {index:47;}">
                <Coords points="1927,2580 2594,2565 2741,2592 2889,2552 2722,2520 1927,2525"/>
                <Baseline points="1936,2563 1983,2562 2030,2562 2077,2562 2124,2562 2172,2563 2219,2563 2266,2564 2313,2565 2360,2565 2408,2566 2455,2567 2502,2568 2549,2569 2596,2569 2644,2570 2691,2571 2738,2571 2785,2571 2832,2571 2880,2570"/>
                <TextEquiv>
                    <Unicode>Zeitungen in böswilliger Absicht unterschieben“</Unicode>
                </TextEquiv>
            </TextLine>
            <TextLine id="r2l49" custom="readingOrder {index:48;}">
                <Coords points="2017,2612 3009,2641 3070,2624 3071,2579 2018,2572"/>
                <Baseline points="2026,2607 2077,2608 2129,2609 2181,2610 2233,2611 2285,2611 2336,2612 2388,2613 2440,2614 2492,2615 2544,2616 2595,2617 2647,2618 2699,2619 2751,2619 2803,2620 2854,2621 2906,2621 2958,2621 3010,2621 3062,2621"/>
                <TextEquiv>
                    <Unicode>Herr Schnitzler wird es gar nicht gewahr,</Unicode>
                </TextEquiv>
            </TextLine>
            <TextLine id="r2l50" custom="readingOrder {index:49;}">
                <Coords points="1924,2660 2897,2684 3078,2650 2563,2607 1925,2626"/>
                <Baseline points="1934,2655 1990,2654 2047,2654 2104,2653 2161,2654 2217,2654 2274,2655 2331,2656 2388,2658 2444,2659 2501,2661 2558,2662 2615,2664 2671,2666 2728,2667 2785,2668 2842,2669 2898,2669 2955,2670 3012,2669 3069,2668"/>
                <TextEquiv>
                    <Unicode>welcher Hohn darin liegt, wenn ausgerechnet</Unicode>
                </TextEquiv>
            </TextLine>
            <TextLine id="r2l51" custom="readingOrder {index:50;}">
                <Coords points="1917,2720 2298,2701 2565,2736 2896,2704 3074,2737 3075,2680 3039,2676 1918,2667"/>
                <Baseline points="1926,2704 1983,2703 2040,2703 2097,2702 2154,2702 2211,2703 2268,2703 2325,2704 2382,2705 2439,2706 2496,2707 2553,2709 2610,2710 2667,2711 2724,2713 2781,2714 2838,2715 2895,2716 2952,2716 3009,2717 3066,2717"/>
                <TextEquiv>
                    <Unicode>Romain Rolland die Veröffentlichung seines Artikels</Unicode>
                </TextEquiv>
            </TextLine>
            <TextLine id="r2l52" custom="readingOrder {index:51;}">
                <Coords points="1921,2745 3077,2780 3078,2739 2895,2703 1922,2706"/>
                <Baseline points="1930,2748 1986,2749 2043,2750 2100,2751 2157,2752 2214,2753 2271,2754 2328,2755 2385,2756 2442,2757 2499,2758 2555,2759 2612,2760 2669,2761 2726,2762 2783,2763 2840,2764 2897,2765 2954,2766 3011,2767 3068,2767"/>
                <TextEquiv>
                    <Unicode>einleitet und dabei hervorhebt, „es sei kollegtale Pflicht,</Unicode>
                </TextEquiv>
            </TextLine>
            <TextLine id="r2l53" custom="readingOrder {index:52;}">
                <Coords points="1916,2786 3072,2835 3071,2765 1916,2765"/>
                <Baseline points="1924,2795 1983,2796 2043,2797 2103,2798 2163,2798 2223,2799 2283,2800 2343,2801 2403,2802 2463,2803 2523,2804 2583,2804 2643,2805 2703,2806 2763,2807 2823,2808 2883,2809 2943,2810 3003,2811 3063,2812"/>
                <TextEquiv>
                    <Unicode>dies zu tun, wie überhaupt immer einzutreten, wenn es</Unicode>
                </TextEquiv>
            </TextLine>
            <TextLine id="r2l54" custom="readingOrder {index:53;}">
                <Coords points="1917,2853 3042,2869 3082,2827 1918,2810"/>
                <Baseline points="1926,2843 1983,2844 2040,2845 2098,2846 2155,2847 2212,2847 2270,2848 2327,2849 2384,2850 2442,2851 2499,2852 2556,2853 2614,2854 2671,2854 2728,2855 2786,2855 2843,2856 2900,2856 2958,2856 3015,2856 3073,2856"/>
                <TextEquiv>
                    <Unicode>sich darum handelt, inmitten des Wahnsinns der</Unicode>
                </TextEquiv>
            </TextLine>
            <TextLine id="r2l55" custom="readingOrder {index:54;}">
                <Coords points="1919,2896 3081,2915 3068,2848 1920,2853"/>
                <Baseline points="1929,2891 1986,2891 2043,2891 2100,2891 2157,2892 2215,2893 2272,2894 2329,2895 2386,2895 2443,2897 2501,2898 2558,2899 2615,2900 2672,2901 2729,2902 2787,2903 2844,2904 2901,2905 2958,2906 3015,2906 3073,2906"/>
                <TextEquiv>
                    <Unicode>kämpfenden Nationen die bestehende Einheit des mensch¬</Unicode>
                </TextEquiv>
            </TextLine>
            <TextLine id="r2l56" custom="readingOrder {index:55;}">
                <Coords points="1921,2950 3078,2966 3057,2913 1922,2898"/>
                <Baseline points="1930,2937 1989,2938 2049,2939 2109,2940 2169,2942 2229,2943 2289,2944 2349,2945 2409,2946 2469,2947 2529,2948 2589,2949 2649,2949 2709,2951 2769,2951 2829,2952 2889,2953 2949,2954 3009,2955 3069,2956"/>
                <TextEquiv>
                    <Unicode>lichen Gedankens und die geheime Verbindung seiner</Unicode>
                </TextEquiv>
            </TextLine>
            <TextLine id="r2l57" custom="readingOrder {index:56;}">
                <Coords points="1926,3007 1979,3020 2065,2990 2401,3007 2474,2975 2474,2950 1926,2944"/>
                <Baseline points="1934,2981 1960,2983 1987,2983 2013,2984 2040,2985 2066,2986 2093,2986 2119,2987 2146,2987 2172,2987 2199,2987 2226,2987 2252,2987 2279,2987 2305,2987 2332,2987 2358,2987 2385,2987 2411,2987 2438,2987 2465,2987"/>
                <TextEquiv>
                    <Unicode>besten Geister zu beionen“</Unicode>
                </TextEquiv>
            </TextLine>
            <TextLine id="r2l58" custom="readingOrder {index:57;}">
                <Coords points="2017,3037 3013,3063 3076,3052 3077,2993 2018,3001"/>
                <Baseline points="2027,3034 2079,3034 2131,3035 2183,3036 2235,3036 2287,3037 2339,3038 2391,3039 2443,3040 2495,3041 2547,3042 2599,3043 2651,3043 2703,3044 2755,3045 2807,3046 2859,3047 2911,3047 2963,3048 3015,3049 3067,3049"/>
                <TextEquiv>
                    <Unicode>Wir müssen diesen „besten Geistern“ sagen, daß sie</Unicode>
                </TextEquiv>
            </TextLine>
            <TextLine id="r2l59" custom="readingOrder {index:58;}">
                <Coords points="1910,3089 2988,3112 3078,3092 3079,3051 2304,3040 2182,3070 1911,3025"/>
                <Baseline points="1919,3078 1976,3079 2034,3081 2091,3082 2149,3083 2206,3084 2264,3086 2321,3086 2379,3088 2436,3088 2494,3090 2551,3090 2609,3091 2666,3092 2724,3093 2781,3094 2839,3094 2896,3095 2954,3095 3011,3096 3069,3097"/>
                <TextEquiv>
                    <Unicode>durch diese „geheime Verbindung“ zu ihrer wechsel¬</Unicode>
                </TextEquiv>
            </TextLine>
            <TextLine id="r2l60" custom="readingOrder {index:59;}">
                <Coords points="1915,3148 3069,3168 3071,3092 1916,3089"/>
                <Baseline points="1924,3128 1980,3128 2037,3128 2094,3129 2151,3130 2208,3130 2265,3131 2321,3132 2378,3133 2435,3134 2492,3136 2549,3137 2606,3138 2663,3139 2719,3140 2776,3142 2833,3142 2890,3143 2947,3144 3004,3144 3061,3145"/>
                <TextEquiv>
                    <Unicode>seiligen Beweihräucherung sich der Verbindung mit uns</Unicode>
                </TextEquiv>
            </TextLine>
            <TextLine id="r2l61" custom="readingOrder {index:60;}">
                <Coords points="1910,3170 3049,3208 3071,3171 2452,3132 1911,3157"/>
                <Baseline points="1920,3173 1977,3174 2034,3175 2091,3176 2148,3177 2205,3177 2262,3178 2319,3179 2376,3180 2433,3181 2491,3182 2548,3183 2605,3184 2662,3185 2719,3186 2776,3187 2833,3188 2890,3189 2947,3190 3004,3190 3062,3191"/>
                <TextEquiv>
                    <Unicode>als leidender und kämpfender Nation unwürdig machen.</Unicode>
                </TextEquiv>
            </TextLine>
            <TextLine id="r2l62" custom="readingOrder {index:61;}">
                <Coords points="1909,3230 3062,3245 3037,3196 1909,3189"/>
                <Baseline points="1918,3221 1974,3221 2031,3222 2088,3222 2145,3223 2201,3224 2258,3224 2315,3225 2372,3226 2428,3227 2485,3228 2542,3229 2599,3230 2655,3231 2712,3233 2769,3234 2826,3234 2882,3235 2939,3236 2996,3237 3053,3237"/>
                <TextEquiv>
                    <Unicode>Sie mögen dann in ihren erlesenen Geisterverein noch</Unicode>
                </TextEquiv>
            </TextLine>
            <TextLine id="r2l63" custom="readingOrder {index:62;}">
                <Coords points="1918,3266 3001,3300 3069,3280 3070,3233 1918,3222"/>
                <Baseline points="1926,3269 1982,3269 2039,3269 2096,3270 2152,3270 2209,3271 2266,3272 2322,3272 2379,3273 2436,3274 2493,3275 2549,3276 2606,3277 2663,3278 2719,3279 2776,3280 2833,3281 2889,3282 2946,3282 3003,3283 3060,3284"/>
                <TextEquiv>
                    <Unicode>den im Ausland vielgeliebten Heirn Liebknecht</Unicode>
                </TextEquiv>
            </TextLine>
            <TextLine id="r2l64" custom="readingOrder {index:63;}">
                <Coords points="1905,3333 2956,3319 3068,3355 3069,3278 1905,3285"/>
                <Baseline points="1914,3316 1971,3316 2028,3317 2085,3317 2143,3317 2200,3318 2257,3319 2314,3319 2372,3320 2429,3321 2486,3321 2543,3322 2601,3323 2658,3324 2715,3325 2772,3326 2830,3326 2887,3327 2944,3328 3001,3328 3059,3329"/>
                <TextEquiv>
                    <Unicode>aufnehmen und sich des weiteren verbrüdert fühlen mit</Unicode>
                </TextEquiv>
            </TextLine>
            <TextLine id="r2l65" custom="readingOrder {index:64;}">
                <Coords points="1904,3380 3069,3379 3032,3334 2945,3327 1904,3323"/>
                <Baseline points="1912,3365 1969,3366 2026,3366 2084,3366 2141,3367 2199,3367 2256,3368 2313,3368 2371,3369 2428,3369 2486,3370 2543,3371 2600,3372 2658,3372 2715,3373 2773,3374 2830,3374 2887,3375 2945,3376 3002,3377 3060,3377"/>
                <TextEquiv>
                    <Unicode>dem auch sich einen deutschklingenden Namen fälschlich</Unicode>
                </TextEquiv>
            </TextLine>
            <TextLine id="r2l66" custom="readingOrder {index:65;}">
                <Coords points="1900,3408 2232,3412 2355,3451 2548,3416 3005,3439 3069,3419 3070,3381 2197,3365 1900,3396"/>
                <Baseline points="1909,3413 1966,3412 2024,3412 2081,3412 2139,3412 2196,3413 2254,3413 2311,3414 2369,3415 2426,3416 2484,3417 2542,3418 2599,3419 2657,3420 2714,3421 2772,3421 2829,3422 2887,3423 2944,3423 3002,3423 3060,3423"/>
                <TextEquiv>
                    <Unicode>aneignenden Georg Brandes, der sich nicht ent¬</Unicode>
                </TextEquiv>
            </TextLine>
            <TextLine id="r2l67" custom="readingOrder {index:66;}">
                <Coords points="1902,3476 2480,3453 3001,3487 3076,3470 3077,3424 1902,3420"/>
                <Baseline points="1911,3460 1968,3459 2026,3459 2084,3460 2142,3460 2200,3461 2258,3462 2315,3462 2373,3463 2431,3464 2489,3465 2547,3466 2605,3467 2663,3467 2720,3467 2778,3467 2836,3467 2894,3467 2952,3466 3010,3465 3068,3463"/>
                <TextEquiv>
                    <Unicode>blödet, im Pariser „Temps“ zu behaupten, Deutschland</Unicode>
                </TextEquiv>
            </TextLine>
            <TextLine id="r2l68" custom="readingOrder {index:67;}">
                <Coords points="1907,3494 2729,3535 3073,3500 3062,3471 1907,3473"/>
                <Baseline points="1915,3507 1972,3506 2029,3506 2087,3506 2144,3506 2202,3507 2259,3507 2317,3508 2374,3509 2432,3510 2489,3511 2546,3512 2604,3513 2661,3514 2719,3515 2776,3516 2834,3517 2891,3517 2949,3517 3006,3517 3064,3517"/>
                <TextEquiv>
                    <Unicode>habe durch Versprechungen Ausländer zu einem günstigen</Unicode>
                </TextEquiv>
            </TextLine>
            <TextLine id="r2l69" custom="readingOrder {index:68;}">
                <Coords points="1899,3556 3060,3576 3060,3530 2921,3519 1900,3527"/>
                <Baseline points="1908,3548 1965,3550 2022,3551 2079,3552 2136,3553 2193,3554 2250,3555 2307,3556 2364,3557 2421,3558 2479,3559 2536,3559 2593,3560 2650,3561 2707,3561 2764,3562 2821,3562 2878,3562 2935,3563 2992,3563 3050,3563"/>
                <TextEquiv>
                    <Unicode>Urteil über Deutschland gewonnen, und einzelne Dänen,</Unicode>
                </TextEquiv>
            </TextLine>
            <TextLine id="r2l70" custom="readingOrder {index:69;}">
                <Coords points="1907,3602 2924,3628 3067,3612 3068,3567 1908,3556"/>
                <Baseline points="1917,3598 1974,3598 2031,3598 2088,3599 2145,3599 2202,3600 2259,3601 2316,3602 2373,3603 2430,3605 2487,3606 2544,3607 2601,3608 2658,3609 2715,3610 2772,3611 2829,3611 2886,3611 2943,3611 3000,3611 3058,3610"/>
                <TextEquiv>
                    <Unicode>die sich uns offenbar mit Recht rassenverwandt fühlen</Unicode>
                </TextEquiv>
            </TextLine>
            <TextLine id="r2l71" custom="readingOrder {index:70;}">
                <Coords points="1908,3655 3018,3684 3060,3626 1909,3601"/>
                <Baseline points="1917,3651 1973,3649 2030,3648 2087,3647 2143,3646 2200,3646 2257,3646 2313,3647 2370,3648 2427,3649 2484,3650 2540,3652 2597,3653 2654,3655 2710,3656 2767,3658 2824,3659 2880,3661 2937,3662 2994,3663 3051,3664"/>
                <TextEquiv>
                    <Unicode>und deshalb uns ihre Sympathie öffentlich bezeugten,</Unicode>
                </TextEquiv>
            </TextLine>
            <TextLine id="r2l72" custom="readingOrder {index:71;}">
                <Coords points="1909,3698 1941,3713 2073,3700 2136,3715 2198,3684 2257,3715 2286,3701 2394,3711 2428,3703 2429,3669 2297,3653 1910,3655"/>
                <Baseline points="1918,3695 1943,3695 1968,3694 1993,3694 2018,3693 2043,3693 2068,3693 2093,3693 2118,3693 2143,3694 2168,3694 2193,3694 2218,3695 2243,3696 2268,3696 2293,3697 2318,3697 2343,3698 2368,3699 2393,3699 2419,3700"/>
                <TextEquiv>
                    <Unicode>als „käuflich“ bezeichnet.</Unicode>
                </TextEquiv>
            </TextLine>
            <TextLine id="r2l73" custom="readingOrder {index:72;}">
                <Coords points="1996,3742 2997,3769 3056,3756 3057,3722 2573,3689 1997,3710"/>
                <Baseline points="2005,3740 2057,3742 2109,3743 2161,3744 2213,3745 2265,3746 2317,3747 2369,3747 2421,3747 2473,3748 2526,3748 2578,3748 2630,3749 2682,3749 2734,3750 2786,3750 2838,3751 2890,3753 2942,3754 2994,3756 3047,3758"/>
                <TextEquiv>
                    <Unicode>Man mißverstehe diese Ausführungen nicht; sie</Unicode>
                </TextEquiv>
            </TextLine>
            <TextLine id="r2l74" custom="readingOrder {index:73;}">
                <Coords points="1903,3793 3061,3824 3062,3775 1904,3738"/>
                <Baseline points="1912,3790 1969,3790 2026,3790 2083,3791 2140,3791 2197,3792 2254,3793 2311,3793 2368,3795 2425,3795 2482,3796 2539,3797 2596,3798 2653,3799 2710,3800 2767,3800 2824,3801 2881,3801 2938,3801 2995,3801 3052,3801"/>
                <TextEquiv>
                    <Unicode>geschehen nicht, weil wir uns irgendwie gegen all diese</Unicode>
                </TextEquiv>
            </TextLine>
            <TextLine id="r2l75" custom="readingOrder {index:74;}">
                <Coords points="1905,3858 2557,3830 2681,3860 2726,3830 3058,3864 3059,3805 1906,3793"/>
                <Baseline points="1914,3837 1970,3837 2027,3837 2084,3838 2141,3839 2198,3839 2254,3841 2311,3841 2368,3842 2425,3844 2482,3845 2538,3846 2595,3847 2652,3848 2709,3848 2766,3849 2822,3850 2879,3850 2936,3851 2993,3851 3050,3850"/>
                <TextEquiv>
                    <Unicode>Verleugner und Verleumder unserer Sache wehren</Unicode>
                </TextEquiv>
            </TextLine>
            <TextLine id="r2l76" custom="readingOrder {index:75;}">
                <Coords points="1905,3888 3039,3909 3052,3858 1906,3858"/>
                <Baseline points="1915,3885 1971,3884 2027,3884 2084,3885 2140,3885 2196,3886 2253,3887 2309,3888 2365,3889 2422,3890 2478,3891 2534,3892 2591,3893 2647,3894 2703,3894 2760,3895 2816,3895 2872,3895 2929,3895 2985,3895 3042,3894"/>
                <TextEquiv>
                    <Unicode>wollten, sondern lediglich als Merkmittel für später.</Unicode>
                </TextEquiv>
            </TextLine>
            <TextLine id="r2l77" custom="readingOrder {index:76;}">
                <Coords points="1901,3927 3059,3963 3060,3913 2989,3898 1902,3889"/>
                <Baseline points="1910,3930 1967,3931 2024,3932 2081,3933 2138,3934 2195,3935 2252,3935 2309,3936 2366,3936 2423,3937 2480,3938 2537,3938 2594,3939 2651,3939 2708,3940 2765,3941 2822,3942 2879,3943 2936,3944 2993,3945 3050,3946"/>
                <TextEquiv>
                    <Unicode>Wir wissen alle, daß der große Kampf mit dem Krieg</Unicode>
                </TextEquiv>
            </TextLine>
            <TextLine id="r2l78" custom="readingOrder {index:77;}">
                <Coords points="1900,3986 3051,4007 3051,3973 2979,3947 1901,3927"/>
                <Baseline points="1909,3982 1965,3981 2022,3981 2079,3982 2135,3982 2192,3982 2249,3982 2305,3983 2362,3983 2419,3984 2476,3984 2532,3985 2589,3986 2646,3987 2702,3988 2759,3988 2816,3990 2872,3991 2929,3992 2986,3994 3043,3995"/>
                <TextEquiv>
                    <Unicode>nicht zu Ende ist. Da ist es dann wichtig,</Unicode>
                </TextEquiv>
            </TextLine>
            <TextLine id="r2l79" custom="readingOrder {index:78;}">
                <Coords points="1905,4052 3058,4058 3028,4000 1905,3991"/>
                <Baseline points="1914,4030 1970,4029 2027,4029 2084,4029 2141,4029 2197,4029 2254,4030 2311,4031 2368,4031 2424,4032 2481,4033 2538,4034 2595,4035 2651,4036 2708,4037 2765,4038 2822,4039 2878,4040 2935,4040 2992,4041 3049,4041"/>
                <TextEquiv>
                    <Unicode>seine Feinde genau zu keunen, erst</Unicode>
                </TextEquiv>
            </TextLine>
            <TextLine id="r2l80" custom="readingOrder {index:79;}">
                <Coords points="1895,4096 3071,4120 3072,4054 2921,4035 1896,4033"/>
                <Baseline points="1904,4077 1961,4076 2019,4076 2077,4076 2135,4077 2193,4077 2251,4078 2309,4079 2367,4080 2425,4082 2483,4083 2540,4085 2598,4086 2656,4088 2714,4089 2772,4090 2830,4091 2888,4093 2946,4093 3004,4094 3062,4094"/>
                <TextEquiv>
                    <Unicode>recht, wenn sie im Schafspelz einher¬</Unicode>
                </TextEquiv>
            </TextLine>
            <TextLine id="r2l81" custom="readingOrder {index:80;}">
                <Coords points="1898,4155 1982,4157 1994,4145 2119,4138 2119,4088 2083,4088 2074,4081 2060,4091 2031,4087 2022,4096 2003,4084 1965,4092 1935,4085 1897,4089"/>
                <Baseline points="1907,4128 1932,4127 1957,4127 1983,4126 2008,4125 2033,4125 2059,4125 2084,4125 2110,4127"/>
                <TextEquiv>
                    <Unicode>gehen.</Unicode>
                </TextEquiv>
            </TextLine>
            <TextEquiv>
                <Unicode>——
Ausschnitt a
4A. JAN 1BREICHSPOST. WIEN
vom:
Zweifelhafte Patrioten.
Die Sorgen Nordaus und Schnitzlers umihren
Ruf im Auslände.
Wir lesen im „Türmer“ unter „Merktafel“:
Während unser Volk einen unerhörten Hagel von
Stinkbomben übelster Verleumdung aushalten muß und
sich dagegen nur insoweit wehrt, daß der Dampf nicht
die Sinne der dritten Unbeteiligten umnebelt, für die
Verleumder aber bloß Verachtung übrig hat, sind es
wieder einige unserer Herren Literaten, die in gerabezu
kläglicher Aengstlichkeit um ihren „guten Ruf“ im feind¬
lichen Auslande besorgt sind.
Daß Herr Max Nordan (eigentlich Südfeld)s
seine seit dem Kriegsausbruch in deutschen Zeitungen
veröffentlichten Artikel dem Pariser „Temps“ zur Ueber¬
prüsung einreicht, um das Zeugnis zu erlangen, daß er
nicht unfreundlich über Frankreich geschrieben hat, kann
uns schließlich bei diesem Manne nicht überraschen, der
als jahrelanger Pariser Korrespondent großer deutscher
Zeitungen (in erster Linie der „Neuen Freien Presse“)
ein gerüttelt voll es Maß zu der bei
uns in weiten Kreisen üblichen Ueber¬
schätzung alles Französ
i¬
getragen und ohnehin eine französische Verdienst¬
medaille dafür verdient hat, daßer uns über dien
wahren Gesinnungen Frankreichs
falsch unterrichtete. Daß aber die von ihm
bediente Presse zur Erklärung der Handlungsweise
Nordaus anführt, daß er seit vielen Jahren in Paris
wohne und dort viele Freunde besitze, bei denen er nicht
in schiefes Licht kommen wolle, zeugt doch füc ein mehr
als klägliches Deutschbewußtsein. Es¬
sollte gerade solchen Herren, wie einem Max Nordau,
jetzt vor allem darauf ankommen, dafür zu sorgen, bei
uns Deutschen das Gefühl zu erwecken, daß sie wirklich
ein Teil unseres Volkes sind.
Auch Artur Schnitzler hat es für nötig ge¬
halten, im „Journal de Genéve“, in dem täglich eine
Ladung Gift gegen uns Deutsche verspritzt wird, „kraft¬
voll Einspruch zu erheben gegen angebliche abfällige
Aeußerungen über Meister der russischen, englischen,
französischen und belgischen Literatur, die ihm russische
Zeitungen in böswilliger Absicht unterschieben“
Herr Schnitzler wird es gar nicht gewahr,
welcher Hohn darin liegt, wenn ausgerechnet
Romain Rolland die Veröffentlichung seines Artikels
einleitet und dabei hervorhebt, „es sei kollegtale Pflicht,
dies zu tun, wie überhaupt immer einzutreten, wenn es
sich darum handelt, inmitten des Wahnsinns der
kämpfenden Nationen die bestehende Einheit des mensch¬
lichen Gedankens und die geheime Verbindung seiner
besten Geister zu beionen“
Wir müssen diesen „besten Geistern“ sagen, daß sie
durch diese „geheime Verbindung“ zu ihrer wechsel¬
seiligen Beweihräucherung sich der Verbindung mit uns
als leidender und kämpfender Nation unwürdig machen.
Sie mögen dann in ihren erlesenen Geisterverein noch
den im Ausland vielgeliebten Heirn Liebknecht
aufnehmen und sich des weiteren verbrüdert fühlen mit
dem auch sich einen deutschklingenden Namen fälschlich
aneignenden Georg Brandes, der sich nicht ent¬
blödet, im Pariser „Temps“ zu behaupten, Deutschland
habe durch Versprechungen Ausländer zu einem günstigen
Urteil über Deutschland gewonnen, und einzelne Dänen,
die sich uns offenbar mit Recht rassenverwandt fühlen
und deshalb uns ihre Sympathie öffentlich bezeugten,
als „käuflich“ bezeichnet.
Man mißverstehe diese Ausführungen nicht; sie
geschehen nicht, weil wir uns irgendwie gegen all diese
Verleugner und Verleumder unserer Sache wehren
wollten, sondern lediglich als Merkmittel für später.
Wir wissen alle, daß der große Kampf mit dem Krieg
nicht zu Ende ist. Da ist es dann wichtig,
seine Feinde genau zu keunen, erst
recht, wenn sie im Schafspelz einher¬
gehen.</Unicode>
            </TextEquiv>
        </TextRegion>
    </Page>
</PcGts>
