3436 4384
1145 263 1606 360 box 41/5
160 264 1009 377 1. Miscellaneous
2050 1003 2173 1080 491
716 1004 1133 1085 Ein Fragment
718 1153 2186 1216 Zeug über Deutschland geschrieben hätte, das neuerdings unter
728 1216 2197 1283 seinem Namen durch die Zeitungen ging. Soll ich mich nun auch
728 1293 2183 1350 noch öffentlich mit allem Ernste zu Shakespeare bekennen (dem
723 1367 2193 1418 Engländer! ja, denn er ist in Stratford geboren) — oder fängt es
738 1411 2190 1485 selbst den Zweiflern zu dämmern an, daß mir Shakespeare, auch
736 1474 2191 1551 wenn dieser Krieg dreißig Jahre dauerte, immer Shakespeare be¬
725 1546 2199 1631 deuten wird, und erläft man es mir für das Unvergleichliche und
729 1632 2192 1698 Einzige nach Worten des Preises und der Bewunderung zu suchen?
774 1713 2186 1774 So mag denn die leidige Angelegenheit für diesmal als abgetan
735 1782 2196 1854 gelten. Doch später einmal, wenn der Friede wieder da ist, wollen
736 1837 2188 1905 wir uns mit schmerzlichem Staunen erinnern, daß es eine Zeit
732 1911 2180 1980 gab, in der wir genötigt waren, über die Grenzen hinüber einander
739 1986 2196 2045 die Versicherung zuzurufen, daß wir zwar jeder unsere Heimat
732 2041 2200 2127 gelicht haben, das wir aber trotzdem Gerechtigkeit. Urteil und
735 2106 2198 2180 Dankbarkeit niemals verlernt, daß wir, um es kurz zu sagen, auch
730 2189 2204 2258 in dieser ungeheueren Epoche der Verwirrung niemals gänzlich
745 2251 1428 2335 den Verstand verloren hatten.
1544 2291 2165 2391 ARTHUR SCHNITZLER
784 2328 1187 2405 Dezember 1914.
1186 2588 1761 2683 EIN FRAGMENT
1509 2684 2193 2767 Ein junger Kriegsfreiwilliger schickt dem
1510 2748 2000 2826 Forum die folgenden Sätze:
796 2837 2197 2926 Kein Leitartikel, sondern ein Kellner hat es mir zum Bewußtsein
744 2929 2210 2991 gebracht. daß unsere Zeit aus den Fugen ist. Denn statt mich zu
738 2984 2201 3056 bedienen, erbrach er den Inhalt seines Leibblattes, und als ich es
739 3067 2159 3126 wagte, ihn an seine Pflicht zu erinnern, dab er eine Antwort —
744 3147 2208 3198 unvergeßlich in ihrem Triumph: „Ja. Herr, das war . .. Aber
741 3199 1088 3277 nun is Krieg.
798 3279 2214 3341 Wirklich? Ist es so. daß das Gewesene gewesen und das Zu¬
