3436 4384
147 231 1602 340 1. Miscellaneous box 41/5
353 441 1245 587 Ausschnäsaller Wochenblatt
540 560 960 647 GANGAK 1315
348 610 510 663 vom:
294 687 1350 771 * Arthur Schnitzler verteidigt sich. Im „Journal
175 741 1349 808 Geneve“ protestiert Akrym=Schnitzler gegen die rus¬
182 785 1359 852 sische Presse, die ihm erlogene Aeußerungen über Tolstoi,
180 837 1365 901 Maeterlinck, Anatole France und Shakespeare zuschiebt.
185 885 1363 939 Der Brief Schnitzlers wird eingeleitet von Romain
174 930 1366 1003 Rolland, der auch im Wüten des Krieges den Zusam¬
179 964 1364 1046 menschluß der wahren Führer der Wissenschaft und
181 1033 1360 1088 Kunst fordert. Schnitzler zeigt dem Genannten dichte¬
183 1073 1355 1135 rische Bewunderung und sagt, die heutige Welt sei ver¬
181 1137 1370 1183 wirrt derch das Uebermaß des Hasses und das wahn¬
188 1168 1360 1225 sinnige Lügen hinter der Frontreihe. Bei allem schul¬
195 1217 1411 1281 digen Patriotig## dürfe der Krieg die Urteilskraft,
194 1264 1417 1359 die Dankharrest und die Gerechtigkeit nicht vernichten.
961 1641 1315 1723 Stwam
469 1713 1689 1819 Ausschnitt aus: VORWARTS. BERLIN
726 1775 1028 1873 Tahatols
465 1794 732 1863 vom:
997 1863 1044 1924 *
724 1939 1515 2040 Ein Protest Artur Schnitzlers#
913 2012 1704 2087 Artur Schnitzler veröffentlicht in einem
827 2062 1705 2122 Schweizer Blatt die folgende Erklärung, die
824 2092 1705 2170 er dem „Forum“ auf dessen Wunsch zum Ab¬
833 2127 1146 2191 druck überläßt.
564 2168 1694 2248 Wie ich durch Freunde in Rußland auf einem Umweg erfahre,
483 2195 1706 2287 und in Petersburger Blättern angebliche Aeußerungen von mir
483 2239 1694 2314 nber Tolstoi, Macterlinck, Anatole France, Shakespeare von so
486 2295 1709 2374 phantastischer Unsinnigkeit veröffentlicht worden, wie sie mir zU
486 2330 1704 2405 nimalen Zeiten von niemandem, der mich kennt, zugetraut würden,
475 2350 1712 2440 die aber in unserer vom Uebermaß des Hasses und vom Wahnsinn
472 2417 1708 2478 der Lüge verwirrten Welt immerhin auch sonst urteilsfähigen
469 2450 1383 2498 Menschen nicht unglaubhaft erscheinen könnten.
552 2491 1718 2548 Solche Verhetzungsversuche, wie sie weit hinter den Fronten
474 2508 1705 2581 der ehrlich kämpfenden Armeen im wohlgedeckten Gelände unver¬
472 2565 1704 2640 antwortlicher Publizistik gefahrlos unternommen werden, scheinen
482 2600 1703 2670 ja eine besondere, und vielleicht die widerwärtigste, Eigentümlich¬
482 2640 1701 2711 teit dieses Krieges zu bedeuten. Auch der lächerlichste dieser Ver¬
480 2673 1713 2747 suche, wenn er gelingt, könnte späteren Verständigungen zwischen
477 2717 1700 2791 einzelnen, auf die es ankommt, Schwierigkeiten bereiten; daher
462 2754 1711 2810 möchte es leicht als ein Fehler erscheinen, wenn ich diesen (etwa
462 2779 1670 2845 um seiner besonderen Albernheit willen) auf sich beruhen ließe.
559 2823 1701 2900 Der Wortlaut der mir zugeschriebenen Aeußerungen ist mir
461 2866 1705 2946 noch nicht bekannt; ihr Sinn, und die Tatsache der Veröffentlichung
466 2905 1710 2956 ober steht unbezweifelbar fest. Da es unter den gegenwärtigen!
469 2939 1700 3002 Verhältnissen lange dauern kann, ehe ich in den Besitz des Original¬
460 2975 1695 3057 artikels gelange, muß ich mich vorläufig auf die Erklärung be¬
471 3029 1705 3096 schränken, daß Aeußerungen der Art, wie sie in jener Publikation
468 3065 1698 3132 offenbar mitgeteilt sind, von meiner Seite niemals gefallen sind,
454 3097 1700 3163 nach meiner Gesinnung niemals, weder im Frieden noch im Kriege,
452 3129 1694 3201 hätten fallen können. Es ist freilich ellvas beschämend für jemanden,
459 3185 1696 3248 der sich zeitlebens vom Pathos der Selbstverständlichkeiten leidlich
457 3221 1692 3286 fernzuhalten gewußt hat, erst ausbrücklich versichern zu müssen, daß
468 3255 1691 3326 ihm das Schöne jederzeit schön, das Große jederzeit groß bleiben
461 3293 1685 3364 wird, — auch wenn es Nationen angehört oder innerhalb von
449 3333 1692 3413 Nationen geworden und gewachsen ist, mit denen sein Vaterland
461 3381 1685 3433 eden in einen Krieg verwickelt ist; aber — der zahlreichen Menschen
447 3413 1691 3462 ndenkend, die sich in dieser Epoche auch zu schlimmeren Arten von
459 3445 1685 3499 Selbstverleugnung verstehen müssen, als zu kleinen Geschmack¬
448 3482 1676 3557 losigkeiten — stehe ich nicht an, es hier niederzuschreiben, daß ich
447 3526 1693 3598 Tolstoi (einen Russen!) für eines der gewaltigsten dichterischen
453 3566 1697 3631 Ingenien halte, die je über den Erdkreis geschritten sind; — daß
445 3607 1691 3678 ich Anatole France (einen Franzosen!) nach wie vor als einen der
442 3641 1684 3691 vornehmsten Geister der Gegenwart und zugleich als einen Er¬
443 3680 1686 3746 zahler höchsten Ranges erkenne; und daß Macterlincks (eines Bel¬
450 3725 1684 3789 giers!) naturwissenschaftlich poctisierende Rhapfodien, sowie viele
453 3762 1688 3811 seiner kleinen Dramen, auch dann von ihrem seltsam edlen Reiz
447 3801 1694 3855 nicht das geringste für mich verlören, wenn er wirklich all das
436 3826 1684 3903 krause Zeug über Deutschland geschrieben hätte, das neuerdings
434 3863 1685 3936 unter seinem Namen durch die Zeitungen ging. Soll ich mich nun
444 3919 1687 3981 auch noch öffentlich mit allem Ernste zu Shakespeare bekennen
442 3956 1683 4021 (dem Engländer! ja, denn er ist in Stratford geboren) — oder fängt
446 4004 1672 4051 cs selbst den Zweiflern zu dämmern an, daß mir Shakespeare, auch
2200 580 2663 669 ###nkabe ohne Gewähr.)
1909 672 2334 752 Ausschnitt aus:
1913 736 2340 856 am JKJMALBI5
1884 864 2847 939 Das „Genfer Journal“ bringt einen Protest Arthur
1822 892 2849 979 [Schnitzlers zum Abdruck, in dem dieser kraftvoll Ein¬
1817 930 2855 1010 Pruch erher gegen angebliche abfällige Außerungen über
1802 976 2849 1062 Meister der russischen, englischen, französischen und bel¬
1805 998 2853 1090 Hischen Literatur, die ihm russische Zeitungen in böswilliger
1790 1040 2842 1130 AAbsicht unterschieben. Der Protest Schnitzlers gelangt mit
1806 1095 2847 1186 einleitenden Worten von Nomain Rolland zur Veröffent¬
1802 1132 2837 1209 lichung, der hervorhebt, daß es kollegiale Pflicht sei, dies
1809 1163 2822 1267 zu tun, wie überhaupt immer einzutreten, wenn es sich
1798 1205 2847 1299 darum handelte, inmitten des „Wahnsinns der kämpfenden
1791 1247 2860 1345 Nationen die bestehende Einheit des menschlichen Gedau
1789 1277 2840 1393 kens und die geheime Verbindung seiner bestey Geist##u
1790 1297 1995 1367 betonen“
1698 1759 2954 1840 #denn dieser Krieg dreißig Jahre dauerte, immer Shakespeare r
1708 1824 2940 1896 1deuten wird, und erläßt man es mir für das Unvergleichliche und
1710 1852 2934 1918 Einzige nach Worten des Preises und der Bewunderung zu suchen?
1784 1908 2933 1972 So mag denn die leidige Angelegenheit für diesmal als ab¬
1720 1941 2935 2012 getan gesten. Doch später einmal, wenn der Friede wieder da ist,
1706 1975 2941 2048 wollen wir uns mit schmerzlichem Staunen erinnern, daß es eine
1725 2014 2935 2077 Zeit gab, in der wir genötigt waren, über die Grenzen hinüber
1722 2058 2923 2111 einander die Versicherung zuzurufen, daß wir zwar jeder unserel
1710 2089 2931 2145 Heimat geliebt haben, daß wir aber trotzdem Gerechtigkeit, Urteilt
1721 2130 2929 2208 und Tankbarkeit niemals verlernt, daß wir, um es furz zu sagen,
1708 2165 2930 2242 auch in dieser ungeheuren Epoche der Verwirrung niemals ganz¬
1707 2210 2366 2277 lich den Verstand verloren hatten.
1773 2242 2096 2310 Dezember 1911.
2324 2239 2890 2329 Artur Schnitzler.
