3436 4384
1134 296 1608 397 box 41/5
144 305 991 416 1. Miscellanesse
1390 1467 1549 1556 PTEA
1581 1473 2067 1565 pia Casterndese.,
371 1519 2774 1605 bentert oder gar irgendeine Bürgschaft für ihn übernommen leeingetreten. In der verflossenen Nacht wurde aus unbedeuten¬
375 1578 514 1646 hätte.
1566 1584 2773 1661 dem Anlasse auf der ganzen Vorpostenlinie ein Feuer eröffnet,
736 1614 1220 1706 Panik in Ilidze.
1567 1641 2768 1695 nach einer halben Stunde aber wieder gänzlich eingestellt. Sonst
444 1672 1577 1765 Sarajevo, 8. Juli. (Priv.=Tel.) In Ilidze herrschte
1581 1697 2764 1763 verlief die heutige Nacht und der Tag ohne Zwischenfall. Heute
366 1718 1577 1810 gestern große Panik. Es war das Gerücht verbreitet,
1574 1748 2769 1807 früh trafen 48 (!) rumänische Freiwillige mit zwei
363 1783 1567 1851 daß serbische Bauern Ilidze angreifen wollen,
1593 1796 2767 1855 Offizieren ein. Sie wurden nachmittags vom rumänischen Ge¬
365 1837 1566 1920 um die an den Serben begangenen Plünderungen zu rächen.
1569 1837 2773 1905 sandten dem Fürsten vorgestellt. Aus Argirocastro kam
361 1881 1449 1952 Das Gerin# hat sich jedoch als unzutreffend erwiesen.
1570 1892 2768 1955 eine aus 12 Mitgliedern, darunter vielen Hodschas, bestehende
1568 1939 2766 1999 Deputation hier an, welche erklärte, daß die Bevölkerung im
1578 1989 2770 2039 Epirns sich in größter Not befinde und um Abhilfe bitte.
365 1997 1561 2071 leja trat der Erzherzog für die Belassung des ursprüng¬
1571 2031 2758 2094 Das Fürstenpaar stattete heute abends dem englischen Admiral
357 2058 1564 2126 lichen Charakiers dieses merkwürdigen Baudenkmales ein; bei
1572 2084 2764 2140 Troubridge einen Besuch ab. Zwischen den Lagern der Auf¬
357 2106 1564 2169 der berühmten Kirche von Heiligenblut sorgte er dafür,
1584 2136 2764 2193 ständischen werden allabends Feuersignale gewechselt. Von den
357 2151 1573 2210 daß die alte Einrichtung unverändert beibehalten wurde. Die
1575 2190 2761 2247 Aufständischen in Schijak langte heute abends hier ein Par¬
359 2196 1566 2261 Restaurierungsarbeiten in Tirol überwachte er sorgfältig. An
1573 2236 2765 2290 lamentär mit zwei Briefen an die Kontrollkommission und
353 2241 1566 2305 der österreichischen „Kunsttopographie“, die als imposantes
1580 2280 2767 2335 die holländischen Offiziere ein. Bis heute nachts hatte man von
364 2276 1563 2363 Sammelwerk erscheint, nahm er lebhaftes Interesse, wenn auch
1567 2333 2762 2378 den vermißten Franzosen noch nichts erfahren. Die Aufständi¬
367 2345 1565 2405 seine Neigungen mehr nach Betätigung einer direkt prakti¬
1567 2382 2756 2441 schen in Schijak haben die Nachforschungen nach den Vermißten,
368 2403 1567 2465 schen Denkmalpflege strebten. Der gesamte österreichische Kunst¬
1579 2433 2756 2492 sowie den Schutz und die Auslieferung derselben zugesagt. Der
355 2445 1559 2499 denkmalbesitz sollte erhalten und gesichert werden. Wenn an¬
1581 2482 2752 2535 Entwurf der Statuten für die Fremdenlegion ist ausgearbeitet.
365 2491 1572 2566 dere Mittel nicht verfügbar waren, zögerte der Erzherzog nicht,
1645 2532 2754 2592 Durazzo, 7. Juli. (K.=B.) [Radiotelegramm via Castel¬
358 2544 1565 2598 aus eigenen Mitteln für dringende Zwecke beizutragen. So
1561 2575 2762 2634 nuovo.] Der gestrige Tag brachte in der Lage, welche allge¬
364 2591 1577 2660 wurde im Küstenland eine zum Stall entweihte Kirche mit
1569 2621 2761 2683 mein eine pessimistische Beurteilung findet, keinerlei Verän¬
353 2641 1563 2709 prächtigen Fresken aus dem 14. Jahrhundert entdeckt. Der
1575 2668 2749 2731 derung. In der Nacht von Sonntag auf Montag erschoß in
361 2689 1568 2749 Erzherzog kaufte das Gebäude an und ließ es pietätvoll in¬
1570 2719 2759 2778 der Stadt ein Gendarm aus Blutrache einen Kossowoalbaner.
354 2745 1561 2796 standsetzen. Den eigenartigen galizischen Holzkirchen, die 400
1567 2772 2759 2825 Montag abends schloß sich ein irrsinnig gewordener Albaner
361 2791 1571 2848 Jahre alt sind und Sehenswürdigkeiten ersten Ranges bil¬
1566 2821 2761 2889 mit vier Gewehren samt Munition in einem Hause ein und
361 2833 1556 2894 den, wandte er große Sorgfalt zu. Um jedes Detail der ein¬
1573 2870 2768 2930 feuerte nach allen Seiten Schüsse ab, ohne je¬
365 2885 1560 2954 schlägigen Arbeiten kümmerte er sich und man appellierte nie an
1574 2917 2754 2980 manden zu verletzen. Es entstand in der Stadt einige Auf¬
365 2941 1572 3006 ihn, ohne seiner Förderung sicher zu sein. Speziell in Wien
1566 2958 2761 3018 regung, die sich aber legte, als der Vorfall aufgeklärt wurde.
360 2984 1558 3060 nahm er hervorragenden Anteil an der Erhaltung des Kunst¬
1562 3012 2754 3077 Der Irrsinnige wurde schließlich in sicheres Gewahrsam ge¬
352 3037 1562 3103 besitzes. Eine ganze Reihe von gegenwärtig laufenden Ak¬
1565 3057 2766 3126 bracht. Die Nachricht über den Fall von Koritza be¬
350 3079 1560 3145 tionen hatte ihn noch zuletzt beschäftigt, doch wollte er nicht
1564 3111 2762 3168 stätigt sich nicht. Achmed Bei Mati hat sich kampf¬
359 3134 1566 3203 gerne persönlich hervortreten. Erst kürzlich wurde mitgeteilt,
1564 3153 2753 3217 los, wegen Unverläßlichkeit seiner Mannschaften, aus Kruja
353 3185 1551 3250 daß er auch auf die Erhaltung des Stadtprospektes am Wie¬
1561 3210 2756 3270 in das Matigebiet zurückgezogen. Aus Fieri hieher gelangten
349 3232 1348 3306 ner Schwarzenbergplatz Einfluß genommen habe.
1563 3259 2749 3312 Nachrichten zufolge organisiert dortselbst Bektasch Pa¬
437 3270 1561 3352 [Ein ehrendes Engagement.] Fräulein Ids
1550 3306 2760 3379 [kraju mit 900 Mann den Widerstand gegen das Vordringen der
351 3335 1555 3412 Hanner, eine Schülerin unserer gewesenen Opernsängeri
1562 3357 2748 3411 Aufständischen. Katholiken aus der Umgebung von Derveri
350 3397 1554 3458 Frl. Anny Rothmann, wurde als erste jugendlich=drams¬
1562 3404 2748 3461 wurden von den Aufständischen überfallen. Ein Teil, etwa
344 3446 2758 3498 tische Sängerin an das Stadttheater nach Königsberg engagient. ]800 Leute, flüchteten sich in die Wälder am Matifluß, wo
958 3492 1107 3566 ——
1538 3482 2763 3572 sie unsäglichen Entbehrungen ausgesetzt sind. Man erwägt
3057 1336 3193 1414 der r
2773 1381 2894 1613 14
2767 1601 2893 1666 troff
3071 1642 3221 1708 Artike
3261 1645 3313 1703 n
2762 1646 2900 1715 eign
3070 1688 3327 1766 Firmen (n
2768 1703 2890 1762 den
3099 1779 3326 1884 Verlang
3189 1864 3321 1965 Co
2766 1891 2888 1970 wird
3059 1917 3324 2025 Wien, I
2759 1959 2873 2022 bis
2764 1998 2895 2070 hor
2767 2057 2890 2116 rest
2762 2101 2904 2163 werd
2762 2148 2908 2233 maß
2861 2234 3336 2317 Die Beratung der
2839 2294 3316 2371 London, 7. Juli. (K
2762 2336 3328 2416 stellte heute im Unterhaufe
2759 2403 3293 2463 der Finanzbill auf sieben
2752 2440 3318 2519 dies deshalb als notwendig
2761 2485 3318 2563 bill bis zum 5. August an
2759 2550 3308 2617 sitionsführer Bonar Law
2753 2587 3320 2662 worin gegen die Beschränku
2756 2643 3329 2725 wird. Der Antrag der Oph
2757 2683 3187 2770 Stimmen abgelehnt.
2792 2771 3311 2855 Die überzeichnung d
2847 2835 3321 2922 Paris, 7. Juli. (K.=B.
2767 2891 3321 2960 teilt, ist die Anleihe von 80
2750 2942 3289 3023 mal überzeichnet worden.
2909 3010 3316 3131 Die Vorgät
2832 3109 3327 3185 Torreon, 8. Juli. (K
2762 3160 3304 3235 Vertretern Carranzas und
2748 3212 3306 3278 endet, Es wird erklärt, daß
2748 3266 3309 3337 Beratung standen, in befried
2832 3318 3303 3372 Washington, 7. Juli.
2755 3353 3313 3431 ist offiziell mitgeteilt worde
2750 3409 3319 3467 infolge der Vorstellungen de
2755 3458 3313 3539 Gunsten von den Aufständisch
