3436 4384
581 239 1353 355 „Teplitzer Zaitung Nr-18.
546 385 1411 469 Ein Protest Arthur S#
815 475 1475 532 Arthur Schnitzler veröffentlicht in
751 515 1473 576 einem Schweizer Blatte die folgende
744 571 985 628 Erklärung:
576 615 1474 682 Wie ich durch Freunde in Rußland auf einem
493 667 1469 728 Umweg erfahre, sind in Petersburger Blättern an¬
499 718 1469 769 gebliche Aeußerungen von mir über Tolstoi, Maeter¬
508 766 1470 809 linck, Anatole France, Shakespeare von so phantasti¬
512 811 1473 875 scher Unsinnigkeit veröffentlicht worden, wie sie mir
502 861 1467 910 zu normalen Zeiten von niemandem, der mich kennt,
493 906 1477 977 zugetraut würden, die aber in unserer vom Ueber¬
498 957 1478 1019 maß des Hasses und vom Wahnsinn der Lüge ver¬
499 1014 1477 1065 wirrten Welt immerhin auch sonst urteilsfähigen
500 1053 1397 1116 Menschen nicht unglaubhaft erscheinen könnten.
573 1102 1473 1159 Solche Verhetzungsversuche, wie sie weit hinter
492 1153 1468 1222 den Fronten der ehrlich kämpfenden Armeen im
495 1211 1473 1262 wohlgedeckten Gelände unverantwort¬
505 1256 1485 1319 licher Publizistik gefahrlos unternommen wer¬
503 1295 1475 1354 den, scheinen ja eine besondere, und vielleicht die
510 1345 1468 1422 widerwärtigste Eigentümlichkeit dieses Krieges zu
506 1394 1481 1462 betenten. Auch der lächerlichste dieser Versuche,
500 1443 1480 1498 wenn er gelingt, könnte späteren Verständigungen
503 1492 1477 1550 zwischen einzelnen, auf die es ankomme. Schwierig¬
495 1542 1474 1597 keiten bereiten; daher möchte es leicht als ein. Fehler
501 1605 1469 1653 erscheinen, wenn ich diesen (etwa um seiner be¬
505 1635 1486 1709 sonderen Albernheit willen) auf sich beruhen ließe.
570 1700 1484 1751 Der Wortlaut der mir zugeschriebenen Aeuße¬
495 1748 1486 1798 rungen ist mir noch nicht bekannt; ihr Sinn und
499 1786 1477 1847 die Tatsache der Veröffentlichung stehen unbezweisel¬
506 1838 1476 1892 bar fest. Da es unter den gegenwärtigen Verhält¬
504 1894 1481 1944 nissen lange dauern kann, ehe ich in den Besitz des
501 1942 1470 2001 Originalartikels gelange, muß ich mich vorläufig auf
503 1988 1478 2050 die Erklärung beschränken, daß Aeußerungen der Art,
491 2039 1463 2101 wie sie in jener Publikation offenbar mitgeteilt sind,
503 2081 1469 2145 von meiner Seite niemals gefallen sind, nach meiner
504 2133 1472 2202 Gesinnung niemals, weder im Frieden noch im
500 2195 1481 2241 Kriege, hätten fallen können. Es ist freilich etwas
494 2230 1474 2301 beschämend für jemanden, der sich zeitlebens vom
498 2279 1468 2336 Pathos der Selbstverständlichkeiten leidlich fernzu¬
495 2329 1476 2390 halten gewußt hat, erst ausdrücklich versichern zu
500 2379 1480 2428 müssen, daß ihm das Schöne jederzeit schön,
492 2420 1476 2504 das Große jederzeit groß bleiben
507 2484 1479 2530 wird — auch wenn es Nationen angehört oder
503 2525 1472 2590 innerhalb von Nationen geworden und gewachsen ist,
499 2579 1486 2642 mit denen sein Vaterland eben in einen Krieg ver¬
503 2628 1474 2688 wickelt ist; aber — der zahlreichen Menschen ge¬
503 2677 1484 2732 denkend, die sich in dieser Epoche auch zu schlimmeren
514 2719 1481 2777 Arten von Selbstverleugnung verstehen müssen als
516 2771 1485 2832 zu kleinen Geschmacklosigkeiten —, stehe ich nicht
514 2818 1485 2885 an, es hier niederzuschreiben, daß ich Tolstoi
508 2872 1478 2920 (einen Russen!) für eines der gewaltigsten dichteri¬
511 2921 1478 2989 schen Ingenien halte, die je über den Erdkreis ge¬
504 2968 1488 3037 schritten sind; — daß ich Anatole France (einen
506 3011 1477 3079 Franzosen!) nach wie vor als einen der vornehm¬
515 3067 1486 3128 sten Geister der Gegenwart und zugleich als einen
515 3112 1481 3173 Erzähler höchsten Ranges erkenne; und daß Mae¬
514 3166 1486 3221 terlincks (eines Belgiers!) naturwissenschaftlich
516 3212 1495 3274 poctisierende Rhapsodien sowie viele seiner kleinen
510 3269 1479 3320 Dramen, auch dann von ihrem seltsam edlen Reiz nicht
517 3315 1493 3373 das geringste für mich verlören,, wenn er wirklich all
516 3360 1482 3434 das krause Zeug über Deutschland geschrieben hätte, das
515 3410 1490 3471 neuerdings unter seinem Namen durch die Zeitungen
514 3456 1489 3535 ging. Soll ich mich nun auch noch öffentlich mit
514 3508 1488 3573 allem Ernst zu Shakespeare bekennen (dem
516 3575 1447 3626 Engländer! ja, denn er ist in Stratford geboren) ¬
522 3606 1483 3666 oder fängt es selbst den Zweiflern zu dämmern an,
520 3654 1485 3713 daß mir Shakespeare, auch wenn dieser Krieg dreißig
519 3715 1487 3767 Jahre dauerte, immer Shakespeare bedeuten wird und
513 3755 1487 3805 erläßt man es mir für das Unvergleichliche und
516 3817 1485 3865 Einzige nach Worten des Preises und der Bewun¬
518 3857 894 3923 derung zu suchen?
596 3890 1492 3968 So mag denn die leidige Angelegenheit für
519 3951 1497 4015 diesmal als abgetan gelten. Doch später einmal,
513 4009 1487 4062 wenn der Friede wieder da ist, wollen wir uns mit
516 4047 1491 4120 schmerzlichem Staunen erinnern, daß es eine Zeit gab,
517 4115 1489 4158 in der wir genötigt waren, über die Grenzen hinüber
767 4149 882 4189 Mortie
1320 4152 1476 4206 #l #11
2192 255 2401 321 9. Seite.
1724 494 2259 589 MATTTONTS
1692 624 1832 680 EINZIG
2112 629 2211 687 BeS
1640 670 1895 726 M SEINER
2079 659 2361 759 ATBEWAHNTES
1635 715 1926 769 MAIVTISCHEN K
2096 725 2318 784 FAMILIEN-
1636 753 1921 816 ESCHAFFENNEIT.
2085 772 2316 833 GETRANK.
1763 1042 2248 1187 SURERR ATUE
1678 1126 2230 1273 CCERBRO
1514 1313 2462 1369 Depot in Teplitz-Schönau bei A. Mitreiter.
1503 1407 2473 1458 jeder unsere Heimat geliebt haben, daß wir aber
1495 1455 2466 1515 trotzdem Gerechtigkeit, Urteil und Dankbarkeit nie¬
1508 1504 2485 1554 mals verlernt, daß wir, um es kurz zu sagen, auch in
1502 1557 2495 1610 dieser ungeheuren Epoche der Verwirrung niemals.
1505 1608 2215 1667 gänzlich den Verstand verloren haben.
1587 1663 2397 1711 Dezember 1914. Arthur Schnitzler.
1804 1755 2170 1831 Afghanistau.
2021 1810 2451 1889 (Nachdruck verboten.)
1745 1869 2215 1942 Von Dr. Julius Pasig.
1576 1933 2483 1998 An der Grenze von Afghanistan und Russisch¬
1505 1981 2474 2044 Zentralasien wird bereits gekämpft, und im nörd¬
1503 2034 2482 2101 lichen Persien, in der Provinz Aserbeidschan, die
1504 2083 2483 2141 von den Russen schon seit Jahren als russische Pro¬
1508 2131 2478 2187 vinz behandelt wird, steht der Ausbruch einer Re¬
1512 2184 2490 2227 volution gegen die russischen Eindringlinge bevor.
1497 2229 2474 2282 Afghanistan macht jetzt Ernst, die Ketten der Ab¬
1505 2277 2482 2347 hängigkeit und halben Abhängigkeit, in der viele Völ¬
1505 2328 2482 2391 ker Asiens gehalten werden, zu sprengen. Der Emir
1497 2372 2479 2448 hat eine starke Streitmacht regulärer Truppen, die
1507 2426 2484 2492 mach Konstantinopeler Meldungen 400.000 Mann be¬
1504 2471 2482 2539 tragen soll, unter dem Oberbefehl seines Bruders
1496 2529 2491 2591 Nasr=Allah Khan gegen die Stadt Peschawar, den
1511 2585 2491 2640 Schlüssel Indiens, entsendet, und eine andere Armee,
1509 2622 2476 2681 die aus 300.000 Mann bestehen soll, unter dem Ober¬
1515 2680 2474 2732 befehl des Thronfolgers, marschiert gegen Rußland.
1586 2716 2481 2777 Der kluge und energische Emir Habib=Ullah
1515 2777 2483 2837 Khan, der seit 1904 regiert, wartet seit Jahren auf
1516 2819 2495 2885 eine passende Gelegenheit, sich der englisch=russischen
1516 2864 2494 2932 Vormundschaft zu entledigen. Die geographische
1508 2920 2497 2986 Lage Afghanistans inmitten großer und wichtiger
1508 2958 2490 3033 englischer und russischer Besitzungen, Schutzherrschaf¬
1511 3013 2497 3069 ten und Interessengebiete hat Afghanistan zum
1509 3065 2508 3125 Schauplatz ungezählter blutiger Kämpfe hauptsächlich
1505 3132 2504 3181 mit England gemacht, das sich das Land zur Abwehr
1511 3164 2484 3225 der russischen Anschläge auf Indien sichern wollte.
1509 3227 2489 3281 England schaltete schließlich als Schutzherr über
1510 3255 2484 3318 Afghanistan; es zahlte dem Emir eine Jahresrente
1504 3310 2478 3369 von 1.200.000 Mark, schränkte aber dafür dessen Ho¬
1514 3364 2496 3411 heitsrechte in vielen wesentlichen Punkten ein. Im
1523 3406 2486 3474 Jahre 1907 schlossen England und Rußland den be¬
1519 3459 2491 3512 rühmten asiatischen Vertrag, der die Selbständigkeit
1519 3510 2496 3567 Persiens zerstörte und auch den Rest der Selbständig¬
1526 3558 2061 3627 keit Afghanistans bedrohte.
1585 3584 2485 3667 Hatten des jetzigen Emirs Vorfahren, insbeson¬
1511 3654 2494 3713 dere sein Vater und Vorgänger Abd=ur=Rahman, die
1517 3722 2489 3761 Engländer dadurch abzuschütteln versucht, daß sie blu¬
1519 3749 2500 3818 tige und langwierige Aufstände im westlichen Indien,
1522 3816 2493 3856 in demselben Gebiet von Peschawar, in das der Emir
1524 3856 2495 3910 jetzt eine starke Streitmacht entsendet hat, anzettel¬
1519 3886 2490 3963 ten oder unterstützten, so hat Habib=Ullah Khan den
1508 3933 2493 4014 direkten „Weg des Angriffs vorgezogen. Aber auch
1517 3989 2499 4057 Rußland will er durch einen Einfall in Turkestan
1509 4050 2490 4108 zwingen, von weiteren Anschlägen auf die Selbstän¬
1508 4091 2497 4162 digkeit Afghanistans abzustehen. Peschawar ist frü¬
1513 4134 2496 4200 AeLughanistänischee Gebtet gewesen, und die dort
