3436 4384
1923 294 2166 375 ——.—
591 370 932 442 laneous
1099 356 1571 482 box 41/5
97 358 950 489 1. Miscel 10#5
516 1024 1387 1163 Husschnitt aus:
521 1101 1592 1259 vom: 24. UhNUAR 1914 —
529 1256 3292 1378 WAAAAAAAAAAAAAAAAAZ
1588 1368 2642 1438 sind deren gläubigen Bekenner und pflichteifrigen
642 1352 1482 1465 Unser Antisemitismus.
2641 1364 3297 1445 samte nichtjüdische Volk in Knech
1595 1417 2640 1500 Diener dem ständigen, dem beleidigendsten und
2628 1436 3294 1520 tung alle Arbeit verrichten und al
613 1436 1517 1539 1. Zurückweisung einer frechen Lüge.
1595 1475 2629 1565 empörendsten Spotte, der fortgesetzten Verleum¬
2714 1488 3298 1575 Der Antisemitismus ist
623 1522 1579 1607 Die Judenpresse, dunn die jüdischen oder
1578 1521 2629 1608 dung und planmäßigen Mißachtung von
2633 1532 3261 1624 stallisation edelsten
532 1585 1590 1665 mit Judengeld gebäuften Demagogen
1598 1600 2622 1674 Seite der semitischen Rasse in Europa ausgesetzt.
2636 1598 3299 1678 dens und seines unstillbaren
534 1628 1579 1725 liberater und sozialdemokratischer Parteirichtung
1676 1656 2624 1735 Mit dem heute gänzlich sinnlosen Schlag¬
2632 1670 3287 1767 Erhaltung und Pflege seiner
537 1689 1578 1782 benützen jede Gelegenheit, um die legitime,
1590 1719 2631 1790 worte „Klerikalismus“ verhöhnen freche Juden
2633 1711 3002 1796 heiligsten Güter.
522 1760 1583 1848 rein nationalem und ideal=ethischem
1584 1773 2618 1850 und sittlich verderbte sozialdemokratische Volks¬
2723 1762 3293 1859 Der Antisemitismus ist d
523 1815 1574 1896 Selbsterhaltungstriebe entströmende Ab¬
1583 1827 2631 1899 betrüger in Wort und Schrift unablässig die
2634 1798 3296 1904 Erschütterung der in der
529 1879 1569 1956 wehrbewegung der arischen Völker gegen
1572 1881 2626 1976 katholischen Arier wegen Beurkundung ihres
2627 1890 3300 1977 wurzelnden, ewigen Grundsch
528 1929 1575 2002 die Laster und Herrschgelüste der vaterlandslosen,
1580 1946 2627 2036 Glaubens und wegen Befolgung der Gebote
2623 1941 3303 2055 Wahrhastigkeit, der Pflicht und
528 1996 1579 2075 nomadisierenden und überall nur schmarotzenden
1584 1998 2060 2089 ihrer Religionslehre.
2702 2011 3279 2090 Der Antisemitismus ist
515 2062 1572 2137 jüdischen Rasse zum Zwecke des Betruges der
1677 2029 2613 2150 Mit dem Schlagworie „Klerikalismus“ ver¬
2621 2058 3297 2140 Zurückweisung der B#
520 2107 1571 2180 oberflächlich urteilenden Menschenmenge in eine
1578 2111 2612 2185 sucht man den Antisemitismus, der mit reli¬
2630 2136 3290 2216 arischen und christlichen Begrif
513 2160 1213 2242 konfessionelle Hetze umzulügen.
1576 2183 2620 2264 giösem Fanatismus oder religiöser
2621 2181 3249 2277 Achtung, von Anstand und
620 2221 1569 2303 Diese Lügen und dieser Beirug der jüdi¬
1586 2227 2626 2313 Gegnerschaft absolui nichts gemein
2626 2245 3231 2324 gefühl und Ehrbewußtsein.
525 2269 1566 2368 schen Propaganda ist deshalb so frech
1577 2294 2614 2374 hat, zu diskreditieren und die arischen Völker
2705 2308 3296 2383 Der Antisemitismus ist di
511 2336 1573 2410 und unverschämt, weil seit dem Tage, als die
1577 2354 2625 2459 in ihrem nationalen Zusammengehörigkeitsgefühle
2619 2346 3292 2444 Vernichtung der vieltausend
524 2405 1568 2480 christlichen Völker sich zum Lichte der Er¬
1569 2410 1981 2495 zu zerklüften.
2623 2422 3302 2518 Prinzipien des Guten, des Edl#
517 2451 1571 2536 kenntnis der Notwendigkeit des rück¬
2639 2479 3052 2558 und des Schönen.
1857 2477 2309 2594 2. Die Wahrheit.
519 2522 1566 2597 sichtslosen Rassenantisemitismus empor¬
2704 2508 3291 2623 Der Antisemitismus ist de
506 2561 1564 2664 geschwungen haben, kein Fall vorgekommen ist,
1657 2566 2617 2688 Es muß also einmal gründlich festgestellt
2610 2574 3300 2684 die Zerstörung des Ideale
518 2635 1573 2714 daß einem Juden wegen seiner Religion ein
1568 2629 2615 2719 und in alle Welt hinausposaunt werden, damit
2619 2661 3292 2748 tung, Schriftstellertum und Mu
513 2691 1577 2772 Nachteil zugefügt oder daß jemals irgendwo die
1568 2706 2616 2790 es von Mund zu Mund gerufen und allüberall
2710 2715 3270 2795 Der Antisemitismus ist
517 2738 1561 2840 mosaische Glaubenslehre oder ein Rabbiner ver¬
1568 2757 2605 2838 kundgemacht und verbreitet werde, was der Be¬
2617 2761 3304 2849 Wissenschaften rein zu erha
505 2791 1358 2882 spottet, verhöhnt oder beleidigt wurde.
1574 2832 2605 2901 griff „Antisemitismus“ an Sinn und Inhalt
2627 2827 3299 2913 Selbstzweck und vor Schändun
608 2867 1567 2948 Dagegen führen die Judenpresse und die
1576 2878 1785 2963 bedeutet.
2620 2885 3293 2959 mäßige Ausbeutung zu schützen
506 2924 1560 3009 liberalen und sozialdemokratischen Demagogen
1663 2902 2608 3022 Der Antisemitismus ist die legitime Em¬
2702 2945 3278 3023 Der Antisemitismus ist der
504 2981 1555 3053 einen ununterbrochenen, haßerfüllten und vor
1559 2969 2600 3087 pörung der arischen Völker gegen das Unter¬
2602 2995 3281 3091 den im kaufmännischen Leben
513 3043 1561 3117 keinem Mittel zurückschreckenden Vernichtungs¬
1569 3057 2603 3132 fangen einer sittlich und ethisch fremdartigen,
2608 3064 3301 3141 so hoch gehaltenen „Treu um
497 3092 1558 3196 kampf gegen Volkstum und Religion der arischen
1563 3104 2607 3199 vaterlandslosen Nomadenrasse, auf dem Wege
2595 3112 3299 3200 retten und dem schrankenlosen
513 3149 839 3244 Weltfamilien.
1560 3162 2604 3250 der Verführung, der Lüge, des Betruges, der
2613 3184 3293 3267 Schwindel und Betrug zu steu
612 3187 1561 3299 Während die arischen Völker in konfessio¬
1558 3222 2616 3312 Korruption, der Gewalt und unter Anwendung
2701 3226 3292 3317 Der Antisemitismus ist die
498 3268 1555 3344 nellen Fragen nicht nur tolerant sind, sondern
1567 3294 2601 3374 aller nur erdenklichen Schlechtigkeiten systematisch
2602 3279 3295 3375 der Volksseele gegen das
505 3338 1546 3415 auch die anderen Glaubenslehren und Religions¬
1555 3335 2602 3426 die besten Säfte ihrer Wirtsvölker aufzusaugen,
2605 3357 3291 3433 staatlichen Autorität gegen die
496 3387 1549 3474 gebräuche achten und schützen, sind speziell die
1559 3408 2592 3483 um dann, gestützt auf die Allmacht des Geldes,
2598 3409 3291 3493 suche, die Beamtenschaft und d
497 3456 1551 3538 katholische Religion, deren Glaubens= und Sitten¬
1556 3461 2604 3553 die Weltherrschaft an sich zu reißen, allein alle Ge¬
2602 3469 3298 3557 Richterstand in der unparteiische
491 3508 1549 3594 lehren, deren Ritus und öffentliche Betätigung,
1535 3493 2589 3603 nüsse und alle Freuden zu haben, während das ge¬
2600 3536 3293 3608 zu stören, er ist die Zurückweisun
