3436 4384
175 261 1632 384 1. Miscellaneous box 41/5
1321 1050 1473 1139 1—.
1243 1117 2095 1228 Österr. Volkspresse, Wien
987 1158 1294 1255 Husschnitt
1265 1228 1537 1310 14.MA11914
1001 1278 1159 1339 vom:
979 1384 2011 1453 — muß, beng sie noch dazu zum
978 1430 1988 1514 Sprachrohyvon zweifelhaften Ele¬
969 1470 1415 1560 menten wirld.)
1057 1576 1997 1637 Theaterfreund. Ueber die Aufführung des
979 1635 1994 1687 Ibsen=Dramas „Peer Gynt“ ist die Wiener Presse
988 1679 1996 1743 in helle Verzückung geraten. Sogar über die
986 1734 1991 1794 szenische Ausarbeitung. Es tut uns leid, in
982 1787 2003 1845 diesen Jubel nicht einstimmen zu
974 1824 2002 1899 können, denn wir gehören nicht zu denjenigen,
974 1858 2005 1943 welche vergessen, daß in unserem großartigen
979 1928 1988 1990 Burgtheater die Szenerien bei ähn¬
980 1977 1988 2035 lichen Stücken viel grandioser und
970 2022 2004 2102 die künstlerische Darstellung auch
971 2074 1995 2128 weit bedeutender war. Was will die
972 2120 1991 2184 Kritik noch mehr? Es heiratet sogar die Tochter
984 2165 1996 2230 des Burgtheaterdirektors den Sohn eines jüdischen,
991 2224 1986 2274 Kritikers, Schnitzler wird ins Repertoire ge¬
979 2255 1998 2333 nommen. M#öge doch endlich mit
987 2314 1983 2368 den böswilligen Anspielungen auf¬
974 2343 2011 2448 lhören, es fühlt ja jeder, an wen sie gerichtet
970 2455 2002 2564 sind. Man möchte förmlich flehentlich die öster¬
968 2504 2007 2609 reichische Kritik bitten, doch nicht auch auf
974 2549 1998 2665 diesem Gebiete, wo wir ebenfalls in
972 2591 1992 2708 der deutschen Kunst an der Spitze
960 2630 1984 2740 stehen, uns herabzusetzen. Es ist einfach
964 2697 1995 2804 nicht wahr, daß es gegenwärtig ein höher
957 2736 1987 2841 stehendes deutsches Schauspielhaus auf der Welt
966 2788 1967 2902 gibt. Und wenn Sie diese Behauptung als Phan¬
968 2829 1981 2933 lasie und übertrieben betrachten, so können Sie es
968 2872 1974 3007 lun, in Wirklichkeit weiß jeder, der Gelegenheit
959 2927 1975 3050 hat, andere Schauspielhäuser zu besuchen, daß
968 2970 1971 3099 das Wiener Hofburgtheater noch
952 3014 1975 3149 Immer an erster Stelle dominiert,
939 3049 1965 3194 und daß es sich jeder deutsche Schauspieler zur
938 3115 1958 3222 Ehre gereichen lassen würde, Mitglied dieses
933 3158 1966 3290 [Theaters zu werden. Diese Anschauung
950 3238 1956 3341 sprechen wir ungescheut aus, nicht aus Liebe zu
950 3275 1963 3376 irgend einem Direktor oder einem Schauspieler,
934 3306 1951 3445 sondern aus ehrlicher Ueberzeugung.
