3436 4384
641 329 695 380 a
1107 314 1576 411 box 41/5
113 311 967 408 1. Miscellaneons
979 787 1658 881 Über Land und Meer
791 1786 1039 1888 1A
332 1860 536 1910 Phot. Schöfer
2652 1871 2826 1919 Phot. Weis
1093 1863 1287 1907 Phot. Seebald
1884 1843 2036 1924 Mn 72.
105 1868 416 1950 n Hötzendorf,
575 1877 1298 1947 Professor E. von Hellmer, Rektor
1430 1884 1910 1959 Professor Gustav Klini
2219 1875 2716 1965 Professor Otto Wagner
120 1933 343 2008 alstabschef
575 1936 1310 1999 der Akademie der bildenden Künste
112 2018 1823 2097 nander trennten. Wie diese vier wollen und sollen, und sein Einfluß auf die Offent¬
1894 2039 2857 2112 Wieviel neuschöpferische Kraft das geistige Leben
124 2097 794 2156 zusammenrücken, scheint es, als
1834 2090 2850 2139 Österreichs birgt, wird augenblicklich empfinden,
801 2089 1494 2150 lichkeit, auf die Jugend ist groß.
115 2140 801 2182 nd denselben Topf gehören würden.
881 2126 1826 2194 Inzwischen sind wir von der rein großstädtischen
1842 2130 2850 2187 wer sich an Gustav Mahler erinnert, wer sich mit
123 2182 797 2237 ungefähr vier ganz voneinander
1839 2174 2847 2238 Arnold Schönbergs spröder Eigenart beschäftigt,
818 2175 1826 2230 Literatur wieder ein wenig befreit worden. Rudolf
99 2222 805 2285 ten. sind vier Persönlichkeiten, die
1835 2232 2849 2284 wer dieser eigenartigen zukunftsreichen Musiker
807 2228 1821 2287 Hans Bartsch mit seiner gesunden Sentimentalität,
106 2265 793 2327 trast zueinander stehen. Aber sie
1837 2265 2854 2316 gedenkt, wer die geniale Frische des allzufrüh ver¬
819 2273 1819 2317 mit seiner jubelnden Freude an der Natur hat
1841 2307 2851 2368 storbenen Olbrich, des Erbauers der Wiener Sezes¬
809 2305 1815 2358 die österreichische Landschaft und die österreichische
132 2315 804 2368 eine unmeßbare Wirkung auf das
1836 2358 2854 2405 sion, im Gedächtnis behielt, wer die moderne Kunst
147 2354 800 2419 geübt, üben in der lebendigen
816 2360 1818 2414 Provinz wieder erschlossen, und selbst wo er seine
1832 2404 2853 2463 der Monumentalität bewundert, die Otto Wagner
819 2403 1821 2450 Romane in Wien spielen läßt, nimmt sich dieses
162 2400 794 2451 fortdauernd einen unmeßbar
1840 2445 2843 2498 in seinen Architekturen hingestellt hat, und wer die
113 2446 802 2509 lder in der modernen Literatur am
815 2448 1823 2489 große moderne Wien immer noch irgendwie länd¬
1838 2485 2848 2543 heißumstrittenen, im Tiefsten meisterlichen Bilder
118 2489 269 2542 wird.
815 2495 1831 2545 lich aus, als ob es noch von den alten Basteien um¬
1840 2527 2362 2589 von Gustav Klimt liebt.
113 2526 802 2592 hzelner und als Alleinstehender ragt
816 2535 1817 2587 gürtet und von den grünen Glacis umgeben wäre.
1907 2573 2855 2638 Wenn wir heute dieses merkwürdig zerrissene
822 2570 1824 2634 Jus freie Land und in die Vergangenheit zurück
129 2573 808 2636 die österreichische Literatur der
815 2618 1821 2668 führen auch die Romane der Baronin Enrica
1838 2624 2839 2674 und doch wieder merkwürdig zur Ganzheit zu¬
117 2619 797 2675 n. In der Generation, der er an¬
814 2661 1818 2717 Handel=Mazzetti, die künstlerisch herber, fast möchte
1840 2665 2848 2726 sammengeschlossene Österreich begreifen, wenn
106 2664 797 2722 kein Einsamer. Und die Generation,
1838 2710 2846 2748 unser instinktives Heimatgefühl für dieses Land
111 2706 802 2759 ihn verstanden, geliebt und verehrt
813 2713 1816 2768 man sagen, männlicher ist als Bartsch. Ein Erzähler¬
1832 2754 2851 2805 gestützt und bekräftigt wird durch verstehendes Be¬
808 2755 1815 2810 talent allerersten Ranges, eine tiefreligiöse dichte¬
118 2736 809 2808 frühzeitig Dahingeschiedene nicht
1834 2792 2857 2845 wußtsein, wenn wir imstande sind, Vergangenheit
103 2795 800 2855 ht zu Angesicht sehen. Anzengrubers
818 2798 1826 2850 rische Kraft bildet diese starke und wunderbare Frau,
1838 2843 2841 2892 und Gegenwart miteinander unlöslich zu ver¬
809 2840 1825 2897 die man die österreichische Selma Lagerlöf nennen
115 2846 806 2900 ein Geschlecht von Epigonen. Was
1843 2880 2852 2942 knüpfen und in allem ein einziges, ein österreichi¬
112 2886 799 2941 ht hat, ist in höherem Sinne Kitsch
812 2890 1832 2953 möchte, einen merkwürdigen Gegensatz zu der
1838 2921 2841 2988 sches Schicksal zu erkennen, so danken wir das zu¬
107 2937 798 2986 hon fast gänzlich vergessen. Peter
824 2924 1830 2984 greisen Maria von Ebner=Eschenbach, die abge¬
1838 2973 2850 3033 meist dem Manne, der als erster und bisher als
821 2979 1824 3032 klärter, freisinniger, milder, aber künstlerisch auch
113 2972 804 3036 tt Siebzigjährige, ragt noch neben
813 3016 1666 3073 viel schwächer ist als die Handel=Mazzetti.
1829 3005 2854 3071 einziger moderne österreichische Geschichte von
122 3020 809 3075 s jener Zeit hervor. Ein Einzelner
1830 3053 2838 3100 großen Gesichtspunkten aus geschrieben hat: Hein¬
882 3048 1810 3109 Von einer starken religiösen Empfindung ge¬
105 3056 798 3115 wie Anzengruber. Ein prachtvoller
1843 3100 2851 3157 rich Friedjung. Es ist sonderbar, daß es eine wirklich
807 3098 1825 3143 tragen, mehr noch gehoben von einer beispiellosen
120 3104 798 3154 naturwüchsiger Poet, doch nicht
1843 3147 2853 3194 objektive, umfassende österreichische Geschichtschrei¬
120 3149 801 3206 r ein Entscheider und Wegweiser.
804 3144 1824 3202 Plastik des Ausdruckes ist der Lyriker Rainer Maria
814 3190 1828 3241 Rilke. Es gibt heute keinen, der an seine technische
1837 3180 2851 3230 bung nicht gibt. Heinrich Friedjung ist der erste
115 3196 798 3251 ge, die Ludwig Anzengruber ge¬
1842 3242 2850 3294 gewesen, der sie uns in seinem Werk „Der Kampf
811 3237 1818 3285 Vollendung und an seine Originalität des Ge¬
123 3233 790 3300 r wenige gegangen. Der einzige,
1843 3280 2853 3327 um die Vorherrschaft in Deutschland“ geboten hat.
815 3278 1825 3331 dankens hinanreichen würde. Ja, man vermag
130 3280 808 3337 schien vor einem Jahrzehnt diese
818 3326 1824 3385 sich's nicht vorzustellen, wie die Technik der Sprache
1837 3324 2856 3379 Dieses Buch ist von entscheidender und immer mehr
131 3326 797 3383 1 zu wollen und scheint auch etwas
1842 3360 2849 3420 noch anwachsender Bedeutung. Es ist wie eine
815 3367 1827 3409 über Rilke hinaus noch weiter entwickelt werden
136 3369 795 3422 haben, die dazu gehört, um solch
1846 3405 2856 3471 große, langsam steigende, langsam und weit um
818 3406 1824 3458 könnte. Neben ihm möchte ich hier Franz Werfel
104 3406 804 3467 beschreiten. Die moderne Literatur,
1837 3457 2853 3508 sich strahlende Helligkeit. Und die Schrift, die das
119 3456 806 3516 Tode Anzengrubers revolutionär
815 3454 1823 3496 nennen. Einer von den Jüngsten. Vorerst nur ein
1844 3499 2847 3546 Andenken des bei Königgrätz besiegten Generals
813 3496 1823 3553 Anfang. Aber doch prägnant und frappierend und
118 3497 441 3561 roßstadtpoesie.
1841 3538 2851 3604 Benedek aus tiefer Schuld und Verachtung in reiche
808 3541 1826 3603 verheißungsvoll wie wenige. Von Jungen und
151 3534 806 3608 Literatur, Nervenkunst, psycho¬
1839 3584 2855 3639 Helden= und Märtyrerglorie hob, war ein Ereignis.
807 3587 1819 3646 Jüngeren und von Abseitsstehenden würde ich
148 3589 810 3649 blühte in üppiger Fülle. Eine
1845 3631 2850 3678 Nicht die Tatsachen lernten wir nun aneinander¬
821 3619 1831 3680 überhaupt gern noch mehr mitteilen. Es darf nicht
104 3604 811 3691 nd seltsamsten Gestalten: Peter
1845 3675 2851 3726 reihen, sondern unser österreichisches Schicksal aus
820 3670 1828 3726 geleugnet und nicht verschwiegen werden, daß der
118 3674 805 3735 en es bezeichnend ist, daß er in der
1834 3708 2850 3771 dem österreichischen Menschentum verstehen. Aus
818 3714 1820 3772 durch seine Heftigkeit isolierte Satiriker Karl Kraus
104 3716 805 3762 id am meisten verehrt und am
1837 3756 2855 3804 dem Menschlichen sehen wir durch Friedjungs klare,
825 3762 1830 3824 mit seiner großen, negierenden Beredsamkeit einen
125 3754 818 3817 i wird. Der kultivierteste Künstler
1841 3804 2857 3866 historisch meisterhafte Darstellung die Tatsachen
813 3806 1822 3870 starken Einfluß auf die Jugend übt. Und es soll
119 3805 809 3856 isch reichste: Arthur Schnitzler, der,
1845 3839 2847 3908 und Katastrophen sich entwickeln. Verstehen wir
817 3848 1824 3912 hier wenigstens vorausgesagt sein, daß Talente wie
122 3850 798 3908 ösischen Einflüssen frei geworden,
1842 3895 2837 3945 heute nicht bloß mit dem Herzen, sondern auch mit
113 3897 812 3947 ndere Eigenart in unermüdlicher
822 3893 1817 3950 Wälter von Molo, Emil Ertel, Hermann Essig,
1843 3932 2848 3998 unserm schärfsten Bewußtsein die Kraftnatur eines
816 3935 1826 4011 Otto Soyka, Max Brod, Felix Braun und Emil
115 3943 802 4000 schönste entfaltet hat. Ein Anfang
1829 3978 2839 4052 Tegetthoff, sehen wir Verwandtschaft zwischen ihm,
120 3983 799 4053 r Schönheit und blendender Ver¬
818 3986 1577 4053 Lucka die nächste Zukunft bedeuten.
2208 4024 2854 4102 dem Admiral, und dem Hofrat
109 4022 421 4091 ugo von Hof¬
2212 4060 2483 4127 Burckhardt.
121 4065 421 4126 bis jetzt aber
2288 4088 2836 4170 Verstehen wir die Wesens¬
133 4110 423 4172 geblieben ist.
2216 4146 2846 4215 art eines Kavaliers wie
157 4156 436 4212 , belebende
2409 4195 2598 4261 K
2716 805 2843 880 233
