3436 4384
161 271 1606 378 1. Miscellaneous box 41//5
1239 3097 1897 3191 Ein Brief Arthur Schnitzlers.
989 3161 1082 3233 en
1131 3169 2029 3253 Der folgende Brief Arthur Schnitzlers geht
1082 3228 1263 3283 uns zu:
974 3264 1079 3317 un
1128 3251 2028 3326 Wie ich durch Freunde in Rugland auf einem
971 3305 1073 3367 lich
1080 3321 2021 3368 Umweg erfahre, sind in Petersburger Blättern an¬
972 3351 1071 3409 Gen,
1075 3350 2022 3424 gebliche Aeußerungen von mir über Tolstoi, Maeter¬
1082 3398 2027 3455 linck, Anatole France, Shakespeare von so phantasti¬
961 3437 1088 3521 Der
1082 3449 2037 3507 scher Unsinnigkeit veröffentlicht worden, wie sie mir
953 3471 1073 3548 ##nd¬
1077 3493 2036 3538 zu normalen Zeiten von niemand, der mich kennt,
964 3535 2035 3585 LisztI zugetraut würden, die aber in unserer vom Ueber¬
962 3571 1076 3625 hen
1082 3569 2030 3624 maß des Hasses und vom Wahnsinn der Lüge ver¬
1081 3619 2023 3683 wirrten Welt immerhin auch sonst urteilsfähigen
986 3659 1075 3711 sch¬
1084 3669 1973 3724 Menschen nicht unglaubhaft erscheinen könnten.
978 3695 1075 3748 der
1130 3699 2031 3765 Solche Verhetzungsversuche, wie sie weit hinter
978 3745 2031 3793 Sicht i den Fronten der ehrlich kämpfenden Armeen im
1072 3791 2036 3845 wohlgedeckten Gelände unverantwortlicher Publizistik
977 3820 2030 3890 #iug von den Marodeuren des Patriotismus gefahrlos
968 3878 2033 3934 demI unternommen werden, scheinen ja eine besondere,
978 3917 1081 3965 der
1076 3926 2035 3973 und vielleicht die widerwärtigste, Eigentümlichkeit
981 3965 2034 4024 kei= dieres Krieges zu bedeuten. Auch der lächerlichste
969 3998 1068 4055 en:
1084 4009 2023 4059 diese Versuche, wenn er gelingt, könnte späteren
973 4054 2021 4097 sten! Verständigungen zwischen einzelnen, auf die es an¬
974 4075 1086 4158 der
1080 4094 2026 4147 kommt, Schwierigkeiten bereiten; daher möchte es
991 4137 1068 4188 zu
1069 4137 2026 4183 leicht als ein Fehler erscheinen, wenn ich diesen
2067 926 3006 990 Geschmacklosigkeit, stehe ich nicht an, es hier niede¬
2067 965 2995 1027 zuschreiben, daß ich Tolstoi (einen Russen!) für eine
2068 1020 3001 1081 der gewaltigsten dichterischen Ingenien halten, v.
2065 1057 3002 1125 je über den Erdkreis geschritten sind; daß mir An¬
2059 1104 3000 1163 tole France (ein Franzose!) nach wie vor als eins
2058 1139 3003 1207 der vornehmsten Geister der Gegenwart und zuglei¬
2061 1196 3004 1250 als ein Erzähler von höchsten Qualitäten erscheine
2063 1241 2996 1279 und daß Maeterlincks (eines Belgiers!) naturwisse
2057 1272 2989 1339 schaftlich=poctisierende Rapsodien, sowie viele seins
2060 1323 2990 1383 kleinen Dramen, auch dann von ihrem seltsam edl#
2057 1369 2996 1415 Reiz nicht das geringste für mich verlieren könnte
2060 1407 2990 1452 wenn er wirklich all das krause Zeug über Deutse
2060 1458 3004 1517 land geschrieben hätte, das neuerdings unter seinen
1943 1482 2054 1556 sch¬
2060 1496 2988 1557 Namen durch die Zeitungen ging. Soll ich m#
2070 1546 2999 1601 nun auch noch öffentlich mit allem Ernste zu Shalt
2057 1583 2990 1647 speare bekennen (dem Engländer! ja, denn er ist#
2065 1627 2921 1685 Stratford geboren) — oder fängt es schon
2059 1679 2990 1733 Zweiflern zu dämmern an, daß mir Shakespear
2054 1705 2989 1771 auch wenn dieser Krieg dreißig Jahre dauerte, immi
2056 1763 2967 1821 Shakespeare bedeuten wird; den einzigen, für den
2061 1802 2995 1863 keine Worte des Preises und keine Vergleiche gil¬
2114 1848 2998 1896 So lassen wir es denn lieber genug sein; — um
1971 1877 3000 1952 En später einmal, wenn der Friede wieder da ist, woh
2057 1932 2984 1998 len wir uns schmerzlich daran erinnern, daß einm
2060 1981 2987 2033 eine Zeit war, in der wir einander über die Grenzch
2062 2017 2988 2078 hinüber die Versicherung zurufen mußten, daß wi
2061 2061 2990 2129 zwar, jeder unsere Heimat, geliebt haben, daß wi
2066 2109 2986 2169 aber trotzdem Gerechtigkeit, Urteil und Dankbarke
2063 2156 2991 2212 niemals verlernt, daß wir, um es einfacher zu sagen
2060 2194 2950 2259 niemals gänzlich den Verstand verloren hatten.
2504 2238 2987 2304 Arthur Schnitzler.
2107 2262 2675 2348 Wien, im Dezember 1914.
2008 2296 2048 2336 e
2281 2395 2764 2493 Lokales.
2101 2474 3002 2544 Vertragung der Postsachen. Man schreibt uns: #
2053 2533 2994 2588 ist in letzter Zeit mehrfach berechtigte Kritik a¬
2053 2566 2993 2631 der durchaus mangelhaften Austragung der Brie
2051 2618 2984 2666 und Zeitungen in der Stadt Zürich geübt worde
2054 2657 2987 2723 Die Tatsaché, daß die Morgenpost in vielen Teil##
2048 2708 2983 2762 der Stadt erst zwischen 9 und 10 Uhr vorm. ita#
2056 2745 2969 2811 ausgeteilt wird, spricht nicht für den sonst oft
2048 2795 2982 2857 rühmten Schneid der Zürcher Postverwaltung. D##
2053 2832 2983 2909 Postverwaltung wird sich daher nicht beklag
2047 2879 2974 2933 können, wenn eine große Zahl der bisherig
2048 2915 2966 2987 Zeitungsabonnenten ihre Zeitungsabonnements ##
2055 2967 2974 3039 der Post nicht mehr erneuern wird, da die privat
2049 3018 2975 3078 Zeitungsverträger in der Lage sind, die Zeitung
2055 3052 2977 3125 schon um 8 Uhr vormittags oder vorher in di
2061 3094 2473 3160 Häuser auszutragen.
2155 3146 3002 3222 Die Kriminalität, die sonst stets mit dem bei
2049 3193 2998 3260 ginnenden Winter eine ganz bedeutende Zunahm#
2049 3248 3005 3306 erfährt, hat auch in den letzten Wochen erfreulicher
2047 3281 3010 3360 weise ihren numerischen Tiefstand beibehalten. Die
2053 3328 3008 3402 bis anhin stets überfüllten Arrestlokale in der Poli¬
2052 3383 3009 3448 zeikaserne und im Selnau beherbergen kaum einen
2048 3416 3014 3487 Drittel der üblichen Zahl von Häftlingen. Diese
2053 3468 3012 3524 günstige Erscheinung des Krieges hängt zusammen
2049 3498 3009 3557 mit einer bedeutend vermehrten Vorsicht von seiten
2044 3549 3014 3620 der Opfer unserer kriminellen Bevölkerung und
2051 3590 3017 3653 dieser selbst, dem starken Abgang kriminalisierter
2046 3630 3017 3701 Personen, einer verschärften Ausweisungspraxis,
2048 3684 3017 3741 und nicht zuletzt mit dem durch die Polizeistunde ein¬
2043 3732 3006 3783 geschränkten Alkoholkonsum und Nachtleben. Die
2056 3770 3013 3830 Zahl der Geschäftsnummern der Bezirksanwaltschaft
2047 3806 3004 3884 blieb um zweitausend hinter der letztjährigen zurück.
2365 3907 2698 3994 Zur Lage.
2090 3960 3006 4021 Verkehr. (Korr.) Gemäß neuester Verfügung der
2043 4025 3013 4095 Generaldirektion der Schweizerischen Bundesbahnen
2046 4065 2997 4127 hat die Umrechnung der Frachten, Nachnahmen usn
2047 4095 3012 4163 aus der Mark= in die Frankenwährung und um¬
2040 4155 2999 4204 gekehrt zum Kurse von 1 Mark = 117,65 Rp.,
