3436 4384
1424 131 2028 194 Aeemennranmanmn
427 122 1384 198 neenenheen
1812 176 2402 246 „Des is wieder amol auer!“
1481 185 1767 241 „Der tuat's!“
388 180 1395 256 in unserm Tal. Jetzt geht's wieder hoch her; hat
1406 226 2416 278 „Wie der von Anno 1900!“ So urteilen sie. Und
387 227 1227 292 jedes Haus wieder seinen eignen Trunk.
460 268 1394 326 Scharf nach Westen läuft das Tal von der
1407 271 2417 322 die Zungen schnalzen vom Gäumen weg wie
382 314 1401 372 Donau hin und wendet nur den einen Buckel
1414 315 2409 375 Kapselschüsse. Schüchterne Gesänge steigen, es
1400 356 2425 413 wird vereinzelt gepascht. Aber man traut sich
387 361 1396 411 der Morgen= und Mittagsonne zu, der andre ist
373 386 1398 465 immer im Schatten, er gehört dem Wiener Wald.
1401 412 2426 470 noch nicht recht, die Stimmung ist noch nicht da.
1476 443 2417 504 An einem Seitentisch im Hofe, fern von all
373 452 1400 513 Aber wie trostlos sah dieser sonnige Bergrücken
389 487 1390 545 all die Jahre her nicht aus! Kartoffel= und Klee¬
1407 485 2427 535 den vergnügten Alkoholikern, sitzt eine Gesellschaft
388 536 1406 591 felder trug er, kümmerliches Getreide, das kaum
1408 533 2423 584 von Unzufriedenen des Dorfes. Der pensionierte
1415 580 2417 636 Oberlehrer, der Doktor, ein Kaufmann, ein Villen¬
374 578 1401 630 kniehoch wurde, ließ er mürrisch auf sich wachsen,
385 622 1413 668 und jede Pflugschar, die in seinen Leib eindringen
1403 621 2418 681 besitzer, ein Wiener Maler. Der Wein schmeckt
1403 661 2425 717 auch ihnen, aber er nährt nur ihren Mißmut über
389 668 1303 714 wollte, zog sich kuirschend wieder zurück.
375 701 1400 753 allen Grenzfurchen entstanden immer neue Stein¬
1403 706 2420 775 dies und das, und doch bedient gerade diesen Tisch
378 745 1403 814 riegel, die mit den Händen zusammengetragen
1407 757 2424 805 die hübsche Nichte des Gastgebers, ein dralles,
1405 794 2415 851 siebzehnjähriges Blut, das gar freundlich zu lächeln
375 800 1409 855 wurden, denn die Kartoffeln wollten sich nicht
381 839 1395 911 befreunden mit der hitzigen Nachbarschaft. Und
1401 838 2414 899 weiß. Den Oberlehrer haben sie zu früh pensioniert,
1403 882 2418 933 dem Kaufmann schon wieder einen Konkurrenten
376 887 1400 936 mitten in den öden Stoppelfeldern gemahnten
385 926 1400 995 die vielen vereinsamten Pfirsichbäume an die ver¬
1401 937 2423 988 vor die Nase gesetzt, der ihm die besten Kunden ab¬
1401 983 2418 1026 fängt. Dem Maler aber haben sie alle Wege ver¬
383 976 1405 1028 sunkene Herrlichkeit. Und auch andre Zeugen
1404 1013 2416 1074 boten, die zu schönen Landschaftsbildern führen;
376 1009 1408 1069 waren noch da. Lief ein Sonntagsjäger, dem die
1419 1058 2424 1112 der Doktor ist in Ungnade, weil er angeblich aus
377 1064 1406 1115 Bodenverhältnisse nicht vertraut waren, einem
1409 1103 2417 1166 jedem Schnupfen eine Epidemie macht, und dem
375 1102 1402 1163 vergrämten Bock nach, der sich aus dem lauten
1416 1146 2430 1202 Villenbesitzer haben sie trotz seines Protestes einen
375 1139 1397 1218 Wald der Sommerfrische hierher geflüchtet hatte,
1403 1173 2428 1246 Nachbar gegeben, der neben seine Palmenhäuser
382 1190 1021 1254 fiel er leicht in eine Zisterne.
1406 1238 2426 1291 einen großen Kober für Schweinezucht gebaut hat.
454 1222 1408 1293 Das ist langsam wieder anders geworden;
1407 1270 2422 1342 Und zu ihnen gesellt sich als sechster ein Sommer¬
376 1267 1391 1343 wo ehedem Wein reifte, da reift er auch künftig,
1412 1326 2424 1384 frischler, der an jedem heißen Tage fuchsteufels¬
381 1330 1398 1381 denn überall grünt jetzt auf dem dürren Buckel
1404 1365 2421 1426 wild ist, weil es in dem Nest noch immer kein
383 1371 1398 1427 die junge amerikanische Rebe und geht mächtig
385 1415 1402 1463 ins Holz. Die alte Winzerherrlichkeit kommt wieder.
1412 1410 2429 1458 ordentliches Schwimmbad gibt, obwohl der Bach
1414 1456 2418 1509 seit dreitausend Jahren mitten hindurchfließt. Nach
383 1460 1405 1511 Schon stürzt sich die Gemeinde in immense Aus¬
1406 1503 2426 1552 Wien hinein muß man fahren, wenn man baden will.
383 1505 1410 1564 gaben zur Hebung ihrer Sommerfrische, an allen
1474 1546 2428 1602 Hei, da wird räsoniert! Keinen guten Faden
385 1543 1405 1599 beliebten Punkten schießen jetzt die Tafeln wie
383 1595 1408 1646 Pilze aus der Erde, die uns verkünden, daß diese
1412 1574 2421 1642 lassen sie an dem lieben Dorf, das sie doch nicht
1409 1631 2421 1679 meiden mögen, kein Haar auf dem Haupte der
382 1632 1397 1695 Wege fortan verboten sind. Und der kleinste Dackel
1410 1676 2424 1732 Gemeindebonzen bleibt ungekrümmt. Nie wieder
377 1680 1399 1733 muß an der Leine geführt werden. „Sonst fünf
1414 1717 2424 1786 möchte man seine Schritte nach dieser Sommer¬
387 1717 1412 1780 Kronen Strafe.“ In Freiheit geborene Wiener
1410 1757 2430 1821 frische lenken, wenn man alles für bare Münze
377 1765 1406 1830 Hunde, die gewohnt sind, unbehindert über die
1411 1814 2416 1864 nähme, was da geredet wird. Nur dem Heurigen
386 1803 1403 1856 Ringstraße zu spazieren, die ihr Harerl vor jedem
1417 1853 2414 1918 tun sie nichts, nur er findet Gnade. Und er be¬
381 1838 1412 1910 Herrschaftspalais und vor jedem Dentmal eines
1409 1899 2421 1950 zwingt langsam auch ihre bösen Mäuler, sie werden
392 1903 1402 1953 Unsterblichen ungestraft heben dürfen, sie sollen
1417 1939 2419 1991 immer weniger fähig zu einem geregelten Disput,
386 1942 1401 1988 sich in der Wiener=Wald=Sommerfrische nur mehr
1417 1981 2421 2031 bald gibt es bei dem, bald bei jenem einen kleinen
377 1987 1405 2044 angeseilt neben ihren Herren sehen lassen. Als
1736 2028 2423 2088 Am dauerhaftesten ist der alte
393 2027 1397 2093 ob sie keine Steuerzahler wären! Der hohe
1416 2025 1721 2096 Zungenschlag.
1414 2070 2434 2133 Oberlehrer. Er hat ein Steckenpferd, auf dem er
389 2062 1396 2130 Landesausschuß von Niederösterreich wird diese
1412 2110 2426 2182 sicher reitet, eine fire Idee, die ihn wie ein Schwimm¬
381 2122 1404 2172 Gemeinde unter Kuratel stellen müssen wegen
1413 2156 2423 2220 gürtel über Meere von Alkohol trägt. Und damit
380 2156 1395 2219 Verschwendungssucht, denn sie hat selbst die staubige
1414 2203 2424 2260 beherrscht er auch heute die Debatte. Der Doktor,
381 2206 1406 2269 Landstraße, die zwischen Wiesen, Kartoffelfeldern
1415 2247 2427 2295 der noch zu jung in der Gemeinde war, hatte ihm
388 2256 1403 2313 und Bauplätzen hinläuft, mit Tafeln eingezäunt,
1410 2292 2435 2347 früher stets opponiert, heute aber stimmte auch
377 2287 1412 2353 die den Wiener Hunden das Betreten dieser
1415 2338 2424 2389 er ihm bei, und das machte den alten Schulmeister
382 2337 1412 2396 „Kulturen“ verbieten. So steigt der Wein, der
1404 2377 2428 2438 nicht wenig stolz. Dieser hatte nämlich eine neue
391 2384 1403 2450 auf dem Berge droben wachsen soll, den Leuten
1410 2424 2422 2479 naturwissenschaftliche Theorie aufgestellt, er be¬
377 2419 1000 2492 im Tal schon jetzt zu Kopfe.
1419 2463 2431 2528 hauptete, den geheimnisvollen Zusammenhang
448 2460 1399 2528 Und der schon gewachsene nicht minder.
1412 2514 2426 2572 gefunden zu haben zwischen den guten Jahrgängen
382 2506 1405 2587 „Ausg'steckt“ ist wieder. In jedem Stellwagen
1418 2559 2425 2610 im Weinbau und den minderwertigen im Schul¬
382 2564 1402 2610 verkündet es den Sommerfrischlern ein kleines
1407 2592 2424 2651 leben. Und als er heute den ersten Viertelstutzen
382 2607 1399 2668 Plakat, an jeder Straßenkreuzung des Dorfes
1417 2647 2425 2690 leerte und den Nachgeschmack auf der Zunge
390 2648 1400 2708 weist ein gestrenger Finger Gottes uns den Weg
1405 2671 2433 2737 prickeln ließ, da kleidete er sein Lob in die dunkeln
380 2690 1403 2746 zum Heurigen. Und auf den ungehobelten Tischen
1416 2729 2423 2786 Worte: „Das wird wieder eine Generation von
388 2740 1411 2790 im Hofe und im Garten flackern des Abends die
1414 2785 2426 2831 Trotteln werden Anno 1919!“ Die ihn nicht ver¬
382 2771 1405 2828 Windlichter wieder, und auch in der Preß drängen
1415 2820 2430 2876 standen, fragten, was er meine, die seine Theorie
387 2823 1407 2874 sich hinter langen Tafeln die Gäste, lehnen an
1417 2868 2417 2931 schon kan##en, lächelten. Aber siehe, diesmal nickte
379 2871 1401 2926 feuchten Mauern, schlürfen den köstlichen jungen
1409 2911 2416 2971 auch der Doktor zustimmend: „Jawohl, jawohl!“
385 2915 1160 2978 Wein und schnalzen mit der Zunge.
454 2958 1398 3019 Die Einheimischen sind in der Überzahl. Sie
1412 2954 1622 3023 sagte er.
1486 2980 2423 3057 „Na, endlich geben Sie's zu!“ rief der Ober¬
393 2998 1402 3059 müssen jedem Nachbarn die Ehre geben, sie setzen
1408 3042 2426 3101 lehrer. „Anno neunzehnhundert und neunzehn¬
379 3051 1403 3107 ihren Stolz darein, jeden guten Tropfen, der in
1419 3091 2419 3141 hunderteins waren gute Weinjahre — neunzehn¬
387 3092 1401 3147 der Gemeinde wächst, zu kennen. Der eine läßt
1407 3125 2419 3183 hundertsechs und =siehen sind blöde Kindergene¬
374 3130 1407 3188 beim andern ankreiden, und wenn die Runde um
1409 3175 2426 3235 rationen in die erste Klasse gekommen. Seit vielen
387 3175 1402 3235 ist, wird abgerechnet. Selten, daß einer etwas
1416 3209 2433 3279 Jahren war ich dem Zusammenhang auf der Spur,
387 3217 1404 3277 herausbekommt, im besten Falle hat er bei dem
1412 3264 2419 3322 jetzt aber gibt es keinen Zweifel mehr für mich.
377 3263 1411 3320 und jenem ein paar Viertel gut fürs nächste Jahr.
1417 3298 2432 3370 Die Aufeinanderfolge war zu schlagend.“ Dabei
395 3316 1397 3361 So trinkt nie einer allein den Wein, den er ge¬
1413 3348 2432 3401 schlürfte er an seinem zweiten Viertel und sog
388 3347 1408 3414 fechst hat, sie helfen alle mit und bringen es zu¬
1417 3390 2429 3459 dessen Blume voll Behagen ein. „Herrgott, werden
388 3393 1407 3454 stande, daß das, was in der Gemeinde wächst, auch
1414 3443 1912 3510 das Trotteln werden!“
387 3444 1410 3494 in der Gemeinde vertilgt wird. Was brauchen sie
1483 3467 2420 3538 Die Mißvergnügten lachten hellauf, der Ober¬
383 3483 1401 3541 fremde Händler, fremdes Geld? Sie sind sich
1415 3526 2417 3579 lehrer aber blieb unerschütterlich ernst. Man wollte
389 3531 1401 3579 selbst genug und wollen wenigstens wissen, wofür
1407 3560 2424 3621 vom Doktor wissen, was er von der Theorie halte.
391 3573 1400 3643 sie gearbeitet haben. Schlimm genug, daß man
1411 3616 2434 3674 Er strich seinen wallenden blauschwarzen Bart
394 3623 1406 3678 im Frühjahr und Frühsommer, während der
1410 3670 2415 3713 und zuckte mit den buschigen Augenbrauen. Er
389 3662 1411 3727 stärksten Arbeit im Weingarten, Flaschenbier
1408 3709 2417 3766 habe lange nur an die Degenerierung der Kinder
378 3719 1408 3767 trinken muß. Nichts Trostloseres als die Zeit,
1408 3740 2425 3813 von Alkoholikern im allgemeinen geglaubt, sagte
382 3756 1395 3817 wo es keinen Alten mehr gibt und der Heurige
1404 3804 2416 3853 er. Aber der Oberlehrer habe ihn überzeugt. Sie
384 3798 1399 3861 noch nicht trinkbar ist. Ein Abstinenzler könnt'
1410 3836 2418 3886 hätten neulich einmal den Dümmsten im Dorfe
377 3841 719 3918 man werden!
1418 3883 2417 3936 die Jahre nachgerechnet und immer wieder ge¬
452 3857 1404 3943 Gott sei Dank, sie ist jetzt vorüber, die, schwere
1405 3939 2420 3987 funden, daß sie aus guten Weinjahren stammten.
389 3911 1401 3991 Zeit, der 1912er ist doch endlich trinkbar. Und
385 3968 2427 4046 kein Stuhl ist an den ersten Abenden frei für einen Dagegen habe die mittlere Generation, die aus
2419 190 3325 239 Die Tischgenossen sahen sich bedeutungsvol
2424 229 3325 285 Einige schoben ihre Gläser fort. Der Doktoy
2432 276 3323 337 redete weiter. Man wußte ja schon lange, d
2420 311 3321 377 bestimmte Jahrgänge von Menschen gab
2425 373 3321 418 minderwertig, und solche, die hervorragend
2434 400 3322 458 Noch kenne man die letzten Gründe der Ersche
2432 452 3326 517 nicht, nur für die Weingegenden habe man
2430 485 3321 543 bare Anhaltspunkte. Die Beobachtungen
2425 539 3316 609 Herrn Oberlehrers seien da geradezu bahnbre
2442 588 3305 646 „In guten Heurigenjahren,“ so schloß er,
2432 606 3331 682 man die Frauen ganzer Dörfer in ein K
2438 666 2647 729 sperren.“
2491 682 3302 767 Gelächter lohnte den Doktor für seine
2429 751 3320 817 hafte Rede, und der Oberlehrer umarmte ih
2431 798 3324 864 rührt. Endlich! Endlich wurde erjgewürdigt.
2428 830 3319 895 man kam nicht mehr los von dem Thema. G
2423 882 3313 932 die hübsche Nichte des Gastgebers mit einem
2428 931 3324 986 gefüllten Stutzen erschien, rief der Maler ih
2435 982 3333 1036 „Ophelia, geh in ein Kloster!“ — „Susi hoaß
2436 1029 3334 1070 erwiderte sie das erstemal mit heller Stimme.
2432 1066 3321 1117 a Kloster? I? Kunnt m'r einfallen!“ Dann
2432 1105 3331 1153 als der Scherz sich ständig wiederholte, lächel
2438 1153 3317 1199 Schöne nur mitleidig=duldsam, wie man
2435 1191 3339 1247 Halbbetrunkene lächelt, die nicht mehr recht un
2430 1241 3333 1294 was sie reden. Die Debatte aber vertiefte sich
2426 1282 3343 1325 einem Viertel zum andern. Der Oberlehren
2426 1321 3327 1384 der Doktor, die genauesten Kenner der Dorfm
2433 1368 3331 1422 heit, gingen miteinander alle lebenden #
2431 1410 3325 1463 ratioren durch, und sie wagten sich sogar a
2431 1456 3337 1509 Gemeindefunktionäre der jetzigen und der frü
2434 1500 3332 1560 Wahlperiode, in der der Oberlehrer vorzeitig
2435 1536 3338 1602 gestellt worden war. An andern Tischen ge
2438 1589 3337 1647 man sich nicht, den und jenen Dorfgewa
2438 1635 3332 1691 gelegentlich einen Teppen zu nennen, hier
2440 1687 3313 1740 wurde nicht geschimpft, hier hieß es bloß:
2430 1712 3316 1772 ein Vierundsechziger!“ Oder: „O je, ein
2437 1747 3341 1831 undfünfziger!“ Und alle wußten, was da
2436 1809 3329 1854 Jahrgänge waren. Von dem Dickwanst dort dr
2433 1854 3334 1910 dem früheren Bürgermeister, der den Ober
2438 1876 3328 1951 pensionierte, hieß es bloß, er sei der größte
2434 1927 3338 1998 undsechziger im ganzen Dorf. Eine höhere S
2429 1980 3333 2055 rung ließ sich überhaupt nicht denken, der
2444 2026 3320 2078 einen Heurigen, wie Anno vierundsechzig,
2439 2065 3333 2129 man im ganzen vorigen Jahrhundert nicht.
2503 2097 3309 2157 Spä beim sechsten Viertel, kam die
2425 2150 3339 2213 raschung des Abends — Musikanten traten
2437 2204 3336 2252 Eine Klampfen, eine Geige, eine Streich
2440 2244 3329 2302 Sie hatten ihren Stadtbahnzug aus Wien vers
2436 2297 3339 2347 aber zu spät kamen sie noch nicht. Und sie bra
2430 2334 3323 2390 die Heurigenstimmung mit, die bis jetzt g
2432 2376 3333 2444 hatte. Auf einmal trauten sich alle aus sich he
2431 2420 3335 2473 Lieder stiegen, und „Mitsingen! Mitsingen!
2432 2467 3333 2525 die allgemeine Losung. Ramentlich drin i
2433 2505 3342 2563 Preß ging's hoch her; da war das Hauptau
2438 2551 3341 2607 der Dorfjugend, da betätigte sich die Gener
2439 2603 3337 2651 aus der Reblauszeit. Ganz toll war sie. Un
2434 2643 3338 2693 behäbigen Vierundsechziger und Zweiundfün
2437 2690 3330 2763 standen zwischen den Türen und paschten m
2434 2733 2828 2789 tranken ihnen zu.
2496 2751 3311 2831 Auch die Mißvergnügten erhoben sich
2428 2812 3340 2883 nach dem andern und schwankten nach dem Zen
2439 2864 3335 2923 hin. Alle Beschwerden gegen die Gemeinde
2431 2907 3329 2963 alle Theorien gegen den Alkohol waren verg
2430 2956 3331 3004 die Köpfe wiegten sich im Takt, die Stutzen w#
2438 3003 3342 3069 von der schönen Susi immer wieder gefüllt
2432 3077 3189 3147 Mauer, die nicht wankte. Juchhul
2614 3130 3230 3186 Das Drah'n, das is mei Leb'n.
2601 3174 3253 3233 Kann's denn was Schönres geb’n
2604 3216 3149 3270 Als Drah'n die ganze Nacht,
2608 3245 3201 3323 Bis daß ein' d' Sunn anlacht!
2504 3273 3299 3361 „Juchhu!“ — „Mitsingen! Mitsingen!“
2512 3345 3323 3395 Spät nach Mitternacht torkelte der alte
2423 3390 3332 3458 lehrer Arm in Arm mit seinem argen Widers
2432 3437 3313 3501 dem größten Vierundsechziger des Dorfes,
2423 3483 3339 3539 wärts. Sie hatten sich in der gemeinsamen
2427 3524 3328 3586 geisterung über den heurigen Jahrgang ver
2435 3564 3338 3631 Aber ganz war der alte Schulfuchs auch in di
2432 3617 3316 3666 Zustande von seinem Steckenpferd nicht
2429 3649 3325 3708 worfen worden. Er lallte ein über das andre
2436 3706 3302 3774 „Anno neunzehn — ilich gratulier'! J—
2655 3739 2711 3774 1
2429 3746 2691 3812 gratulier'!“
2491 3761 3342 3843 Und als er heimkam, weckte er seine Alte
2429 3831 3307 3894 befahl ihr, schnell in ein Kloster zu gehen.
2526 3899 3336 4003 * Umdrehen, die Nacht zum Tag machen, die
2425 3960 2705 4028 durchlumpen.
