3436 4384
1042 527 1125 620 □
1133 562 1468 671 D
3053 655 3200 704 Phot. Weis
738 657 922 707 Phot Schöser
2284 643 2412 714 Wi Pe.
1476 657 1659 698 Phot. Seebald
311 677 804 746 Konrad von Hötzendorf,
1824 666 2349 745 Professor Gustav Klimt
2601 669 3104 747 Professor Otto Wagner
972 677 1692 741 Professor E. von Hellmer, Rettor
973 726 1694 785 der Akademie der bildenden Künste
383 725 749 786 Generalstabschef
2299 835 3202 885 Wieviel neuschöpferische Kraft das geistige Lebe
1204 833 2208 892 wollen und sollen, und sein Einfluß auf die Offent¬
183 819 1193 896 sich später voneinander trennten. Wie diese vier
2226 885 3204 937 Österreichs birgt, wird augenblicklich empfinden
1215 882 1886 939 lichkeit, auf die Jugend ist groß.
179 890 1198 939 Namen hier eng zusammenrücken, scheint es, als
2229 924 3205 977 wer sich an Gustav Mahler erinnert, wer sich m
1287 917 2218 978 Inzwischen sind wir von der rein großstädtischen
192 932 1193 982 ob sie in einen und denselben Topf gehören würden.
2232 967 3201 1023 Arnold Schönbergs spröder Eigenart beschäftigt
1206 963 2216 1023 Literatur wieder ein wenig befreit worden. Rudolf
180 972 1191 1023 Dennoch sind sie ungefähr vier ganz voneinander
2235 1011 3205 1067 wer dieser eigenartigen zukunftsreichen Musikel
1217 1011 2214 1057 Hans Bartsch mit seiner gesunden Sentimentalität,
182 1014 1195 1071 verschiedene Welten sind vier Persönlichkeiten, die
2228 1052 3204 1108 gedenkt, wer die geniale Frische des allzufrüh ven
1213 1069 2216 1111 mit seiner jubelnden Freude an der Natur hat
192 1057 1193 1106 in stärkstem Kontrast zueinander stehen. Aber sie
2229 1100 3196 1148 storbenen Olbrich, des Erbauers der Wiener Seze
1214 1097 2220 1156 die österreichische Landschaft und die österreichische
177 1101 1193 1153 haben zusammen eine unmeßbare Wirkung auf das
2235 1148 3203 1197 sion, im Gedächtnis behielt, wer die moderne Kun
1205 1150 2219 1199 Provinz wieder erschlossen, und selbst wo er seine
188 1155 1190 1202 moderne Denken geübt, üben in der lebendigen
2230 1186 3205 1239 der Monumentalität bewundert, die Otto Wagne
1216 1196 2218 1243 Romane in Wien spielen läßt, nimmt sich dieses
181 1190 1199 1249 Gegenwart noch fortdauernd einen unmeßbar
2239 1232 3210 1283 in seinen Architekturen hingestellt hat, und wer di
188 1241 1190 1297 großen Einfluß, der in der modernen Literatur am
1213 1244 2216 1290 große moderne Wien immer noch irgendwie länd¬
2237 1279 3204 1330 heißumstrittenen, im Tiefsten meisterlichen Bilde
1207 1281 2217 1337 lich aus, als ob es noch von den alten Basteien um¬
191 1281 666 1339 stärksten fühlbar wird.
2232 1312 2743 1364 von Gustav Klimt liebt.
1205 1322 2218 1369 gürtet und von den grünen Glacis umgeben wäre.
263 1325 1192 1378 Völlig als Einzelner und als Alleinstehender ragt
2292 1358 3219 1417 Wenn wir heute dieses merkwürdig zerrissen
1219 1365 2211 1422 Ins freie Land und in die Vergangenheit zurück
189 1370 1196 1417 Anzengruber in die österreichische Literatur der
2242 1408 3198 1464 und doch wieder merkwürdig zur Ganzheit zu
1218 1417 2213 1459 führen auch die Romane der Baronin Enrica
190 1415 1190 1467 Gegenwart herein. In der Generation, der er an¬
2241 1455 3204 1501 sammengeschlossene Österreich begreifen, wen
1209 1445 2221 1496 Handel=Mazzetti, die künstlerisch herber, fast möchte
178 1455 1196 1517 gehörte, war er ein Einsamer. Und die Generation,
2227 1496 3204 1544 unser instinktives Heimatgefühl für dieses Lan
1218 1506 2222 1552 man sagen, männlicher ist als Bartsch. Ein Erzähler¬
181 1513 1191 1557 die nach ihm kam, ihn verstanden, geliebt und verehrt
2236 1539 3213 1592 gestützt und bekräftigt wird durch verstehendes Be
1213 1541 2206 1595 talent allerersten Nanges, eine tiefreligiöse dichte¬
191 1561 1201 1601 hat, konnte der frühzeitig Dahingeschiedene nicht
2240 1584 3208 1639 wußtsein, wenn wir imstande sind, Vergangenhe
1216 1586 2216 1633 rische Kraft bildet diese starke und wunderbare Frau,
181 1601 1198 1648 mehr von Angesicht zu Angesicht sehen. Anzengrubers
2229 1621 3200 1683 und Gegenwart miteinander unlöslich zu ver
1214 1629 2213 1675 die man die österreichische Selma Lagerlöf nennen
187 1633 1198 1672 Generation war ein Geschlecht von Epigonen. Was
2240 1675 3204 1728 knüpfen und in allem ein einziges, ein österreich
1210 1673 2223 1734 möchte, einen merkwürdigen Gegensatz zu der
184 1676 1192 1733 sie hervorgebracht hat, ist in höherem Sinne Kitsch
2246 1710 3202 1761 sches Schicksal zu erkennen, so danken wir das zu
1211 1717 2224 1763 greisen Maria von Ebner=Eschenbach, die abge¬
180 1728 1201 1774 und ist heute schon fast gänzlich vergessen. Peter
2229 1756 3201 1809 meist dem Manne, der als erster und bisher al
1217 1754 2226 1808 klärter, freisnniger, milder, aber künstlerisch auch
187 1757 1193 1809 Rosegger, der jetzt Siebzigjährige, ragt noch neben
2232 1807 3199 1855 einziger moderne österreichische Geschichte vo
1219 1804 2066 1859 viel schwächer ist als die Handel=Mazzetti.
189 1806 1201 1853 Anzengrüber aus jener Zeit hervor. Ein Einzelner
2241 1856 3207 1899 großen Gesichtspunkten aus geschrieben hat: Hein
1292 1854 2212 1901 Von einer starken religiösen Empfindung ge¬
183 1851 1199 1894 und Abseitiger wie Anzengruber. Ein prachtvoller
2246 1889 3208 1944 rich Friedjung. Es ist sonderbar, daß es eine wirklic
1212 1893 2216 1940 tragen, mehr noch gehoben von einer beispiellosen
198 1896 1196 1946 Fabulierer, ein naturwüchsiger Poet, doch nicht
2232 1936 3196 1989 objektive, umfassende österreichische Geschichtschrei
1213 1933 2217 1979 Plastik des Ausdruckes ist der Lyriker Rainer Maria
187 1946 1193 1992 wie Anzengruber ein Entscheider und Wegweiser.
2238 1969 3198 2033 bung nicht giot. Heinrich Friedjung ist der erst
1213 1976 2218 2038 Rilke. Es gibt heute keinen, der an seine technische
187 1978 1192 2039 Freilich, die Wege, die Ludwig Anzengruber ge¬
2240 2011 3196 2077 gewesen, der sie uns in seinem Werk „Der Kamx
1226 2025 2224 2075 Vollendung und an seine Originalität des Ge¬
185 2021 1201 2088 wiesen, sind nur wenige gegangen. Der einzige,
2237 2063 3196 2110 um die Vorherrschaft in Deutschland“ geboten ha
1220 2065 2214 2121 dankens hinanreichen würde. Ja, man vermag
196 2078 1191 2129 Karl Schönherr, schien vor einem Jahrzehnt diese
2243 2105 3202 2162 Dieses Buch ist von entscheidender und immer meh
1219 2109 2225 2172 sich's nicht vorzustellen, wie die Technik der Sprache
187 2120 1193 2167 Richtung nehmen zu wollen und scheint auch etwas
2244 2153 3201 2206 noch anwachsender Bedeutung. Es ist wie ein
1217 2166 2226 2208 über Rilke hinaus noch weiter entwickelt werden
194 2159 1195 2216 von der Kraft zu haben, die dazu gehört, um solch
2242 2205 3199 2251 große, langsam steigende, langsam und weit un
1227 2198 2218 2249 könnte. Neben ihm möchte ich hier Franz Werfel
185 2204 1196 2253 rauhe Pfade zu beschreiten. Die moderne Literatur,
2243 2238 3199 2297 sich strahlende Helligkeit. Und die Schrift die da
1219 2252 2222 2298 nennen. Einer von den Jüngsten. Vorerst nur ein
192 2246 1208 2305 die nach dem Tode Anzengrubers revolutionär
2253 2284 3205 2331 Andenken des bei Königgrätz besiegten General
1225 2289 2220 2331 Anfang. Aber doch prägnant und frappierend und
199 2289 842 2360 einsetzte, war Großstadtpoesie.
2241 2316 3204 2379 Benedek aus tiefer Schuld und Verachtung in reich
1217 2339 2229 2391 verheißungsvoll wie wenige. Von Jungen und
260 2329 1193 2402 Großstädtische Literatur, Nervenkunst, psycho¬
2247 2370 3206 2427 Helden= und Märtyrerglorie hob, war ein Ereigni
1212 2379 2207 2433 Jüngeren und von Abseitsstehenden würde ich
190 2381 1193 2434 logische Dichtung blühte in üppiger Fülle. Eine
2249 2415 3203 2471 Nicht die Tatsachen lernten wir nun aneinande
1221 2429 2230 2471 überhaupt gern noch mehr mitteilen. Es darf nicht
194 2437 1204 2482 ihrer feinsten und seltsamsten Gestaiten: Peter
2240 2454 3191 2508 reihen, sondern unser österreichisches Schicksal an
1219 2469 2219 2520 geleugnet und nicht verschwiegen werden, daß der
187 2478 1195 2522 Altenberg, für den es bezeichnend ist, daß er in der
2237 2509 3191 2555 dem österreichischen Menschentum verstehen. Al
1225 2509 2223 2560 durch seine Heftigkeit isolierte Satiriker Karl Kraus
195 2527 1205 2579 russischen Jugend am meisten verehrt und am
2240 2555 3199 2606 dem Menschlichen sehen wir durch Friedjungs klar
1230 2560 2220 2610 mit seiner großen, negierenden Beredsamkeit einen
196 2554 1204 2608 besten verstanden wird. Der kultivierteste Künstler
2241 2594 3188 2646 historisch meisterhafte Darstellung die Tatsach
1224 2594 2219 2645 starken Einfluß auf die Jugend übt. Und es soll
191 2604 1203 2661 und der schöpferisch reichste: Arthur Schnitzler, der,
2239 2633 3007 2693 und Katastrophen sich entwickeln. Ve
1227 2638 2221 2697 hier wenigstens vorausgesagt sein, daß Talente wie
187 2647 1198 2692 rasch von französischen Einflüssen frei geworden,
2242 2674 2981 2739 heute nicht bloß mit dem Herzen, sond
1220 2691 2209 2739 Wälter von Molo, Emil Ertel, Hermann Essig,
193 2688 1210 2736 seine ganz besondere Eigenart in unermüdlicher
2245 2720 2869 2781 unserm schärfsten Bewußtsein di
1219 2736 2220 2791 Otto Soyka, Max Brod, Felix Braun und Emil
187 2739 1207 2790 Arbeit auf das schönste entfaltet hat. Ein Anfang
2244 2768 2878 2824 Tegetthoff, sehen wir Verwandt
1227 2775 1980 2848 Lucka die nächste Zukunft bedeuten.
193 2781 1210 2844 von hinreißender Schönheit und blendender Ver¬
2608 2807 2859 2869 dem Admir
200 2825 828 2884 heißung war Hugo von Hof¬
2620 2856 2827 2918 Burckhard
195 2874 829 2927 mannsthal, der bis jetzt aber
2687 2902 2813 2969 Verst
193 2912 819 2973 nur ein Anfang geblieben ist.
2620 2926 2706 3002 art
2756 2947 2804 2995 ei
199 2956 823 3021 Reiche Auregung, belebende
2616 2990 2797 3045 des alte
194 3002 825 3067 Ruhelosigkeit, amüsante Über¬
2614 3036 2771 3090 eine
188 3044 827 3109 raschung und fruchtbaren Wi¬
2616 3076 2783 3137 rüstet,
199 3096 819 3151 derstand verdanken wir Her¬
2619 3121 2799 3183 gesellsch
194 3146 822 3191 mann Bahr. Ein Publizist,
2623 3167 2781 3219 die ro
200 3170 834 3238 Theaterdichter, Romanschrift¬
2624 3209 2796 3267 Kreuzen
200 3222 827 3279 steller von internationalen Al¬
2621 3253 2829 3315 finden u
197 3265 826 3325 lüren, ist er im Kern seines
2624 3298 2797 3354 und Be
186 3308 831 3372 Wesens immer ein Österreicher
2626 3343 2874 3403 reichischen 0
194 3357 836 3418 geblieben, hat immer einen
2613 3377 2866 3442 temperamei
193 3394 822 3462 Stich ins vormärzlich Näson¬
2626 3428 2926 3486 Generalstabsch
191 3445 834 3499 nierende gehabt und ist unter
2631 3474 3148 3539 Hötzendorf, wie in Girardi
189 3484 826 3550 allen derjenige, der sich mit
2630 3511 3158 3576 der theatralischen Pracht
188 3534 826 3590 dem österreichischen Problem
1683 3559 1780 3608 1
1850 3571 1963 3607 —
2631 3558 3202 3621 Mildenburg ebenso wie in di
1357 3526 1688 3650 E
200 3582 825 3636 am leidenschaftlichsten herum¬
2619 3601 3200 3666 Anmut weiblicher Statuen,d
196 3629 831 3685 schlägt, der sich aufs heftigste
2623 3644 3190 3707 Edmund Hellmer meißelt, gel
191 3667 828 3718 daran stößt und der am emp¬
2626 3700 3204 3756 uns durch all dies eine gemein
192 3703 831 3773 findlichsten darunter leidet. Im
2625 3734 3205 3806 same Linie, umschimmert un
195 3753 825 3816 geistigen Leben Österreichs ist
2623 3786 3192 3840 all dies wie der Hauch einerg
203 3804 833 3858 Bahr der stärkste und eifrigste
2619 3829 3193 3883 meinsamen Farbe, so ist uns di
199 3842 833 3896 Mittler. Er war der enragierte
2614 3864 3201 3935 Historiker dabei Lehrer, Führ
194 3891 834 3951 Vorkämpfer für alle jungen
2626 3909 3076 3979 und Erklärer gewesen.
1336 3907 2120 3991 Kunsthistorisches Hofmüseum in Wien
206 3935 849 4000 Talente, die gehört werden
2983 3973 3074 4035 33
376 3995 692 4069 1914 (Bd. 111)
3335 1844 3441 1920 alsta
3348 1962 3437 2015 nan
3370 2008 3441 2059 zu
3358 2052 3430 2100 d d
3412 2096 3444 2144 1
3348 2138 3433 2199 ten,
3346 2182 3430 2239 traf
3360 2229 3431 2282 ein
3381 2280 3431 2330 g
3351 2362 3431 2409 der
3348 2404 3428 2460 wit
3353 2451 3438 2509 izell
3359 2581 3441 2635 ein
3362 2626 3432 2679 ihn
3364 2668 3432 2726 frül
3361 2715 3441 2770 ht zu
3358 2757 3439 2807 ein
3378 2803 3440 2859 he
3409 2939 3441 2977 2
3383 3017 3441 3074 iat
3387 3060 3440 3125 ei
3376 3195 3440 3252 schi
3385 3246 3437 3295 zu
3380 3505 3443 3554 b
3352 3549 3430 3607 sind
3344 3950 3417 4017 ug
3362 3991 3432 4037 bis
3366 4041 3415 4092 9
