3436 4384
496 133 926 212 e-Tr
1407 176 1913 221 Dr. Hans Müller.
2317 197 2928 271 Professor August Stoll.
297 188 1111 262 Dr. Karl Ritter v. Feistmantel.
1344 211 1987 288 Professor Josef Müllner.
2322 255 2940 317 Rudolf Ritter v. Weyr.
327 250 1082 327 Hofrat Dr. August Fournier.
1321 277 1996 354 Hofrat Dr. Anton Ohorn.
2457 308 2800 393 Egon Zweig.
322 315 1101 388 Geheimer Hofrat Max Grube.
1671 388 3163 480 soll Burgtheaterdirektor werden? weit über den Kreis der engeren Inter¬
319 387 1654 461 Woran hat man nicht alles den Kulturzustand messen wollen!
1668 444 3035 510 essenten, der Liebhaber und Habitués, hinaus die Gemüter bewegt.
151 452 1668 524 [Am Seisenverbrauch, sogar an der Zahl der Irrsinnsfälle, und am
1828 498 3163 569 Unsere Rundfrage will nicht nur zur Klärung der Anschauungen
160 497 1658 581 Geburtenrückgang. Warum nicht auch an der Bühne? An ihren Theatern
164 549 670 642 ssollt Ihr sie erkennen!
1678 564 3157 628 beitragen, sie will vor allem auch die bestehenden Strömungen und
1675 613 3163 690 Tendenzen aufzeigen. Welches ist das Ergebnis? Das wird jeder wohl
259 608 1653 689 Vielleicht spricht allzusehr Lokalpatriotismus aus diesem Vorschlag.
1673 680 3172 748 selbst bald herausfinden, wir werden uns wohl hüten, mit zahlenmäßigen
163 679 1662 750 Müßte doch Wien bei Anlegung dieses Maßstabes weit, weit vorn in der
1678 734 3167 798 Ergebnissen aufzumarschieren. Denn wer tünstlerische Fragen statistisch
165 734 1654 813 jersten Reihe stehen. Aber die Wiener Theater sind nicht nur gut, sie sind
1668 795 3165 862 behandeln wollte, gliche jenem Sonderling, der glaubt, er wisse, wie
154 800 1651 864 auch so mit der Stadt verwachsen, aus ihr emporgewachsen, daß das
1676 846 3170 914 eine Blume dustet, wenn er die wohlriechende Substanz chemisch
171 850 1667 900 Interesse an ihnen ein solches für die Lebensinteressen der Metropole
171 895 1918 980 bedeutet. Und aus dieser Tatsache erklärt es sich, daß die Frage: Wer analysiert.
2158 1069 3168 1155 Sie haben dem Burgtheater werkvollere Dienste
1165 1070 2157 1159 rufensten Nachfolger gebeten wurde, in Verlegenheit.
170 1082 1151 1182 Professor Heinrich v. Angeli,
2173 1134 3171 1196 geleistet, als die Prattiker. Wer berufen werden
1877 1136 1960 1190 so
1948 1136 2159 1198 sagte er
1164 1136 1868 1192 „Es gibt 40 Milionen Deutsche,“
2162 1173 3162 1214 soll, das Szepter in dieser Kunststätte zu ergreisen
1162 1180 2167 1225 dazumal einem Freunde; „darunter nicht vier, die
567 1170 786 1255 Maler.
2162 1216 3177 1273 und zu führen, der muß auch mit einigen Tropfen
1165 1228 2153 1278 alen Anforderungen an das Amt eines Buig¬
273 1212 1157 1302 Der Respekt vor dem Fremdtum steckt den
2170 1259 3171 1316 Poesie gesalbt sein. Routine ist eine angenehme
1169 1272 2162 1324 theaterdirektors genügen können.“ Als würdigsten
156 1272 1156 1348 Oesterreichern leider zu stark im Blute. Patriotismus
2173 1303 3171 1357 Sache. Bei dem Burgtheaterdirektor wünsche ich alle
1162 1309 2157 1361 Kandidaten bezeichnete Wilbrandt schon Anno 1889,
158 1331 1161 1388 stut uns not. Glauben Sie, es könnte jemals einem
2160 1337 3175 1389 Rubriken des Befähigungsnachweises mit be¬
1169 1354 2156 1403 zwanzig Jahre zu früh, Alf,red Berger.
158 1374 1165 1422 (Franzosen einfallen, einen Belgier zur Leitung der
2173 1374 3171 1446 sonderen Noten ausgesüllt. Wenn ich kandidieren
1167 1394 2162 1445 Mittlerweile wurde das Haus am Franzensring
161 1411 1154 1480 Comédie française zu berufen? Ich bezweifle,
2159 1429 3182 1483 möchte? Unter den in der Oeffentlichkeit genannten
1172 1437 2167 1494 eröffnet, das zu den allen Schwierigkeiten ein
162 1458 1163 1516 daß sobald einem Oesterreicher die Ehre wider¬
2172 1472 3172 1533 Anwärtern scheint mir Hermann Bahr der
1170 1479 2165 1548 Unmaß von neuen (mangelhafte Akustik, wachsendes
151 1489 1156 1554 ffahren dürfte, an die Spitze des Königlichen Schau¬
2173 1502 3179 1574 geeignete Mann zu sein. Nicht der Hermann Bahr,
1177 1524 2165 1576 Defizit 2c.) hinzusügte. Jeder neue Direktor soll ein
160 1545 1160 1602 spielhauses in Berlin oder Dresden gestellt zu
2163 1564 3161 1617 wie er vor zwanzig Jahren in die Arena trat —
1171 1572 2151 1626 Hexenmeister sein, der die Kassen füllt, die Massen
158 1585 1163 1641 swerden. Unser Burgthealer braucht einen Führer,
2172 1610 3184 1663 der Hermann Bahr von heute, der zwar noch
1176 1611 2167 1677 und die Kenner gleichmäßig durch Muster¬
164 1633 1033 1682 stark und aufrecht, um sich in Respekt zu
1022 1631 1166 1686 setzen
2172 1640 3187 1703 manchmal in Widersprüchen steckt, der aber ein
1162 1645 2165 1711 aufführungen der Klassiker, Entdeckung und
159 1673 1162 1728 uund um sich Sympathien zu erobern. Respekt und
2173 1686 2720 1759 ganzer, ein echter Mann ist.
1176 1699 2161 1744 Förderung jüngerer Tichter und Darsteller anregt
161 1713 1163 1768 Sy#apathien beim Publikum und bei den Künstlern.
1176 1749 2171 1796 und festhält, der großen Stil und Konversationston
162 1754 1159 1807 Das Burgtheater braucht einen Leiter, der ein¬
1176 1776 2172 1839 mit derselben Ueberlegenheit zu pflegen weiß und
160 1798 1165 1860 seine Nase besitzt, um auszuspüren, ob hinter
2215 1764 3137 1878 Dr. Karl Ritter v. Feist¬
1229 1817 2175 1876 nach dem Wunsche maßgebender Kreise — wenn¬
162 1835 1157 1891 leinem jungen Schauspieler ein großer Kerl steckt,
1170 1863 2178 1916 möglich ein Oesterreicher sein soll. Der Wunder¬
2509 1849 2830 1933 mantel,
167 1881 1162 1951 sob eine junge Begabung imstande ist, aus der
1173 1905 2181 1962 mann, auf den die meisten dieser Voraussetzungen
154 1918 1167 1991 (Knospe zu springen, zur Blüte zu reisen. Wir
2243 1924 3109 1994 Präsident der niederöstereichischen
1171 1954 2179 2011 zutreffen, lebt. Seine Name lautet: Max Rein¬
155 1965 437 2025 [brauchen
543 1961 1169 2027 einen österreichischen
1165 2001 2167 2048 hardt. Er macht in Berlin augenblicklich volle
2427 1984 2918 2053 Advokatenkammer.
195 2008 1166 2062 aube! Einen Mann, der die Courage besitzt,
1167 2029 2170 2091 Häuser mit einem in Einzelheiten ansechtbaren, im
2281 2033 3175 2110 Zuerst eine Konstatierung. Ich ergreife an
188 2055 1166 2104 mit dem Ausstattungsluzus aufzuräumen und der
1171 2079 2161 2131 Ganzen dankenswerten Shakespeate=Zyilus und
2166 2081 3184 2146 dieser Steue das Wort — nicht als Advokat. Ein
180 2095 1160 2152 Dichtung zum Rechte zu verhelfen. Einen Mann,
1179 2114 2154 2169 vergißt darüber nicht, neue Dramaliker zu Wort
2176 2131 3178 2192 alter, treuer Besucher des Burgtheaters gibt
172 2140 1159 2188 der für die Kultur der Rede bei dem Nachwuchs
1168 2159 2166 2230 kommen zu lassen. (Beer=Hoffmann, Hofmannsthal,
2172 2172 3180 2230 Antwort auf die ihm gestellte Frage. Ein Be¬
161 2183 1161 2243 Sinn und Verständnis hat. Zu der modernen
1174 2206 2169 2254 Schmiot=Bonn, Schnitzler, Eulenberg 2c.) Er ver¬
2174 2217 3180 2278 sucher des Burgtbeaters, der sich seine Jugend¬
158 2232 1170 2298 [Produktion finde ich leider kein Verhältnis. Sie ist
1168 2248 2161 2304 steht sich auf Massenwirkungen in der Rotunde und
2169 2261 3182 2321 schwärmerei für dieses Haus noch immer bewahrt
175 2272 1165 2322 gewiß großartig — zu meinem Bedauern fehlt mir
1166 2285 2156 2351 wäre zugleich anschlägig genug, die Miniaturbühne
2173 2308 3175 2369 hat, dem köstliche Erinnerungen an vergangene schöne
176 2313 1161 2370 die Empfänglichkeit für das sogenannte „moderne
1165 2336 2157 2396 des Konzerthauses für Kammerspiele zu nützen.
2178 2349 3168 2401 Abende im Gedächtnisse haften. Auf Grund meiner
166 2350 1156 2421 Schaffen". Dichtkunst war mir stets Dichtkunst.
1181 2381 2164 2423 Er ist nebenbei — was bei der Besetzung eines
2167 2396 3170 2448 Erfahrungen glaube ich behaupten zu dürsen, daß
171 2396 1166 2461 Lallen und Stammeln werde ich niemals als Poesie
1175 2418 2153 2473 von Laube, Dingelstedt, Wilbrandt, Förster, durch¬
2176 2427 3179 2486 die Praktiker dem Burgtheakter keinen Schaden
176 2442 1166 2497 anzusehen in der Lage sein. Wer Direktor des
1168 2458 2156 2510 wegs Reichsdeutscher, rühmlich verwalteten Amtes
2173 2476 3181 2542 zugefügt haben. Es gab Prattiker — dabei denke
169 2478 1166 2532 Burgtheaters sein soll? Artur Schnitzser. Hugo
1180 2506 2165 2563 meines Erachtens nicht ausschlaggebend sein darf
2181 2511 2980 2582 ich nicht an Handwerker, an Routiniers
170 2528 1163 2580 Thimig... Letzterer bringtjedenfalls seine
1168 2556 2160 2611 und wird — Oesterreicher. Er wird nur seine
2170 2565 3180 2622 dem Kunstinstitute große Vorteile brachten. War
173 2574 1163 2628 große Routine mit, kennt, das Theater, weil er sich
1176 2591 2168 2646 gegenwärtige, völlig unabhängige, materiell
2179 2604 3182 2663 Laub,e, dieses Ideal eines Theaterdirektors, nicht
179 2606 1094 2677 mit ihm befaßt hat. Ein Dichter wird immer
1176 2629 2166 2695 glänzende Stellung, die seinen Künstlerphantasien
2169 2644 3184 2696 ein Praktiker im besten Sinne? Und Dingel¬
173 2650 1163 2708 einen Gewissenskonflikt geraten. Der Direktor soll
1176 2681 2157 2728 freien Spielraum gewährt, nicht aufgeben wollen.
2181 2686 3179 2749 stedt! Dem waren doch alle Bedürfnisse des
179 2701 1169 2753 das ihm anvertraute Theater zur Schatzkammer der
1174 2718 2157 2770 Angesichts dieser Sachlage scheint mir Hugo
2169 2740 3182 2801 Theaters ebenfalls kein unbelanntes Land. Die
174 2748 1164 2796 Literatur erheben, alles Unreine, Unedle fernehalter.
1169 2757 2159 2813 Thimig, so lang er Lust und Kraft hat, das
2170 2773 3183 2846 modernen Dichter von heute, ich bitte die Herren
178 2785 761 2840 und dabei „Geschäfte machen“
864 2783 1170 2839 Findet sich ein
1827 2804 2160 2868 der wünschens¬
1170 2814 1837 2864 Burgtheater zu leiten, weitaus
2171 2819 3184 2876 um Entschuldigung, flößen mir kein Vertrauen ein.
174 2824 1159 2894 solcher Wundermann, dann heiße man ihn freudigst
1847 2843 2173 2911 Er kennt den
1167 2850 1837 2914 werteste Führer seiner Kameraden.
2181 2871 3176 2925 Ihre Werke haben mich weder erbaut, noch be¬
176 2874 449 2936 willkommen.
1176 2889 1837 2955 Hausbrauch wie kein Zweiter
1836 2892 2162 2968 und ist von
2174 2906 3171 2962 geistert, noch amusiert. Einem solchen „Modernen“
1177 2934 1803 3009 unversieglicher Arbeitsfreudigkeit.
2165 2950 3183 3023 die Leitung des Burgtheaters anzuvertrauen, wäre
232 2942 1133 3029 Oberbaurat Ludwig Bau¬
3032 2989 3171 3051 Zum
2299 2996 2994 3049 sehr riskantes Unternehmen.
2172 2997 2262 3050 ein
2178 3016 3178 3086 Experimentieren ist das Burgtheater nicht ge¬
536 3020 824 3112 mann,
1390 3022 1971 3126 Hugo Darnant,
2185 3066 3168 3139 schaffen. Hugo Thimig erfüllte seine Aufgabe
181 3091 1176 3173 Präsident des Ingenieur= und Architekten.
1210 3096 2175 3188 Maler, Vorstand der Genosseuschaft
2167 3125 3172 3185 mit Takt, mit Klugheit und mit künstlerischer
2177 3170 3185 3226 Ehrlichkeit. Was dem provisorischen Leiter gelungen
171 3162 1164 3227 vereines, Chefarchitekt des Hofburg¬
1424 3164 1945 3229 bildender Künstler.
2174 3207 3184 3257 ist, wird der definitive Direktor gewiß zu voll¬
572 3207 781 3273 baues.
1286 3212 2155 3298 Wer in der Chronik des Burgtheaters
2172 3246 3175 3314 bringen imstande sein. Vielleicht in noch besonderem
274 3246 1162 3333 Der Dichter ist ein Denker und ein Idealist.
1182 3267 2162 3331 Bescheid blättert, dem tritt eine Tatsache entgegen,
2179 3289 3179 3347 Maße, weil ihn sein Ehrgeiz, seine bekannte
286 3319 1159 3376 Der Direktor ist ein Lenker und ein Realist.
1175 3323 2168 3379 die übrigens keine Besonderheit der Wiener Hof¬
2172 3323 3185 3390 Liebe für das Burgtheater anspornen werden, auch
285 3357 1166 3409 Bei dem Dichter steht zu befürchten, daß er
1177 3360 2175 3415 bühne bildet. Ein Ringen, ein Wettbewerb zwischen
2169 3380 3172 3442 als Direktor den Lorbeer zu pflücken. Er braucht
175 3405 1168 3457 naa, seinem künstlerischen Werdegange, nach dem
1179 3410 2170 3460 Theoretikern und Praktilern. Oder um präziser zu
2177 3425 3175 3476 vor der Größe seiner Sendung nicht zu erschrecken.
177 3443 1162 3493 ihm vorschwebenden Ideale in einer bestimmten
1172 3446 2160 3513 sein: Zwischen den schaffenden Dichtern und den
2173 3454 3185 3516 Takt, Klugheit und Verständnis hat er schon
174 3490 1162 3545 Richtung sich bewegt, während der Direktor über
1177 3502 2167 3555 reproduzierenden Künstlern, zwischen dem Schriftsteller¬
2172 3499 3189 3573 bewiesen. Auch das Glück begleitete ihn. Man sollte
180 3532 1161 3592 den Parteien stehen, sich Universalität des Urteils
1179 3537 2160 3590 direktor und dem Schauspielerdirektor. So oft das
2177 3550 2735 3620 Herrn Thimig nicht ablösen.
181 3573 484 3639 bewahren soll.
1186 3572 2169 3634 Amt eines Burgtheaterdirektors — ich erkenne es
298 3589 1161 3670 Aus diesen Gründen und weil ich die Wahr¬
1777 3615 2175 3687 der Besetzung harrt,
1173 3627 1769 3684 als ein hohes Ehrenamt —
2172 3627 3183 3727 Hofrat Dr. August Fournier,
182 3649 1163 3711 nehmung gemacht habe, daß unter dem Provisorium
1176 3659 2169 3717 melden sich als Anwärter: Poeten und Darsteller.
173 3699 1166 3752 Thimig das Burgtheater seine frühere Popularität
1184 3708 2174 3763 Auch diesmal ist das Publikum Zeuge einer solchen
2329 3708 3004 3802 k. k. Universitätsprofessor.
175 3747 1160 3803 zurückgewonnen hat, bin ich für ein Definitivum
1180 3751 2178 3809 Konkurrenz. Ich bin sonst kein Freund der Ein¬
184 3790 1170 3837 mit Thimig. Danken wir Gott, daß wir einen
2285 3777 3168 3844 Ich glaube, man sollte Thimig halten.
1177 3793 2172 3848 mengung in Personalfragen. Aber dem Burg¬
182 3836 1023 3901 solchen Mann für das Burgtheater besitzen.
2184 3820 3174 3885 Jedenfalls sollte man alles daraufhin versuchen.
1186 3826 2169 3888 theater gegenüber, das uns allen als eine Kostbar¬
2180 3872 3185 3923 Er hat — obgleich er nicht die Unterstützung hatte,
1177 3880 2167 3932 keit sonderart, als ein Heiligtum bedeutet, darf
2182 3925 3170 3972 die die Regisseure von ehedem: Sonnenthal, Hart¬
1173 3920 2175 3975 man wohl, wenn auch als Außenstehender, seine
254 3894 1091 4006 Dr. Anton Bettelheim,
2186 3956 3181 4021 mann, Lewinsky, Gabillon 2c. dem Direktor, oder,
1181 3966 2176 4023 bescheidene Stimme erheben und da kann man wohl
484 3980 871 4066 Schriftsteller.
2179 3999 3174 4056 zu einer anderen Zeit, die Kollegen dem Bühnen¬
1181 4014 2168 4071 nicht anders, als an der Hand der Chronik, für
2177 4043 3184 4098 leiter Sonnenthal zuteil werden ließen — das
1180 4045 2185 4104 die Berufung eines Theoretikers, das heißt, eines
281 4027 1178 4111 Die Frage, die Sie heute aufwerfen, brachte
1175 4084 3185 4146 Schriftstellers von Namen und Rang, eintreten. Amt mit großem Geschick, Glück und Erfolg
173 4109 1171 4159 bereits vor einem Vierteljahrhundert Wilbrandt,
1167 4131 3088 4193 Man soll die Theoretiker nicht beiseite schieben, geführt: er ist rüstig und arbeitsfroh. Kurz,
177 4146 1170 4210 der bei seinem Rücktritt um Auskunft für den be¬
