3436 4384
1945 164 2101 241 — —
176 233 1644 320 1. Miscellaneous box 41/5
2433 1097 2920 1161 „u werden tonsen.
1434 1144 2920 1225 he Wilts as erhob sich die Frage, ob diese Auszahlungen auch noch erfolgen
443 1172 1676 1251 voll schutzzöllnerischer Tatsachen paßte die Meistbegünstigung
1690 1200 2917 1249 sollen, wenn der Beamte vermißt oder gefangen ist. Die Staats¬
443 1223 1688 1286 ungesähr ebensogut, wie das Gebot „Liebet eure Feinde“ ins
1690 1236 2916 1298 regierung hat Vorsorge getroffen, daß auch in solchen Fällen
452 1274 1685 1358 Toben der Feldschlacht. Im einzelnen führte Samassa noch
1690 1273 2922 1349 an die Ehefrau und die im Haushalt unterhaltenen Nachkommen die
1681 1322 2792 1387 bisherigen Bezüge bis auf weiteres fortgezahlt werden.
456 1325 787 1395 folgendes aus:
665 1382 741 1442 GN
448 1382 589 1449 e
1693 1438 2904 1505 daß die Höhe der Künstlerschaft nichts mit der hitzigen Verblendung
854 1443 1283 1542 Kultur —?
1689 1491 2912 1543 zu tun hat, zu der sich einzelne Künstler fremder Zunge im Kriege
500 1510 1684 1577 P. B. Ein Anonymus beschäftigt sich im Feuilleton der
1684 1533 2904 1588 fortreißen ließen, braucht doch wohl nicht noch einmal bewiesen zu
1682 1573 1869 1637 werden.
455 1571 1678 1624 „Deutschen Tageszeitung“ mit einem Protest Arthur Schnitz¬
442 1612 1684 1679 lers, der sich (im „Journal de Genéve“) „gegen ihm fälschlich in
1733 1602 2904 1669 Das ist das eine. Was hat Arthuc Schnitzler noch mehr getan? Er hat
446 1638 1682 1722 den Mund gelegte abfällige Aeußerungen über Meister der englischen,
1689 1646 2897 1709 seinen Einspruch von dem „sattsam bekannten Herrn Romain Rolland
454 1694 1616 1758 französischen, russischen und belgischen Literatur“ verwahrt hat.
1689 1699 2909 1745 bevorworten lassen". S##sattsam bekannt scheint dieser Romain
517 1722 1680 1786 „Der Einspruch des Herrn Schnitzler“ (so sagt die „Deutsche
1681 1740 2910 1786 Rolland dem Ankläger doch nicht zu sein. Sonst müßte er wissen,
453 1776 1686 1843 Tazeszeitung") „ist von dem sattsam bekannten Romain Rolland, der
1689 1779 2918 1837 daß Romain Rolland seinen ersten hitzigen Angriff, der die Antwort
444 1821 1688 1868 selbst Gerhart Hauptmanns ruhiges Blut zum Sieden gebracht
1685 1827 2908 1885 Gerhart Hauptmanns herausforderte, längst erheblich eingeschränkt
451 1861 1684 1917 hat, bevorwortet worden. Welche Rolle Herr Romain Rolland
1691 1868 2902 1927 hat, so erheblich, daß er nun schon von französischen Zeitungen
451 1903 1684 1970 in dem europäischen Geisterzwist spielt, weiß Herr Arthur
1680 1894 2906 1958 wegen seiner deutschfreundlichen Gesinnung beschimpft wird. Wenn
443 1939 1694 2024 Schnitzler natürlich ganz genau; daß er sich trotzdem
1702 1952 2907 2007 er Schnitzlers Einspruch „bevorwortet“ (ist das wirklich deutsch?),
439 1972 1696 2036 unter seine Führung und Leitung begibt, ist eine Hand¬
1944 1993 2913 2054 wohl nichts anderes, als was jeder an¬
442 2027 1681 2080 lungsweise, für die es eine sehr bündige allerdings
1686 2031 2915 2089 ständikensch tun wird, der einem anderen öffentlich
443 2065 1685 2117 fremdländische Bezeichnung gibt. Welche Wirkungen
1693 2068 2907 2132 Unrecht getan hat: er gesteht seinen Irrtum ein und gibt dem fälsch¬
445 2102 1687 2177 solche Schnitzler=Erklärungen in dem uns feindlich gesinnten Ausland
1680 2114 2231 2184 lich Beschuldigten das Wort.
442 2146 1690 2217 machen müssen, liegt auf der Hand. Selbstverständlich werden sie
1731 2139 2936 2230 Wir vermögen hierin nichts Schlimmes zu sehen. Wir
443 2192 1691 2251 als Beweise für die innere Uneinigkeit der deutschen
1691 2187 2914 2252 beklagen und verachten die Schmähungen, zu denen sich an¬
445 2238 1687 2302 Geister ausgeschrien werden. Von diesen Schnitzler u. Co., die sich
1688 2246 2908 2304 gssehene Schriftsteller des Auslandes gegen Deutschland hin¬
445 2276 1690 2338 selbst bescheiden stets „die besten Geister“ nennen, verschweigt die
1691 2275 2911 2342 reißen ließen, weil sie entweder den Lügenberichten ihres eigenen
455 2310 1688 2377 freundschaftlich dienende Presse ja immer, daß
1697 2323 2908 2385 Landes zu sehr vertrauten oder in greisenhafter Schwäche ihre
453 2354 1685 2440 sie nur im geographisch=politischen Sinne deutsch
1686 2371 2924 2427 Ueberzeugungen dem Rausch der Stunde zum Opfer brochten —
1692 2409 2909 2467 aber wir sind nicht der Meinung, daß es von besonderer Kultur
442 2406 636 2482 sind.“
499 2431 1683 2495 Dies ist also der Ton, in dem zur Zeit des Burgfriedens in einer
1695 2456 2924 2508 zeugt, diese Schmähungen mit Schimpfworten zu erwidern. Deutsche
446 2479 1685 2546 deutschen Zeitung von einem angesehenen österreichischen Dichter ge¬
1684 2488 2913 2550 Künstler, Dichter und Gelehrte haben sich (mit ganz wenigen Aus¬
443 2529 1681 2581 gesprochen wird, weil er ein Stammesgenosse jener dem großen Un¬
1692 2533 2909 2591 nahmen) von solcher Schimpferei ferngehalten; das darf uns mit
1686 2573 2912 2631 Stolz erküllen, denn sie haben dadurch gezeigt, daß ihr vaterlän¬
448 2571 1680 2617 bekannten so verhaßten Männer ist, die „nur im geographisch=politi¬
443 2623 1685 2674 schen Sinne deutsch sind" —! Daß viele Tausende dieser Männer
1687 2623 2917 2680 disches Gefühl keiner chauvinistischen Erhitzung bedarf, und daß
1682 2659 2908 2723 sie jene Kultur im innersten Herzen besitzen, die andere so gern im
455 2655 1688 2723 zurzeit für Deutschland im Felde stehen, daß viele von ihnen für das
1697 2694 1999 2758 Munde führen.
453 2700 1689 2755 Land, dem sie nur „im geographisch=politischen Sinne“ angehören,
445 2745 1690 2803 gestorben sind, macht dem Anonymus nichts aus. Er ist sogar so
1734 2733 2902 2806 Deshalb scheint uns auch die Auffassung, die sich in dem Angriff
450 2785 1685 2847 naiv. die Besorgnis auszusprechen, daß Schnitzlers Erklärung in
1690 2774 2923 2844 der „Deutschen Tageszeitung“ gegen Schnitzler zu erkennen gibt,
448 2820 1686 2881 dem uns feindlich gesinnten Ausland als Beweis für die „innere
1685 2834 2905 2895 ein Beispiel von besonderer Kulturhöhe nicht zu sein. Sie ist
453 2867 1680 2928 Uneinigkeit der deutschen Geister ausgeschrien“ werden könne, und
1689 2870 2906 2934 ungerecht in der Begründung, verletzend im Ausdruck. Sie ist aber
1683 2900 2918 2980 aus diesem Grunde auch interessant genug, um notiert zu wer¬
444 2907 1683 2983 übersieht dabei ganz, daß er selbst gerade durch seinen Angriff einen
1697 2951 2908 3006 den: schon als eine Hindeutung auf die Stelle, von der aus allein
451 2959 1353 3010 Beweis für diese innere Uneinigkeit herbeiträgt.
1696 2988 2916 3052 in diesen ernsten Tagen immer wieder der Versuch gemacht wird,
513 2984 1691 3051 Und wie sicht des Verbrechen aus, das einen so überheblichen Ton
1690 3041 2916 3089 den inneren Frieden zu stören, den sonst alle Parteien taktvoll auf¬
447 3033 1692 3107 gegen Arthur Schnikzler, einen Mann von literarischer Geltung und
1692 3080 2918 3148 rechterhalten, und den auch der politische Teil der „Deutschen
445 3079 1680 3143 untadeligem Charakter, rechtfertigen soll? Schnitzler hat nichts
1697 3118 2367 3181 Tageszeitung“ bisher respektiert hat.
443 3121 1688 3186 weiter getan, als daß er gegen die Verfälschung seiner Worte
459 3169 1695 3222 Protest erhebt an der Stelle, wo diese Verfälschung ausgesprochen
1728 3191 2908 3255 x Wissenschaftliche Nachrichten. Geheimrat Professor Dr.
461 3196 1697 3258 wurde. Er hat nicht einmal gesagt, daß er die Meister, die er ab¬
1692 3240 2915 3302 Eduard MNeyer, der berühmte Geschichtsschreiber des Altertums!
458 3241 1693 3300 fällig beurteilt haben soll, wirklich für Meister halte“ obwohl in
462 3270 2939 3355 dieser Ansicht wahrlich nichts Unpatriotisches zu finden wäre! Denn! und Professor an der Berliner Universität, vollendet am
2965 1089 3378 1184 elegrämm
2940 1182 3359 1262 Da in Nordfrankrei
2905 1228 3345 1308 unausgedroschen
2904 1285 3345 1340 Militärverwaltung die
2903 1325 3359 1395 Ausdreschen in die Weg
2908 1448 3318 1510 kommenden Montag
2900 1483 3350 1550 [Freiherr Marsch
2910 1536 3356 1594 Professor der Jurispruch
2904 1579 3348 1632 Ruf als ordentlicher P
2901 1621 3354 1674 Gelehrte war, wie uns
2905 1653 3349 1720 offizier schwer verwund
2903 1694 3331 1746 Wie die „Neue Freie
2912 1735 3347 1795 Philologie an der Wi
2901 1779 3357 1837 iper, Mitglied der Wit
2907 1822 3345 1882 folge eines Gehirnschlag
2907 1858 3357 1915 der königlichen Hochschu
2907 1909 3348 1958 einen Vortrag über das
2902 1951 3340 2016 als Predigt vom
2941 2116 3340 2211 zwischen dem
3090 2180 3329 2268 und der
3180 2251 3297 2311 Unter
3234 2260 3314 2382 145
2996 2497 3240 2576 Relson:
3004 2553 3285 2633 Bismarck:
3008 2610 3250 2671 Nelsoa:
3003 2648 3358 2731 Bismarck: Tra
3003 2711 3233 2797 Nelson:
2986 2799 3353 2894 Bismarck: So#
3240 2865 3352 2934 nehn
2989 2918 3222 3002 Relson:
3244 2973 3349 3035 Uns
3000 3051 3346 3139 Bismarck: Und
3040 3117 3349 3195 Undch das
3053 3181 3335 3261 fuhr weiß
