3436 4384
281 282 332 349 M
1105 275 1563 379 box 41/5
127 287 957 398 1 iscellaneous
453 955 726 1030 — Gus.
708 1016 1276 1108 Abaes Wiedel Jeuraal, Wier
296 1045 456 1114 vom
491 1076 696 1149 ASI
752 1083 872 1170 #
489 1092 773 1176 e
374 1177 1220 1294 Tagesnenigkeiten.
175 1334 1487 1462 Artur Schnitzter über den Krieg.
254 1446 1340 1525 Brief an einen Schulfreund in New=York.
277 1509 1458 1559 Artur Schnitzler hat an einen in New York lebenden!
163 1539 1466 1612 Schulfreund nachstehendes Schreiben gerichtet: „Aus Deinemsa
164 1602 1475 1659 lieben Brief ersehe ich, daß Du Dir Sorgen machst um meinesk
172 1646 1471 1715 und meiner Familie Sicherheit, ja es scheint als zagtest undid
166 1694 1429 1768 fürchtetest Du für Dein altes Vaterland, für ganz Oesterreich¬
178 1748 1447 1795 Ungarn. Darüber kann ich Dich nun enschieden beruhigen. Es
176 1795 1464 1850 geht alles seinen gewohnten Gang und wir sehenr
163 1835 1471 1890 der Zukunft mit der vollsten Ruye und Zuversichtse
173 1882 1472 1953 entgegen Freilich, die Not unier den Arbeitslosen istsr¬
169 1939 1441 1998 groß, aber es sind bereits Wohltätigkeitsorganisationen von
175 1989 1431 2043 so großem Maßstab in Angriff genommen worden, daß auch
170 2038 1421 2094 da bald Linderung gebracht werden dürfte Daß man bei euch
164 2083 1418 2136 drüben den unglaublichsten Gerüchten Glauben schenkte, ist nicht
163 2131 1428 2190 zu verwundern; denn es ist wohl noch niemals ein Lügengewebe
164 2181 1444 2249 von so gigantischem Umsang in die Welt gesetzt worden, wie bei
166 2220 1438 2285 Ausbruch dieses Krieges, und zwar nicht bloß von seiten unserer
163 2276 1416 2327 Feinde was ja zu erklären wäre, sondern auch von seiten der
174 2317 1420 2387 sogenannien Neutialen. Das Gesühl des Rechtes hat wohl sellen
164 2373 1342 2431 in der Geschichte so schöne Blüten getrieben wie gegenwärtig
165 2418 1434 2495 Deutschland und Oesterreich=Ungarn. Es ist überflüssig, Dir
166 2470 1435 2542 Neuigkeiten vom Kriegsschauplatz zu schicken, da sie ja beim
167 2511 1439 2597 Empfang dieses schon von anderen Nachrichten überholt sein
165 2551 343 2636 dürshn.
290 2604 1444 2670 Als es los ging. befand ich mich mit den Meinen im
167 2657 1455 2699 Engadin Die ganze Welt schien verrückt geworden zu ein Ver¬i
164 2704 1456 2768 schwinden des Hartgeldes, Schließung von Banken, Einstellung!
164 2749 1446 2816 des Eisenbahnverkehrs, wilde Gerüchte über Durchmärsche feind¬
174 2798 1451 2865 licher Truppen usw. waren an der Tagesordnung. Nach vielen
243 2857 1447 2922 selbstverständlichen — Mißhelligkeiten und Verzögerungen
171 2891 1430 2962 kamen wir nach Wien zurück. Es ist selbstverständlich, daß jeder
167 2945 1415 3004 einzelne in irgendwelcher Art etwas für sein Vaterland zu tun
159 2994 1418 3061 bereit ist, aber all das verschwindet in dem ungeheuren Wirbel
160 3038 1419 3111 der über Europa fegi, selbst die Taten von Helden, die wir auch
174 3094 1449 3158 an unseren Gegnern bewundern müssen Es wird wohl erst unseren
159 3131 1415 3184 Nachfahren überlassen bleiben, nachdem der politische Schleier.
164 3178 1412 3232 der uns umgab, zeirissen ist. ein klares Bild zu gewinnen.
167 3226 1426 3299 wenn nicht mehr, wie jetzt, das Stöhnen der Schlachtirlder an
162 3282 1415 3343 unsere Ohren klingt, und wenn der größte Richter, die Zeit, die
167 3327 808 3399 Geschichte dieser Peroode schreibt.
272 3350 1416 3459 Mit vielen Grüßen an Dich und die Deinen Dein Artur.“
939 3446 1458 3559 „ „
1711 1266 2140 1360 Ausschnitt aus:
2137 1286 2721 1383 abae Klodes Jbarnal, Wien
1722 1348 2365 1445 vom: 20. HUVTHEE9 191
1615 1500 2878 1610 Ein Brief von Artur Schnitzler.
1725 1583 2874 1671 Wir haben kürzlich einen aus deutschemerikantschen Blättern
1621 1629 2880 1717 hier bekanntgewordenen Brief veröffentlicht, den Artur Schnitzler
1623 1707 2886 1775 an einen in Amerika lebenden Schulfreund richtete. Mit Bezun
1620 1755 2889 1836 auf diese Veröffentlichung sendet uns uun Herr Dr. Arlo¬
1616 1802 2230 1881 Schnitzler folgendes Schreiben:
1837 1850 2540 1923 Sehr verehrter Herr Chefredakteur!
1722 1910 2871 1970 Ich werde darauf aufmerksam gemacht, daß in Ihrem
1601 1966 2876 2026 geschätzten Blatt (vom 17. d.) ein Brief von mir an einen
1617 2013 2871 2074 Schulfreund in Amerika abgedruckt ist. Nun stimmt es allerdings,
1617 2061 2874 2123 daß ich an einen lieben alten Freund in New=York, den ich
1618 2107 2886 2159 seit Jahrzehnten nicht gesehen und gesprochen habe, einen
1615 2152 2877 2210 Brief richtete; der Brief aber, den ich eben im „Neuen Wiener
1612 2211 2876 2272 Journal“ lese und der offenbar aus irgenderner amerikanischen
1607 2251 2889 2309 Zeitung übernommen ist, enthält auch nicht einen Satz, der von
1622 2297 2882 2357 mir versaßt worden wäre. Das Ganze liest sich etwa so, als
1615 2347 2880 2397 wenn mein Otiginalschreiben zuerst ins Englische und dann wieder
1620 2391 2879 2454 ins Deutsche zurückübersetzt worden wäre, beide Male mit einem
1617 2451 2879 2508 solchen Mangel an Sorgfalt, daß nicht nur der ursprüngliche
1616 2501 2883 2556 Wortlaut, sondern an manchen Stellen auch der Sinn, wenn
1621 2544 2882 2611 nicht geradezu ins Gegenteil verkehrt, doch erheblich ver¬
1617 2593 2884 2656 ändert erscheint. Da ich, auch während des Welt¬
1623 2635 2884 2695 krieges, bei den zahlreichen Lesern Ihres geschätzten Blattes
1626 2683 2879 2725 nicht in den Verdacht kommen möchte, mich gegen den
2417 2721 2889 2799 und wäre es auch nur
1618 2728 2419 2781 Geist meiner deutschen Muttersprache —
1618 2771 2871 2828 in einem Privatbrief an einen Schulfreund in Amerika — ver¬
1613 2818 2880 2894 gangen zu haben, so ersuche ich Sie, sehr geehrter Herr Chef¬
1617 2875 2892 2930 bredakteur, höflichst diesen Zeilen an gleicher Stelle, wo die von
1623 2924 2889 2992 Ihnen, selbstverständlich im besten Glauben, übernommene durch¬
1612 2969 2882 3030 aus willkürliche Variation eines zur Veröffentlichung nie be¬
1617 3010 2884 3093 stimmt gewesenen Brieses erschienen ist, gütigst wortgetreue Auf¬
1625 3068 2031 3137 nahme zu gewähren.
1919 3119 2517 3189 Mit vorzüglicher Hochachtung
2086 3176 2383 3257 Ihr ergebener
2253 3213 2906 3338 Artur Schnitzler.
