3436 4384
2555 68 3001 162 hn e
417 91 2133 175 eereenenmenssenstenenghesengenenetnnnnhnnnn. I. e deie enee un
355 137 1732 194 bune du Reichstag et de la Chambre des  fois par des coups!
2113 137 3001 204 e monétaires, abstrakte Rechenpsennige, in¬
357 180 3025 229 deputés de Prusse, ni des articles de la Ou'on ne vienne pas nous dire que cettej v capables d’une modulation, d’une progres¬
2124 222 3031 294 esion, d’une liaison entre eux. Le peuple
354 229 2141 311 presse oflicieuse de Berlin et de ses succé application inintelligente des lois de In
2122 271 3023 336 4qui parle une telle langue ne peut connaf¬
350 273 2135 346 danés chargés d’entretenir l’ardeur belli- chimie à l’ordre social, que ce réalisme
360 315 1250 362 queuse partout, chaque jour se renouvel¬
2131 311 3013 387 ##ire les degrés de la compréhension; le gé¬
1236 326 2137 382 violent opposé à l’idee que la plupart des
356 352 1250 413 lent et se moltiplient, mème dans les mi¬
1237 364 3025 440 peuples se font du droit comme d’une cho-jChie meme ne trouve pas en elle un organe
362 392 1246 452 lienx indépendante, les manifestations in¬
1240 413 3014 463 se anlérteure et subérieure à la force, ques“ lui permettant de créer du nouveau! la
345 449 1249 502 tellectuelles qui relévent de la mentalité du
2124 452 3021 514 médiocrité est de rigueur!) Ces derniers
1241 440 2141 513 cette philosophie scientiliquement brutale
357 489 1251 562 trop fameux manifeste des quatre vingt¬
2117 481 3018 556 mots sont en français dans le texte, pour
1241 500 2131 557 fait hausser les épaules, que les esprits in¬
358 524 544 593 treize!
1234 538 3022 604 dépendants et élevés se refusent à l’accep-Iplus de clarté sans doute, au beau milieu de
393 554 1244 630 J'ai là sur ma fable tout un tas de publi¬
2120 573 3020 664 res mots allemands quf font fant penser
1234 583 2131 640 ter, qu'ils la combattent meme! Ces abo¬
348 612 1258 672 cations, livres et brochures, plus effarantes
1241 621 2519 696 minables sophismes sont si dangereux et#i M. Chamberlain!
2176 653 3014 740 0 Molière] Ame du rire, source inépulsa¬
348 663 2140 735 les unes que les autres. Pour quatre ou cind çaptieux sous la forme peeudo scientißque!
349 701 1259 761 jeunes écrivains qui désapprouvent lesthéo¬
1242 723 3019 773 dont on les revét, que mneme hors d’Alle-1bie de gaité, refuge du clair bon sens fran¬
2117 757 3007 827 çais, aurais-tu imaginé que la folie des Va¬
338 755 2125 829 ries de l’impérialisme ou qui exhalent la magne ils ont contaminé certains esprits
2115 800 2959 844 dius et des Trissotin püt aller jusque-la!
343 799 2124 859 plainte de lhumanité blessée et souffrante, faibles et obscurci, jusque dans T’enseigne¬
2144 826 3022 912 Mais voici le comble! Partant de ces mi¬
347 838 2125 929 ily en a vingt, il ven a trente autres chez ment universitaire, la claire notion antique
337 880 1493 960 qui le délire guerrier s’exalte en des récits du droit!
2108 894 3016 947 rihques prémisses, M. Chamberlain conclut!
349 926 1253 975 on n’entre aucun sentiment humain. Sou¬
1280 928 3012 988 Mais ces sophismes ne sont rien aupré:lequ’iln’y a pas de devoir plus important,
348 968 3012 1033 venirs de la campagne rédigés par des offi: de ceux qui fourmillent dans les Pages dele plus impérieux — aujourd’hui ou demain,
341 1001 3012 1072 ciers, recueils de correspondances des jouf- guerre (Kriegsaujsdtze), de M. Houston Ste-]“peu importe! — que d’imposer au monde
347 1067 3012 1123 nalistes allemands ayant suivi de près ou wart Chamberlain Cet écrivain n’est pasi# la langue allemande, die deutsche Sprache
347 1103 3012 1155 de loin les opérations, chaque semaine volt le premier venu. C’est un personnage écou-j“der Welt aufzuneingen... Le devoir de tout
340 1149 1247 1199 surgir un nouveau volume, J'en ai lu quel.
1242 1156 3006 1219 té. II se flatte et se vante d’avoir la con- Allemand ou qu’il se trouve, à tout ins
348 1189 1252 1249 ques uns Oa ne peut rien imaginer de plus
1240 1187 3018 1260 flance de Guillaume II II est l’auteur delstant, est de forcer les autres à parler saf
348 1234 1245 1294 sauvage. C’est à ce point que l’autorité mi¬
1244 1227 3015 1299 cet ouvrage considérable les Assises dulv langue, jusqu'à ce que celle-ci triomphe!
347 1272 3012 1328 litaire allemande a dü intervenir à diverses XIXe giecle. dont on a beaucoup parlé dans j° partout comme avec ses armes, T’armée
2120 1318 3007 1388 edu peuple allemand I.,, II faut apprendre
335 1321 2126 1381 reprises pour remettre au point certains ces derniers temps, et dans lequel, sous
2122 1375 3002 1425 aux gens que celui qui ne sait pas l'alle¬
340 1377 2124 1432 récits par trop audacieusement infideles ou les apparences d’une sorte de philosophie
344 1403 798 1482 meme mensongers!
2129 1418 3003 1490 mand est un paria L’allemand doit de¬
1232 1423 2119 1479 de l’histoire, il exalte avec une sorte de
392 1435 1236 1509 Je signalerai notamment certaine Con¬
2128 1457 2763 1520 Vvenir la langue universelle!)
1239 1474 2116 1522 mysticisme sectaire les réves les plus or¬
345 1483 1255 1559 quste de la Belgique en 1814, (die Eroberung
2142 1489 3009 1561 Ce sont là, dica-t on, de folles aberrations
1238 1512 2118 1572 gueilleux du pangermanisme. En quelques
2118 1529 3015 1623 d’un esprit dévoyé! D’accord! Mais c’est
337 1556 2121 1608 Belgiens ror4) par le major von Strantz, qui années ce livre, ou il est démontré avec
344 1593 3016 1654 fourmille de telles monstrueuses contre-vé- force sophismes historiques, ethnographi-Javec des aberrations du méme genre qu'on
337 1626 3011 1676 rités, semences de haine, que la Komman- ques et esthétiques qu’il y adans le monde Ihous a menés ou nous sommes! Avant lal
336 1676 3008 1729 datur de Louvain a dü protester et réta- une race supérieure, une race élue, desti-scatastrophe, nous considérions aussi comme
349 1719 3010 1761 blir les fnits inexactement rapportés (2). néeaux plus hautes missions civilisatrices Ides aberrations les frénétiques sophismes
341 1755 3009 1803 Dans ie mème genre, je citerai cncore le et à lhegemonie du monde; le Gomein, cesde Teitschke, des von Bernbardi, des Tro¬
334 1803 3012 1889 Fahnenträger von Verdun (le Porte-élendard livre a atteint plus de dix éditions et il albenius, etc. C’est de ces aberrations qu'est
340 1849 2717 1928 de Verdun) récits de la guerre. réunis pour été traduit en plusieurs langues (françaiset faite in réalité du moment!
351 1890 1460 1949 la jeunesse müre (reisere Jugend), par K. anglais).
2147 1877 3017 1945 Mienx encore: les hommes d’action, —les
348 1935 1269 1995 Fr. Stauffer. Ce livre a soulevé de vives
1257 1930 3008 1997 Depuis que la guerre a éclaté, M. H.-S.seuls qui comptent, — ne nous ont pas ca¬
2107 1981 2998 2037 ché leur opinion au sujet des réves des pa¬
340 1984 2125 2044 protestations de la part méme des autorités Chamberlain publie ses réflexions sur les
2110 2029 3007 2089 cifistes, des aspirations humanitaires aux¬
339 2022 2117 2087 ecclésiastiques allemandes, en raison du événements en de petits fascicules intitulés:
2113 2055 3020 2141 quelles les nations civilisées ont cherché àl
340 2063 2112 2144 role qu'on yattribue aux prètres catholl- Kyiegsaufsätze (Pages de guerre) Cela se
341 2119 3016 2166 ques de Belgique et de France dans les vend à des milliers d’exemplaires, On y lit donner un semblant de réalisation ensi¬
347 2159 3008 2207 prétendues atrocités des civils et des francs; des choses qui font douter de la solidité du gnant les malheureuses conventions de la
344 2203 546 2281 tireurs
2101 2204 3012 2263 Haye. On s’en gausse, en s’en moque!
1230 2213 1640 2277 bon sens-humain:
376 2223 1247 2300 Malheureusement, ces rectifications et ces
2105 2255 3019 2311 Quant aux regrets poétiques, aux soupirs
1256 2250 2114 2315 Dans toute l'’Allemagne —et M. Chamber¬
345 2290 1239 2344 protestations par li voie des journaux quo¬
2103 2289 3017 2365 (douloureux que la guerre inspire aux jen¬
1239 2304 2126 2365 lain assurel’avoir parcourue et interrogée
352 2333 1246 2382 tidiens s’effacent et disparaiss ut vite: les
1236 2327 3010 2402 dans tous les sens — au cours de ces qua-(nes écrivains dont on nous entretient, ceit
329 2382 1243 2445 livres restent et le venin qu „Is distillent
1231 2373 3026 2449 rante-trois dernières années, il n’a pas vécn sont à leurs yeux des fadaises sentimenta¬
340 2425 1234 2488 continue de propager l’intoxication de l’es¬
1230 2425 3001 2485 un homme, — non pas un senl! — quiedt les dont onne peut que rire! N’oublionat
343 2463 1247 2546 prit public contre lequel nous voulons tous
1243 2472 3004 2518 vonlu la guerre! Celui qui dit le contraire pas que toute l'Allemagne en armes a dans#
1244 2511 2022 2576 ment eciemment ou inconsciemment!
341 2502 531 2571 lutter.
2091 2514 3004 2583 les mains le fameux breviaire du parfaiti
384 2532 1255 2608 Voici une brochure d’un médecin berli¬
2089 2546 3003 2602 guerrier allemand, ce Kriegsgebrauch ims
1263 2555 1499 2627 Et ceci:
333 2589 1261 2649 nois, le Dr Magaus Hirschfeld: Warum
1253 2595 3008 2668 IIn’ya pas de parti de la guerre en Alle Candeserteg on il est recommandé autori¬
338 2652 2916 2691 hassen uns die Völker? (Pourquot 7es per magne. C’ist là une invention mensongèr, itativement à chacun de ne pas prêter
2089 2696 3003 2757 reille aux suggestions sentimentales des ré¬
338 2689 1510 2753 dles nous haissent !) Le titre m’avait attiré: du Times!
2110 2731 2571 2790 veurs Humanitaires.
346 2737 1260 2791 il semblait annoncer une sorte d’examen de
1259 2737 2126 2817 C’est encore mentir que de représenter
2134 2755 3001 2841 Cen farouches enseignements, il ne faut
340 2775 1257 2840 conscience, il promettait une enquéte mo¬
342 2813 2126 2866 rale. Point! La brochure du Dr Magnus I'Allemagne comme un Hays militaire; elle
2109 2813 3006 2882 pas qul'on les oublie ou qu'on les passe 1
343 2856 2108 2929 Hirschfeld est une nouvelle et folle exalta- de l’est pas et la preuve, ec’est que sur
2105 2853 3009 2916 sous silence: il faut au contraire que noust
345 2903 2100 2969 tion du germanisme et de la Kullur. Avec deux officiers, l’un est professeur, négo¬
2100 2901 3000 2961 les ayors toujours présents à l’esprit afink
344 2933 1660 2997 une sorte d’orguell, l’auteur constate que ciant ou avorat !.
2093 2945 3004 3015 d’en entretenir plus vivace le mépris et
342 2991 3000 3057 les Allemands ont contre eux la moitié des En bonne logique, c’est àla conclusion l’horreur dans la conscience de l’humanité!
344 3045 3008 3092 habitants de la terre: Die Hälfte der Erdbe- opposée qu’il faudrait plutôt aboutir après Le jour od l’abominable erreur germani¬
347 3079 2998 3155 wohner siehl gegen uns ! Un esprit libre et cette constatation; mais les exigences de la que aura été publiquement, unanimement,
340 3145 3005 3191 impartial, devant une pareille hostilité, au- logique n’embarrassent pas plus M. Cham: solennellement abjurée, en fait et en prin¬
332 3157 3013 3230 raitcberché à saisir cequi, dans la politi berlain que celles de la véracité. Après Lou- cipe, mais alors seulement, il sera temps de
334 3211 3005 3283 que de l’Allemagoe, dans les gestes, dans vain, Dinant, Reims, Soissons, Andenne, laisser se méler à nos justes rancunes le cri
335 3264 3002 3320 les attirudes ou dans les idecs des Alle. Arras, il ose écrire que eles soldats alle de douleur des ämes nobles de la-bas, vic¬
344 3311 3002 3369 mands, a déchainé contre eux une animad- e mands, les plus disciplinés du monde, times e des mauvais bergers qui les ont
2107 3349 3004 3399 Ccontraintes au meurtre et à la déraison ##.
343 3339 2124 3416 version si générale. Cette recherche n'a pas en'ont jamais touché un cheven des habi¬
342 3388 2133 3442 un seul instant précccupéle Dr Hirschfeld. #tants paisibles et innocents.,, Les officiers
2351 3393 2822 3448 Maurice KUFFERATH,
2205 3418 2963 3513 de l'Académie royale de Belgique.
338 3439 2119 3496 Ilse borne à affirmer que si les Allemands ese sont toujours préoccupés de sauvegar¬
331 3477 2135 3538 sont détestés, ce n’est pas de leur faute, eder les ceuvres d’art et les collections
370 3522 2131 3585 P'est la faute à ela prosse du Capitalisme escientifiques!9 (sic). Ce sont les soldats
2133 3530 3004 3623 M Romain Rolland, anquel nous avons
335 3563 2139 3636 Vanglo-français, qui de temps immémorial français, russes et anglais qui sont animés
338 3593 2881 3665 Wles calomnie 19  Des avant la guerre, ed’ude aveugle nassion de destruction, qut communiqué cette letre, nous écrit:
2162 3624 3000 3704 Je me permettral de remarquer que
334 3662 2121 3722 econstate-t-il encore, on novs halssait, non #leur aété insulllée par une longue série de
2098 3682 3012 3765 l’interessante lettre de M. Kufferath #’est
351 3698 1857 3759 # pas à cause de nos Jaiblesses, mais à cause e mensonges systématiques!.
335 3742 2877 3796 ade notre /orce! Ce ne sont pis ses délauts. Pour M. Chamberlain, le roi Edouard VII das du kont une véponse à mes arlicles.
334 3764 2992 3842 ecesont ses qualités qui ont rendu l’Al’e- était eun intriganto, le roi George V est  Ma thèe (exprimée notamment dans
341 3823 2999 3878 mand haissable1, Je traduis textuelle- une sorte d’illettré, equi avouait, ilyaquel- Lilleralure de guerre), c’est qu'il y a une
332 3855 3000 3921 mnent. Partout le Dr Hirschfeld ne découvre eques années encore, n'avoir jamais entendu Jeune Allemagne, ennemie de l’impérialis¬
345 3914 3003 3964 que sentiments de jalousie, de basse envie! e parler de Gethe et ne pas savoirqui c’é- me, du pangermanisme, des Ostwald, des
1211 3965 3002 4017 etait. e L-s Anglais sont des butors sans Chamberlain, de tous les vienx pontifes de
336 3964 1230 4025 Tous les peuples mentent, ignorent, se lais
335 3999 2996 4067 sent gruger! Sculs, les Allemands sont par- culture, qui ne savent méme pas parler cor: Thégémonie intellectuelle et wilitaire du
1205 4028 2986 4107 lectement leut langue et dent ela valeur monisme imperial. — La-dessus, M. Kuf
342 4046 809 4120 taits et intangibles!
384 4086 3002 4149 Ainsi les phénomenes les plus évidents, ecombative depend de trois B. — Becj, terath tnt de nouveau comparaitre Ost¬
343 4126 3002 4183 les faits les plus incontestables oui incite- & Bier und Beft, viande biere et ist. Le wald et Chamberlain Mais la causersten¬
