3436 4384
922 394 971 440 18
168 379 1013 476 I —
174 690 957 778 von Anbetern des goldenen Kalbes
145 747 635 824 n des roten Terrors.
151 808 952 877 ntisemitismus ist der heilige Krieg
136 872 945 942 Höhnung und Verspottung des christ¬
170 931 942 1003 bens, seiner Religionsbekenntnisse,
207 986 951 1061 und Gebräuche, er ist der Schirm
223 1052 954 1107 für die pflichtdurchdrungenen und
188 1104 946 1173 n Gottesdiener, die in ihrer hohen
168 1158 935 1232 eit unablässig von jener frechen Pro¬
163 1216 943 1283 erhöhnt und verleumdet werden, dem
148 1281 947 1361 haß oberstes Nationalgebot
154 1335 945 1410 Antisemitismus ist der Kampf fürs
162 1403 941 1464 id, er ist die opferwillige Hingebung
149 1463 941 1534 ung und Stärkung der Wehrmacht
159 1515 947 1591 ist der Antisemitismus der unbeug¬
162 1580 942 1639 lle, die Armee geschützt zu
162 1634 942 1706 egen alle Beleidigungen, sie
146 1689 939 1759 alten zu sehen von Elemen¬
147 1748 943 1820 hrer Stammeseigenheit we¬
163 1809 952 1874 hig sind, den Pflichtenkreis
163 1867 951 1938 Begriff der Offiziersehre zu
178 1934 941 2005 Der Antisemitismus fordert die
165 1983 950 2057 Niederschlagung aller hinter¬
164 2050 946 2117 he, die eiserne Disziplin in der Armee
157 2117 941 2178 aben und die Autorität der Befehls¬
168 2157 354 2234 hmälern.
159 2217 944 2304 ntisemitismus ist die unbedingle
154 2290 948 2347 jeue, er atmet helle Begeisterung und
150 2340 939 2417 Verehrung für den ehrwürdigen Träger
175 2399 941 2473 der Antisemitismus verab¬
164 2442 944 2531 de Gemeinschaft mit fluch¬
162 2517 950 2581 n Elementen, welche die Ver¬
164 2574 940 2630 des Staates und die dem
162 2626 933 2701 en schuldige Ehrfurcht ver¬
162 2691 951 2757 en Patriotismus verhöhnen,
144 2751 945 2830 Antisemitismus gibt jederzeit freudig
142 2815 938 2888 Blut für seinen Golt, für seinen Kaiser
147 2867 441 2936 Vaterland.
152 2972 947 3065 Monarchie beim Tode ihres jetzigen
158 3046 940 3138 des ehrwürdigen Franz Joseph, zu¬
1168 371 1632 453 box 41/5
1272 607 1674 667 VooeSer.o.e-.
1054 695 1993 768 Der Antisemitismus mit seinem hehren posi¬
980 761 1992 813 tiven Inhalt, seinem reichen Besitz an den höchsten
973 817 2002 895 Gütern der Geistes= und Gefühlswelt ist aber
966 875 2007 946 auch eine aktive Macht; er ist die rastlose
971 936 1996 994 Bekämpfung jenes alles zersetzenden, alles
972 995 1984 1052 zerstörenden, alles verderbenden, alles entehren¬
967 1055 1990 1123 den, alles entheiligenden Pesthauches, der unheim¬
976 1112 1996 1179 lich um sich greifend, die arischen Völker zermürbt,
964 1178 1990 1233 erschlafft und betäubt, der das Gehör seiner
967 1228 1992 1288 Opfer stört, ihren Blick trübt, die Stimme des
975 1277 2003 1348 Gewissens erstickt — der Antisemitismus ist der
966 1344 1999 1418 einzige Schußdamm gegen den unheim¬
969 1401 1993 1458 lichen Rassentrieb, dem skrupelloser Gelderwerb
974 1464 1992 1529 und schrankenloser Genuß Zweck und Endziel
967 1520 2003 1593 sind, gegen jene lichtscheue Machenschaft, deren
977 1579 1994 1653 Weg durch die ungezählten täglich als ihre Opfer
974 1635 1993 1703 fallenden arischen Leichen schaudervoll schreckhaft
972 1695 1396 1774 gekennzeichnet wird.
1183 1781 1764 1856 3. Der furchtbare Feind.
1061 1871 1993 1929 Die Vernichtungsarbeit des internationalen
960 1921 1990 1990 Judentums, an der sich alle Angehörigen dieser
965 1997 1993 2065 Rasse solidarisch beteiligen, ist wahrhaft erschreckend.
1063 2051 1998 2103 Die Judenpresse, die die öffentliche Meinung
958 2108 1995 2169 verfälscht, die Wahrheit unterschlägt, von Staat
981 2159 1998 2227 und Privaten allerhand Tribut erpreßt, mit fal¬
977 2223 1933 2287 schen Nachtchten lukrative Geschäfte besorgt,
1069 2286 1992 2345 die jüdischen Arzte und Advokaten, die im
961 2346 1994 2406 Jammer der Menschheit und im gebeugten Rechte
960 2410 1999 2468 oder in dessen Verfolgung nur eigene Bereiche¬
962 2453 1252 2531 rung suchen,
1056 2515 1993 2582 die Juden, die Wissenschaft, Kunst, Literatur
973 2585 1984 2646 und Musik nach den Grundsätzen ihrer Geschäfts¬
961 2639 1388 2698 praxis ausbeuten, —
1059 2686 1982 2754 die Juden, die im Arzlestande und im Ad¬
962 2746 1997 2807 vokatenstande, im Professorenstande der Universität
962 2808 1983 2900 dominieren, die Juden Trebitsch, Schnitzler
936 2881 1983 2947 u a., die, getragen von einer jüdischen Reporter¬
967 2980 1987 3051 einen überaus wichtigen Faktor in der Situation
953 3033 1987 3122 nämlich den Thronerben Erzherzog Franz
960 3111 1994 3162 Ferdinand. Von allen Seiten wird zugegeben,
972 3153 1985 3209 daß er ein Rätsel sei, und bedenkliche Berichte
971 3208 1991 3275 über seinen Charakter sind eifrig in die Welt
970 3278 1980 3337 gesetzt worden. Aber hier bedürfen wieder die
961 3327 1985 3380 Motive, welche solche Berichte hervorrufen, einer
961 3384 1982 3446 Sichtung; und es gibt viele Gründe zu glauben,
971 3444 1985 3509 daß der zukünftige Kaiser und König ein würdiger
961 3499 1990 3569 Nachfolger seines Onkels sein werde. Alles spricht
963 3567 1983 3641 dafür, daß er zugleich Fähigkeiten und Selbstver¬
957 3618 1989 3690 trauen besitzt und ein Mann ist, der den vollen Wert
970 3687 1987 3743 von Schweigen und Reden kennt, der sich weder
965 3743 1982 3803 fürchtet Überzeugungen zu haben, noch danach
971 3795 1244 3863 zu handeln.
1052 3855 1986 3921 Spezieller Nachdruck wurde hier auf die
975 3916 1988 3984 Beziehungen Öfterreich=Ungarns zu Serbien und
962 3986 1978 4038 Rumänien gelegt, weil sie so oft von einer Dis¬
952 4025 1980 4126 kussion über den Gegenstand ausgeschlossen werden.
2022 703 3046 758 klique und einer korrupten Preisjury, das Burg¬
2013 767 3047 826 theater, das einst den Ruhm als erste deutsche
2021 819 2608 892 Bühnelgenoß, profanieren,
2106 878 3041 964 die Juden Mahler und Schalk, die
2020 954 3049 1005 daslbeste Kräfte=Ensemble der Hofoper zersprengt
2017 999 3063 1089 und den Weltruf dieses Kunstinstitutes geschmälert
2032 1060 2196 1132 haben,
2112 1135 3047 1200 die Juden Salten=Salzmann, Alten¬
2022 1188 3050 1241 berg, Roda=Rodausw., die unter der Schrei¬
2030 1255 3046 1308 reklame der „Konkordia“ mit ihrem platten Ge¬
2023 1302 3059 1394 schreibsel die besten Werke deutscher Männer
2030 1366 2667 1434 verdrängen und unterdrücken,
2115 1423 3044 1505 der Jude Friedjung, der aus den Ar¬
2030 1484 3044 1558 chiven des Hofes und des Staates freischöpfend
2025 1545 2467 1618 „Geschichte schreibt“.
2111 1609 3050 1683 die Juden,s die sich zu den Staatsämtern
2032 1675 3047 1733 herandrängen, die Juden, die sich in die Richter¬
2027 1730 2423 1806 gilde einschleichen,
2119 1791 3042 1858 der Jude Redel, der unter dem Schutze
2022 1865 3047 1951 des militärischen Ehrenkleides Kaiser und Reich
2024 1919 2192 1987 verrät,
2109 1973 3050 2062 der Jude Friedmann, der den deutschen
2017 2054 3040 2108 Nationalverband, dieser möge vor dem Edelvolke
2021 2106 3038 2178 deshalb erröten!, zwingt, seine schmutzigen Wahl¬
2025 2161 2467 2236 manöver zu decken,
2111 2222 3048 2289 die Juden Austerlitz, Adler, Verkauf,
2028 2289 3046 2355 Ellenbogen, Karpeles und wie sie sonst
2018 2340 3029 2409 heißen, die sie die „deutsche Sozialdemokratie“
2020 2402 3042 2468 in Österreich kommandieren, deren „Arbeiter¬
2023 2453 3058 2528 zeitung“ sie machen, deren einträgliche Parteistellen
2025 2520 3042 2587 sie innehaben oder die sie sonst an den Arbeiter¬
2019 2571 3049 2641 kreuzern reichen Gewinn nehmen, die sie dagegen
2026 2641 3044 2707 die armen Arbeiter mit trügerischen, unerfüllbaren
2028 2693 3045 2764 Versprechungen und teuflischen Lehren anlocken,
2020 2750 3050 2830 dann wieder mit zynischer Frivolität den Salven
2013 2811 2758 2877 der Mannlichergewehre überlassen,
2124 2873 3047 2939 diese jüdischen Obergenossen, die den
2018 2975 3038 3042 zur Pforte sehr geändert. Dies und das Wachs¬
2018 3034 3052 3106 tum des Nationalgefühles auf der Halbinsel
2014 3088 3052 3158 machen Rußlands Expansion weniger wahrschein¬
2013 3150 3045 3218 lich als 1854 oder 1877. Österreichs Gleichmütigkeit
2015 3218 3043 3279 gegenüber der Lage in Makedonien hat sich zu¬
2014 3265 3047 3338 erst in der Mürzsteger Vereinbarung gezeigt und
2015 3324 3049 3385 ist in schlagender Weise durch die kürzlich erfolgte
2010 3383 3040 3458 Verständigung mit Italien in betreff Albaniens
2020 3442 2417 3514 bekräftigt worden.
2102 3489 3033 3575 Die Stellung Frankreichs und Großbritan¬
2015 3570 3048 3628 niens wurde hier absichtlich nicht diskutiert. Beide
2004 3633 3042 3681 Länder haben offenbar ein Interesse an der Er¬
2013 3675 3043 3752 haltung Österreich=Ungarns als Großmacht. Aber
2015 3734 3041 3803 dieses Interesse ist durchaus negativ und keines¬
2017 3787 3043 3855 wegs beeinflußt durch die inneren Probleme der
2012 3850 3046 3909 Doppelmonarchie; es ist bloß von Erwägungen
2006 3908 3047 3978 des europäischen Gleichgewichtes beherrscht, welches
2001 3969 3052 4039 durch eine Teilung Österreich=Ungarns oder selbst
2003 4024 3057 4111 durch eine Trennung der zwei Schwesterstaaten
