3436 4384
1995 172 2259 267 —
720 282 789 340 n
155 263 1621 381 1. Miscellalleous box 41/5
412 808 545 894 234
1608 824 2282 922 Über Land und Meer
3125 834 3313 934 1914.
1038 1034 2856 1146 Beim Heurigen. Von Adam Müller=Guttenbrunn
413 1266 1418 1351 Qangsam haben sie ihre von der Reblaus ver¬
1423 1284 2446 1365 Wiener Sommerfrischler, lauter behauste Bürger,
2456 1285 3324 1359 der Reblauszeit, einen auffallend intelli
485 1340 1417 1396 nichteten Weingärten wieder aufgepäppelt
1433 1341 2097 1413 lauter Hauerpublikum ringsum.
2449 1355 3327 1413 Durchschnitt. Das könne doch kein Zufah
409 1396 1427 1453 in unserm Tal. Jetzt geht's wieder hoch her; hat
1506 1390 2433 1450 „Der tuat's!“ „Des is wieder amol aner!“
2455 1391 3321 1447 Die Tischgenossen sahen sich bedeutungsvo
405 1430 1256 1478 jedes Haus wieder seinen eignen Trunk.
1428 1432 2449 1496 „Wie der von Anno 1900!“ So urteilen sie. Und
2456 1444 3330 1495 Einige schoben ihre Gläser fort. Der Dokto
475 1476 1425 1535 Scharf nach Westen läuft das Tal von der
1428 1477 2444 1542 die Zungen schnalzen vom Gaumen weg wie
2457 1484 3310 1540 redete weiter. Man wußte ja schon lange,
407 1504 1420 1561 Donau hin und wendet nur den einen Buckel
1434 1516 1730 1577 Kapselschüsse.
1748 1529 2434 1586 Schüchterne Gesänge steigen, es
2455 1521 3321 1578 bestimmte Jahrgänge von Menschen ga
403 1562 1418 1613 der Morgen= und Mittagsonne zu, der andre ist
1432 1571 2435 1628 wird vereinzelt gepascht. Aber man traut sich
2459 1565 3327 1626 minderwertig, und solche, die hervorragen
397 1603 1417 1655 immer im Schatten, er gehört dem Wiener Wald.
1436 1609 2439 1663 noch nicht recht, die Stimmung ist noch nicht da.
2458 1619 3326 1666 Noch kenne man die letzten Gründe der Ersch
398 1653 1424 1700 Aber wie trostlos sah dieser sonnige Bergrücken
1491 1656 2443 1718 An einem Seitentisch im Hofe, fern von all
2454 1662 3322 1727 nicht, nur für die Weingegenden habe man
407 1698 1417 1738 all die Jahre her nicht aus! Kartoffel= und Klee¬
1420 1696 2448 1741 den vergnügten Alkoholikern, sitzt eine Gesellschaft
2458 1698 3314 1761 bare Anhaltspunkte. Die Beobachtung
405 1739 1418 1800 felder trug er, kümmerliches Getreide, das kaum
1422 1735 2440 1791 von Unzufriedenen des Dorfes. Der pensionierte
2451 1745 3322 1812 Herrn Oberlehrers seien da geradezu bahnbr
406 1784 1414 1840 kniehoch wurde, ließ er mürrisch auf sich wachsen,
1428 1788 2436 1839 Oberlehrer, der Doktor ein Kaufmann, ein Villen¬
2446 1791 3320 1841 „In guten Heurigenjahren,“ so schloß er,
391 1829 2442 1879 und jede Pflugschar, die in seinen Leib eindringen besitzer, ein Wiener Maler. Der Wein schmeckt
2460 1830 3300 1902 man die Frauen ganzer Dörfer in ein
394 1874 1318 1915 wollte, zog sich knirschend wieder zurück.
1420 1879 2438 1921 auch ihnen, aber er nährt nur ihren Mißmut über
2454 1876 2665 1943 sperren.“
391 1909 1426 1971 allen Grenzfurchen entstanden immer neue Stein¬
1418 1918 2433 1977 dies und das, und doch bedient gerade diesen Tisch
2516 1915 3314 1981 Gelächter lohnte den Doktor für seine
392 1960 1415 2004 riegel, die mit den Händen zusammengetragen
1431 1964 2444 2020 die hübsche Nichte des Gastgebers, ein dralles,
2446 1972 3311 2023 hafte Rede, und der Oberlehrer umarmte
392 2004 1425 2055 wurden, denn die Kartoffeln wollten sich nicht
1432 2001 2440 2065 siebzehnjähriges Blut, das gar freundlich zu lächeln
2455 2015 3320 2081 rührt. Endlich! Endlich wurde ersgewürdig
405 2049 1418 2109 befreunden mit der hitzigen Nachbarschaft. Und
1433 2056 2433 2105 weiß. Den Oberlehrer haben sie zu früh pensioniert,
2451 2061 3294 2115 man kam nicht mehr los von dem Thema.
403 2078 1416 2144 mitten in den öden Stoppelfeldern gemahnten
1432 2097 2437 2144 dem Kaufmann schon wieder einen Konkurrenten
2448 2091 3319 2154 die hübsche Nichte des Gastgebers mit einen
397 2136 1412 2190 die vielen vereinsamten Pfirsichbäume an die ver¬
1422 2139 2430 2196 vor die Nase gesetzt, der ihm die besten Kunden ab¬
2449 2145 3312 2195 gefüllten Stutzen erschien, rief der Maler!
402 2181 1425 2230 sunkene Herrlichkeit. Und auch andre Zeugen
1428 2187 2438 2233 fängt. Dem Maler aber haben sie alle Wege ver¬
2446 2183 3317 2247 „Ophelia, geh in ein Kloster!“ — „Susi hoch
391 2227 1409 2281 waren noch da. Lief ein Sonntagsjäger, dem die
1428 2229 2438 2281 boten, die zu schönen Landschaftsbildern führen;
2441 2218 3330 2285 erwiderte sie das erstemal mit heller Stimm
404 2261 1420 2325 Bodenverhältnisse nicht vertraut waren, einem
1427 2263 2432 2317 der Doktor ist in Ungnade, weil er angeblich aus
2438 2276 3327 2334 a Kloster? I? Kunnt m’r einfallen!“ Dans
401 2308 1416 2354 vergrämten Bock nach, der sich aus dem lauten
1421 2314 2442 2372 jedem Schnupfen eine Epidemie macht, und dem
2444 2313 3323 2380 als der Scherz sich ständig wiederholte, läch
405 2353 1418 2415 Wald der Sommerfrische hierher geflüchtet hatte,
1429 2367 2437 2416 Villenbesitzer haben sie trotz seines Protestes einen
2453 2365 3319 2422 Schöne nur mitleidig=duldsam, wie man
404 2396 1040 2462 fiel er leicht in eine Zisterne.
1428 2404 2438 2452 Nachbar gegeben, der neben seine Palmenhäuser
2451 2402 3325 2463 Halbbetrunkene lächelt, die nicht mehr recht
474 2429 1414 2503 Das ist langsam wieder anders geworden;
1430 2443 2435 2499 einen großen Kober für Schweinezucht gebaut hat.
2453 2454 3318 2504 was sie reden. Die Debatte aber vertiefte
396 2488 1411 2547 wo ehedem Wein reifte, da reift er auch künftig,
1429 2492 2431 2555 Und zu ihnen gesellt sich als sechster ein Sommer¬
2440 2491 3336 2553 einem Viertel zum andern. Der Oberlehn#
392 2531 1420 2601 denn überall grünt jetzt auf dem dürren Buckel
1426 2535 2431 2581 frischler, der an jedem heißen Tage suchsteufels¬
2440 2536 3326 2600 der Doktor, die genauesten Kenner der Dorf##
393 2576 1416 2638 die junge amerikanische Rebe und geht mächtig
1432 2582 2434 2636 wild ist, weil es in dem Nest noch immer kein
2446 2583 3302 2638 heit, gingen miteinander alle lebenden
400 2625 1420 2684 ins Holz. Die alte Winzerherrlichkeit kommt wieder.
1422 2621 2430 2677 ordentliches Schwimmbad gibt, obwohl der Bach
2452 2632 3320 2683 ratioren durch, und sie wagten sich sogarla
395 2667 1415 2728 Schon stürzt sich die Gemeinde in immense Aus¬
1427 2669 2435 2732 seit dreitausend Jahren mitten hindurchfließt. Nach
2443 2674 3307 2730 Gemeindefunktionäre der jetzigen und der f##
389 2714 1417 2754 gaben zur Hebung ihrer Sommerfrische, an allen
1420 2716 2428 2764 Wien hinein muß man fahren, wenn man baden will.
2449 2713 3335 2777 Wahlperiode, in der der Oberlehrer vorzeitg
391 2756 1416 2812 beliebten Punkren schießen jetzt die Tafeln wie
1494 2762 2433 2816 Hei, da wird räsoniert! Keinen guten Faden
2452 2763 3338 2822 gestellt worden war. An andern Tischen ge
398 2793 1419 2843 Pilze aus der Erde, die uns verkünden, daß diese
1416 2784 2431 2852 lassen sie an dem lieben Dorf, das sie doch nicht
2454 2810 3327 2861 man sich nicht, den und jenen Dorfgena
392 2842 1409 2900 Wege fortan verboten sind. Und der kleinste Dackel
1427 2843 2440 2896 meiden mögen, kein Haar auf dem Haupte der
2450 2854 3275 2897 gelegentlich einen Teppen zu nennen, h
389 2882 1422 2960 muß an der Leine geführt werden. „Sonst fünf
1431 2889 2438 2951 Gemeindebonzen bleibt ungekrümmt. Nie wieder
2453 2899 3316 2952 wurde nicht geschimpft, hier hieß es bloß
391 2929 1421 2985 Kronen Strafe.“ In Freiheit geborene Wiener
1427 2929 2430 2983 möchte man seine Schritte nach dieser Sommer¬
2450 2935 3303 2987 ein Vierundsechziger!“ Oder: „O je, ein
387 2973 1417 3027 Hunde, die gewohnt sind, unbehindert über die
1424 2979 2437 3040 frische lenken, wenn man alles für bare Münze
2440 2976 2765 3034 undfünfziger!“
2766 2975 3324 3033 Und alle wußten, was ja
392 3017 1419 3067 Ringstraße zu spazieren, die ihr Harerl vor jedem
1429 3024 2434 3075 nähme, was da geredet wird. Nur dem Heurigen
2450 3017 3339 3071 Jahrgänge waren. Von dem Dickwanst dort ##
401 3057 1418 3116 Herrschaftspalais und vor jedem Denkmal eines
1424 3066 2432 3109 tun sie nichts, nur er findet Gnade. Und er be¬
2452 3069 3343 3129 dem früheren Bürgermeister, der den Obte
394 3107 1409 3166 Unsterblichen ungestraft heben dürfen, sie sollen
1431 3104 2436 3157 zwingt langsam auch ihre bösen Mäuler, sie werden
2447 3112 3328 3169 pensionierte, hieß es bloß, er sei der größt
400 3143 1410 3206 sich in der Wiener=Wald=Sommerfrische nur mehr
1422 3154 2442 3208 immer weniger fähig zu einem geregelten Disput,
2447 3155 3324 3221 undsechziger im ganzen Dorf. Eine höhere
397 3183 1410 3246 angeseilt neben ihren Herren sehen lassen. Als
1424 3193 2444 3252 bald gibt es bei dem, bald bei jenem einen kleinen
2444 3194 3302 3254 rung ließ sich überhaupt nicht denken, i
391 3226 1407 3295 ob sie keine Steuerzahler wären! Der hohe
1419 3222 2439 3285 Zungenschlag. Am dauerhaftesten ist der alte
2454 3238 3320 3302 einen Heurigen, wie Anno vierundsechzig
391 3275 1416 3339 Landesausschuß von Niederösterreich wird diese
1429 3259 2442 3331 Oberlehrer. Er hat ein Steckenpferd, auf dem er
2439 3281 3331 3353 man im ganzen vorigen Jahrhundert nich.
398 3314 1408 3388 Gemeinde unter Kuratel stellen müssen wegen
1424 3329 2436 3380 sicher reitet, eine fire Idee, die ihn wie ein Schwimm¬
2519 3314 3314 3391 Spät, beim sechsten Viertel, kam die
401 3362 1406 3428 Verschwendungssucht, denn sie hat selbst die staubige
1413 3372 2428 3422 gürtel über Meere von Alkohol trägt. Und damit
2448 3358 3331 3419 raschung des Abends — Musikanten tratzen
389 3407 1414 3466 Landstraße, die zwischen Wiesen, Kartoffelfeldern
1423 3416 2426 3473 beherrscht er auch heute die Debatte. Der Doktor,
2446 3415 3322 3468 Eine Klampfen, eine Geige, eine Streihz
394 3460 1404 3511 und Bauplätzen hinläuft, mit Tafeln eingezännt,
1415 3461 2430 3511 der noch zu jung in der Gemeinde war, hatte ihm
2445 3457 3326 3520 Sie hatten ihren Stadtbahnzug aus Wien veisc
396 3496 1406 3550 die den Wiener Hunden das Betreten dieser
1421 3503 2444 3551 früher stets opponiert, heute aber stimmte auch
2437 3500 3341 3571 aber zu spät kamen sie noch nicht. Und sie Irc
391 3543 1409 3604 „Kulturen“ verbieten. So steigt der Wein, der
1430 3549 2443 3600 er ihm bei, und das machte den alten Schulmeister
2442 3550 3326 3610 die Heurigenstimmung mit, die bis jetztg
399 3592 1411 3659 auf dem Berge droben wachsen soll, den Leuten
1419 3594 2440 3651 nicht wenig stolz. Dieser hatte nämlich eine neue
2439 3596 3335 3641 hatte. Auf einmal trauten sich alle aus sichshe
388 3634 1014 3696 im Tal schon jetzt zu Kopfe.
1421 3634 2428 3690 naturwissenschaftliche Theorie aufgestellt, er be¬
2441 3631 3332 3701 Lieder stiegen, und „Mitsingen! Mitsingen!“
470 3668 1410 3734 Und der schon gewachsene nicht minder.
1419 3676 2437 3731 hauptete, den geheimnisvollen Zusammenhang
2439 3674 3325 3742 die allgemeine Losung. Namentlich drin i
401 3731 1419 3778 „Ausg'steckt“ ist wieder. In jedem Stellwagen
1430 3728 2432 3775 gefunden zu haben zwischen den guten Jahrgängen
2450 3732 3334 3775 Preß ging's hoch her; da war das Hauptssu
392 3768 1405 3814 verkündet es den Sommerfrischlern ein kleines
1415 3765 2428 3830 im Weinbau und den minderwertigen im Schul¬
2444 3772 3340 3815 der Dorfjugend, da betätigte sich die Gesen
395 3811 1402 3861 Plakat, an jeder Straßenkreuzung des Dorfes
1414 3808 2442 3862 leben. Und als er heute den ersten Viertelstutzen
2443 3813 3276 3875 aus der Reblauszeit. Ganz toll war sie.
399 3853 1404 3909 weist ein gestrenger Finger Gottes uns den Weg
1420 3858 2430 3916 leerte und den Nachgeschmack auf der Zunge
2450 3845 3326 3904 behäbigen Vierundsechziger und Zweiundfsin
390 3887 1407 3945 zum Heurigen. Und auf den ungehobelten Tischen
1417 3900 2437 3965 prickeln ließ, da kleidete er sein Lob in die dunkeln
2448 3903 3337 3959 standen zwischen den Türen und paschten in
394 3942 1412 3988 im Hofe und im Garten flackern des Abends die
2437 3943 2827 4006 tranken ihnen zu.
1417 3935 2425 3993 Worte: „Das wird wieder eine Generation von
382 3992 1408 4045 Windlichter wieder, und auch in der Preß drängen
1424 3981 2427 4033 Trotteln werden Anno 1919!“ Die ihn nicht ver¬
2514 3977 3315 4048 Auch die Mißvergnügten erhoben sich
395 4022 1408 4083 sich hinter langen Tafeln die Gäste, lehnen an
1418 4029 2433 4088 standen, fragten, was er meine, die seine Theorie
2442 4004 3334 4093 nach dem andern und schwankten nach dem Jen
389 4073 1407 4123 feuchten Mauern, schlürfen den köstlichen jungen
1418 4075 2421 4123 schon kannten, lächelten. Aber siehe, diesmal nickte
2440 4079 3334 4134 hin. Alle Beschwerden gegen die Gemeinde
394 4116 1161 4180 Wein und schnalzen mit der Zunge.
1414 4105 2431 4188 auch der Doktor zustimmend: „Jawohl, jawohl!“
2426 4119 3340 4171 alle Theorien gegen den Alkohol waren verge
