3436 4384
124 285 990 412 1. Miscellaneous
1054 302 1580 410 box 41/5
1720 154 2103 201 seine echte Kultur
1705 177 2846 229 Wer heute nicht Mitfühlender mit den ungezählten
1706 206 2853 289 Opferern ist, hat die Verbannung verdient. Mittühlender
1768 263 2856 318 wir meinen es im Sinne einer Erzählung Roseggers:
1693 307 2855 370 da klagte eine Mutter, die zwei Söhne im Felde hat, die
1711 349 2876 417 Leute verständen so gar nicht, sie zu iisten. Diese Mutter
1730 404 2878 466 hatte von allen schönen Reden nichts, aber sie war ge¬
1735 453 2884 520 tröstet, als des Tichters Gattin mit ihr weinte. So müssen
1732 485 2879 557 heute alle Mitfühlende, Mitstreitende, Mitfreudige, Mit¬
1730 537 2885 603 weinende sein. Und nicht zuletzt in der Kunst, auf dem
1733 591 2877 637 Theater muß das Ausdruck finden. Das Theater solchen
1722 620 2889 702 Mitgefühls ist zeitgemöß — das andere verdient unsere
1724 664 1989 731 Verachtung.
1811 719 2880 783 Es wurde hier bereits gesagt, daß eine Reihe Stücke,
1721 760 2891 839 die in letzter Zeit über die Burgtheaterbühne gingen,
1727 799 2919 861 höchst unzeitgemäß waren, so „Klein Eyolf“, „Die fünf —
1727 848 2893 898 Frankfurter", „Der einsame Weg“, „Schirin und Ger¬
1735 895 2892 961 traude“ usw. Unzeitgemäß, dem Wollen und Sinn der
1727 929 2892 1002 Gegenwart widersprechend, ist auch das nach fünf Jahren
1723 985 2880 1044 wieder ausgegrabene Lessingsche Drama „Nathan der
1733 1030 2886 1082 Weise“ das heute über die Bretter gig. „Nathan der
1719 1076 2897 1133 Weise“ ist eine zeitgeschichtlich bedingte theologisch=philo¬
1740 1115 2887 1172 sophische Polemik, welche bei veränderten Verhältnissen
1731 1152 2884 1202 ihre Mission verloren. Braucht es heute noch einen Kampf
1724 1202 2884 1268 gegen allzu buchstabenfeste Pasioren, nachdem die prote¬
1736 1244 2882 1300 stantische Bibelauslegung so frei geworden? Braucht es
1727 1288 2897 1340 heute Spott über die Heuchler, deren Praktizieren hinter
1727 1321 2884 1377 dem Glauben zurückbleibt, heute, wo im Heldenmut der
1739 1367 2892 1419 Soldaten, im Opfersinn der Mütter, in der ssbereit¬
1731 1410 2884 1471 schaft der Massen so viel echteste Religion sich uswirkt?
1723 1455 2889 1523 Lessings „Nathan der Weise“ wächst heraus aus einem
1729 1497 2883 1555 blassen Deismuls, der den Menschen in der Hauptsache auf
1736 1540 2893 1585 den Menschen stellt, den Begriff der göttlichen Offen¬
1729 1584 2883 1643 barung verwirft, beziehungsweise alle Offenbarungen:
1720 1630 2892 1679 Judentum, Isläm, Christentum, einander gleichsetzt.
1734 1668 2882 1726 Braucht es ein solches ins Lichtstellen des Deismus in,
1725 1715 2888 1762 Tagen, da das Christentum eine Wiedergeburt in weiten
1728 1757 2679 1803 Kreisen erlebt? Lessings „Nathan der Weise“
2771 1762 2879 1817 ein
1729 1805 2885 1858 Stück zugunsten der Juden auf. Kosten der Christen. Ein
1721 1846 2897 1895 ungerechtes, unduldsames Stück; denn während als Ver¬
1719 1876 2883 1929 treter des Judentums eine Heldengestalt, eine Idealfigur:
1726 1930 2883 1976 Nathan, gewählt ist, sind die Vertreter des Christentums:
1735 1976 2877 2030 der Patriirch, Daja, der Tempelherr, der Klosterbruder,
1721 2017 2890 2065 mit den Attributen böswilliger Lieblosigkeit, naiver, aber¬
1727 2064 2890 2113 gläubischer Gutmütigkeit und Einfalt, der ins Allzumensch¬
1722 2102 2885 2157 liche stürzenden Prinzipienschwäche bedacht. Lessing mochte
1718 2141 2879 2202 mit einem Verteidigungsstück für die Juden begreiflich
1722 2189 2893 2242 sein in einer Zeit jüdischer Rechtsbeschrönkung, in einer
1725 2231 2892 2293 Zeit, wo Heine angesichts gewisser Kämpfe sagte: „Das
1729 2280 2885 2333 Judentum ist keine Religion, sondern ein Unglück.“ Aber
1714 2303 2886 2359 braucht es heute und bei uns Toleranzpredigten zugunsten
1708 2361 2881 2420 der Israeliten? Häute und bei uns, wo die Toleranz er¬
1723 2398 2868 2459 möglichte, daß Israeliten in der Volkswirtschaft des
1719 2435 2891 2498 Staates bestimmenden Einfluß haben, daß Israeliten
1718 2501 2878 2544 zu vier Fünfteln, wenn nicht zu neun Zehnteln auf der
1719 2539 2884 2591 Bühne und in der Presse den Ton angeben, daß Israe¬
1714 2575 2875 2630 liten an den Stätten der Wissenschaft, in der Rechtsan¬
1723 2618 2876 2669 waltschaft und Medizin, in einer den Prozentsatz des Be¬
1713 2664 2883 2730 völkerungsanteils fünf- und zehnfach überschreitenden Zahl
1717 2706 2048 2777 vertreten sind?
1790 2815 2799 2888 Wir sind nicht unduldsam. Leuten, denen Schnitzl
1719 2869 2893 2943 Kadelburg, Trebitsch, Blumenthal, LArronge, Wdekind
1714 2923 2872 2984 Tiefe. Geistigkeit, Erhebung bieten, sei der Genuß und
1712 2973 2878 3038 die Erbauung unbenommen. Nur entspricht der Geist
1720 3017 2873 3058 Hlcher Autoren nicht dem Sinn des größten Teils der
1719 3057 2875 3113 Bürgerschaft, zumal nicht in der Kriegszeit. Und deshalb
1721 3094 2881 3155 bödeutet es eine Herausforderung, eine Beleidigung dieser
1717 3138 2877 3199 Mehrheitskreise, wenn auf die erste Bühne dieses Reiches
1727 3186 2880 3231 Sachen gebracht werden, die besser, sagen wir einmal,
1719 3224 2875 3289 in der jetzt geschlossenen und deshalb zur Verfügung
1717 3272 2544 3347 stehenden — Börse aufgsführt würden.
2526 3290 2619 3368 7117
2015 3505 2879 3586 Aber wir protestieren dagegen, daß uns
1718 3571 2880 3628 gegenwärtig die Literatur dieser Kreise oder die zu¬
1713 3622 2883 3674 gunsten dieser Kreise auf kaiserlichen Hofbühnen als Kunst
1712 3659 2890 3740 für im Kriege stehende patriotische Oesterreicher geboten
1718 3705 1851 3778 wird.
1787 3735 2884 3810 Die Aufführung des Lassing=Dramas im Burgtheater
1718 3794 2881 3863 zeigte reife Kunst. Herr Stobert brachte das Abgeklärte,
1718 3852 2880 3900 Ueberlegene der Nathanfigur gut zum Ausdruck. Herr
1718 3876 2876 3942 Gerasch als Tempelherr ließ seinem Pathos bisweilen all¬
2652 3927 2874 3983 Patriarch
1714 3936 2568 3992 zusehr die Zügel schießen: Herr Heine
1709 3972 2879 4052 steigerte noch das Karikaturhafte der Patriarchenfigur.
