3392 4320
2192 157 2340 218 —.—
178 203 1371 317 1. PanphletsOfforints
1512 225 1985 317 box 36/8
984 963 1119 1063 532
1441 976 2097 1071 Stauf von der March. Déendence.
999 1067 2469 1138 Wiener Gesellschaft sehr geschätzt — das mag vielleicht die übrigens jedem
997 1153 2454 1209 Menschen angeborene Neigung zum Schminktöpfchen verstärkt haben. Trotz¬
991 1203 2470 1270 dem ist mir der halbe Dörmann mit all seinen künstlerischen Schrullen
991 1267 2461 1315 sympathischer, als seine Nachbeter und Nachtreter in toto, die von ihm nur
996 1319 2470 1379 die sexuelle Raserei und die Pose gelernt haben, und diese beiden Errungen¬
998 1369 1732 1453 schaften bis zur Karikatur auszerren.
1093 1432 2474 1509 Eine ganz andere Physiognomie als der eben Besprochene weist Loris
991 1489 2461 1541 auf. Rokoko ins Dekadente übersetzt mit klassischen Vordüren. Milde Re¬
998 1544 1930 1619 signation ist das Hauptelement seiner Gedichte.
1074 1598 2452 1656 Jus Märchenhafte greift der Dekadent Richard Specht. Die kind¬
991 1668 2461 1734 liche Naivität, die ihm abgeht, ersetzt er durch einen leisen Anhauch von
984 1718 2464 1779 Symbolismus. („Ein Sündentraum.“) Specht kann ohne weiteres der Ro¬
983 1777 1797 1847 mantiker der Décadence genannt werden.
1087 1829 2470 1891 Der blasierteste unter den Dekadenten in Felix Salten. Bei ihm
991 1894 2465 1942 erscheint selbst das Krankhafte unnatürlich, die Stimmungen ausgeklügelt,
978 1932 2474 2002 das Kolorit minutiös berechnet — mit einem Wort: der konsequenteste
983 1997 1538 2076 Verfallspoet, den es giebt.
1081 2055 2456 2125 Die übrigen Dekadenten einer Besprechung zu unterziehen, verlohnt
991 2109 2459 2175 sich nicht der Mühe. Die Pose, die schon bei Salten Orgien feiert, tritt
982 2177 2458 2250 bis ins Unendliche vergrößert auf, und die Erotik, die schon bei Dörmann
981 2227 2468 2281 über die Stränge haut, wird zur widerlichen Erotomanie. Nachtreter sind
996 2278 1467 2358 eben immer Breittreter.
1086 2323 2462 2400 Faßt man den Charakter der Décadence zusammen, so kann es nicht
991 2403 2457 2455 zweifelhaft sein, daß diese Richtung unserer Litteratur zu keinem großen
980 2456 2454 2523 Nutzen gereicht. Sie bringt, wie bereits bemerkt, die jungen Talente auf
976 2515 2457 2567 Irrwege und stumpft das Publikum ab. Indem sie den oft mühsam aus¬
987 2564 2456 2638 spintisierten Stimmungen nachpirscht, unterdrückt sie die Individualität des
980 2618 2461 2695 Dichters, durch ihr prickelndes Air entnervt sie die Sinne des Lesers. Wohl
986 2686 2454 2744 sind wir alle mehr oder minder krank, entnervt, degeneriert, mit Gebresten
972 2742 2449 2790 behaftet — aber sollen wir darum noch kranker, noch nervöser werden?
981 2799 2453 2856 die Infektionsstoffe einer solchen Poesie ohne Protest in uns aufnehmen,
973 2856 2449 2931 das süße Gift ruhig im Organismus wirken lassen? Was soll eine Dich¬
972 2917 2458 2973 tung, die uns, anstatt zu kräftigen, entkräftet? Der Naturalismus sowohl,
981 2968 2453 3021 als der Idealismus besitzen einen eminent=erzieherischen Wert; der erstere
971 3025 2450 3079 deckt die Gebrechen der Zeit induktiv, auf naturwissenschaftlichem Wege auf,
970 3083 2455 3141 der letztere — selbstverständlich ist darunter nicht der Pseudo=Idealismus
974 3140 2459 3189 diverser alter Jungfern und bezopfter Professoren gemeint — deduktiv,
986 3194 2454 3263 vom, ich möchte sagen: historischen Standpunkte aus. Die Décadence hin¬
982 3252 2465 3320 gegen hat lediglich Wert für den Pathologen, oder zum höchsten für den
970 3312 2468 3361 Kulturforscher. Was soll uns solch eine Dichtung? was soll uns, den
