3392 4320
182 188 1369 322 1. Panphlets offnrints
1518 208 1969 305 box 36/8
166 1007 365 1080 Déendence.
1685 1003 2138 1102 Merian. Ein Gespräch.
2527 1023 2666 1108 533
189 1089 725 1178 vielleicht die übrigens jedem
1191 1094 2658 1194 Lebenwollenden, das Evangelium des Siechtums? Ist das irritierende
234 1158 729 1233 n verstärkt haben. Trotz¬
1190 1156 2655 1253 Zucken in den Nervengeflechten vielleicht doch ein Vorzeichen des Lebens,
234 1222 729 1290 künstlerischen Schrullen
1174 1240 2660 1309 wie die Dekadenten meinen? Und wenn — wie kann eine Poesie, die
301 1274 729 1349 oto, die von ihm nur
1178 1291 2658 1367 absolut kein Interesse für die sozialen und künstlerischen Kämpfe der Gegen¬
318 1332 722 1411 ese beiden Errungen¬
1187 1345 2647 1424 wart besitzt, die sich ganz ins Sexuelle einspinnt — wie kann eine solche
1175 1392 2644 1483 Poesie auf Geltung im XX. Jahrhundert Anspruch erheben, dem Jahr¬
349 1440 738 1515 ochene weist Loris
1184 1453 2653 1542 hundert, das zuversichtlich wenn nicht alle, so doch einen Teil der modernen
348 1502 726 1576 düren. Milde Re¬
1177 1514 2649 1605 Ideale realisieren wird?! Erklärt mir Orindur! Doch nein! Die Erklärung
1172 1569 2650 1632 liegt ja auf der Hand. Die Zukunft wird die Dekadenten vom Horizont
520 1595 710 1688 Die kind¬
1171 1610 2655 1709 fegen, ebenso wie die Sturm= und Drangperiode die geschwollenen Hofpoeten.
497 1673 726 1745 thauch von
1178 1690 2647 1769 Dem Charakter der Zukunft wird nur eine starke, gesunde, männliche Poesie
551 1731 721 1809 der Ro¬
1176 1730 2640 1823 entsprechen — xazoxäyabia, wie die großen Unerreichlichen, die Hellenen, das
1164 1809 2653 1886 Wesen der Kunst definierten, und dem Zukunftsmenschen werden bei der
503 1832 731 1920 Bei ihm
1173 1862 2651 1936 Lektüre der Décadenceprodukte die Worte des Hexenmeisters von Weimar
441 1903 729 1977 ausgeklügelt,
1166 1918 2340 1995 einfallen: „Der Menschheit ganzer Jammer faßt mich an!“
473 1960 720 2033 onsequenteste
1827 2006 2009 2125 1
413 2054 730 2146 iehen, verlohnt
287 2129 362 2191 n C
402 2126 723 2205 ien feiert, tritt
396 2190 716 2257 nbei Dörmann
1669 2189 2144 2317 Ein Gesprüch.
315 2244 416 2324 nie.
422 2246 714 2325 Nachtreter sind
1570 2305 2233 2404 (Iu Richard Dehmels Bilduls.)
173 2335 715 2429 usammen, so kann es nicht
1657 2374 2148 2470 Don Haus Merian.
159 2414 717 2491 Litteratur zu keinem großen
1801 2448 1999 2539 (Teipzig.)
145 2472 713 2546 erkt, die jungen Talente auf
152 2523 701 2594 m sie den oft mühsam aus¬
1168 2533 2635 2601 Wlle Wetter!* das ein charakteristischer Kopf! — rief mein lyrischer
160 2578 707 2658 t sie die Indivibualität des
1160 2603 2625 2675 E Freund, einen Probeabdruck der wohlgelungenen Albertotypie betrach¬
161 2634 719 2719 die Sinne des Lesers Wohl
1154 2650 2643 2718 tend, der auf meinem Schreibtische lag. — Der soll wohl in die nächste „Ge¬
187 2697 715 2769 degeneriert, mit Gebresten
1164 2703 1573 2785 sellschaft“ kommen?
177 2758 708 2829 ker, noch nervöser werden?
1328 2750 2644 2840 Ja, mein Lieber. Sieh dir ihn nur genau an, es ist der Richard
178 2809 703 2884 Protest in uns aufnehmen,
1160 2810 1352 2894 Dehmel.
193 2859 706 2944 en? Was soll eine Dich¬
1326 2861 2644 2934 Das ist recht, daß ihr den einmal bringt. Er hätte es schen lang
216 2924 710 2999 er Naturalismus sowohl,
1163 2940 2379 2995 verdient, odenn ich nur an seine famosen „Schwestern“ denke.
218 2978 710 3055 rischen Wert; der erstere
1317 2995 2165 3068 Und sein neustes Buch „Aber die Liebe!“
182 3034 231 3102 ist
268 3036 322 3105 sch
330 3039 715 3112 iftlichem Wege auf,
1323 3050 2061 3121 Ja, das ist auch ganz samos, aber —
409 3099 700 3170 do=Idealismus
1309 3105 1623 3174 Wieso: aber?
459 3155 717 3227 — deduktiv,
1320 3164 2618 3238 Ja — siehst du — es ist eben eine eigene Sache mit den Mo¬
491 3213 707 3283 ence hin¬
1144 3216 2626 3281 dernen, besonders mit den Lyrikern, man weiß eigentlich nie recht, wie und
551 3273 714 3343 ür den
1143 3267 2459 3360 wo man mit ihnen dran ist. Und der Dehmel ist auch so einer.
590 3325 713 3405 den
