3392 4320
2123 143 2394 205 ——
196 185 1382 310 1. PaschletsOfforints
1538 211 1998 310 box 36/8
900 984 1004 1049 526
1416 979 1850 1066 Stauf von der March.
1395 1130 1865 1240 Décadence.
1068 1238 2191 1323 Randglossen von Ottokar Stauf von der March.
1532 1331 1716 1402 (Mien.)
897 1382 2364 1508 Salls nach hundert und mehr Jahren ein Mensch, ob „gebildet“ oder
896 1471 2368 1547 EAs „ungebildet“ ist ganz egal — vorausgesetzt, daß es überhaupt noch
893 1538 2365 1598 Einen giebt, der sich um Gedrucktes schert, ein Buch unseres Zeitalters
897 1586 2351 1671 in die Hand nehmen und lesen wird, so dürfte dieser aus dem berühm¬
899 1659 2373 1736 ten „Schütteln des Kopfes, wie es der alte Kortum in seiner Jobsiade
904 1707 1648 1783 schildert, nicht so bald herauskommen.
986 1770 2357 1841 Trotz der weltfernen Kulturperiode ist uns ein Homer, ein Pindar,
896 1832 2354 1902 ein Aschylos, ja selbst ein Valmiki und Vjasa (Mahabharata und Rama¬
900 1896 2329 1957 yana) — von Dante, Tasso, Calderon und Shakespeare gänzlich abgesehen —
900 1946 2365 2000 auch in den subtilsten Stimmungen seiner Seele klar und verständlich; unsere
899 1988 2362 2069 zeitgenössischen Dichter*) aber werden es dem Enkel nach der verhältnis¬
895 2055 2358 2130 mäßig lächerlichen Zeitspanne eines Säkulums nicht, oder im günstigsten
892 2127 2363 2186 Falle doch weit, weit minder, als die genannten mehr oder weniger sagen¬
900 2158 1525 2235 umwobenen Dichterheroen sein.
983 2219 2351 2302 Das Herumtaumeln zwischen der modernen Skylla und Charybdis:
893 2286 2350 2344 Genuß und Ekel, das fieberische Tappen und Tasten, die elementaren Aus¬
896 2334 2352 2396 brüche rasendster Leidenschaftlichkeit und gleich darauf, fast im selben Atem¬
887 2398 2359 2451 zuge, die Auslassungen schlaffster Apathie, die halsbrecherische Equilibristik
901 2446 2364 2507 auf dem zum Zerreißen angestrafften Nervenseil, und — Ende gut, alles
891 2508 2330 2567 gut — das dumpfe, schwere Kolorit, die neurasthenische Atmosphäre —
902 2566 2363 2637 alles in allem: die Décadence (es ist ungemein charakteristisch für den
897 2621 2361 2677 Deutschen, daß er hier eine Anleihe beim französischen Wortschatze machen
893 2678 2354 2753 muß), wie sie leibt und lebt, oder besser gesagt: vegetiert, wird dem Littera¬
895 2742 2353 2807 turfreunde der Zukunft ein siebenfach gesiegeltes Buch, oder um mich hand¬
890 2800 1901 2856 greiflicher auszudrücken: ein böhmisches Dorf sein.
990 2847 2357 2921 Diese leider nicht Goethesche „Wirkung in die Ferne läßt sich einerseits
886 2905 2362 2954 mit Zuhilfenahme der zeitpsychologischen Momente erklären, andrerseits aber
896 2974 2361 3038 aus dem Bestreben der betreffenden Autoren: recht große Sensation zu
897 3010 1426 3083 machen, induktiv herleiten.
991 3066 2364 3140 Übergangsepochen zeichnen sich immer durch Zerfahrenheit, innere wie
989 3196 2364 3253 *) Darunter sind (vgl. übrigens den Titel des Aufsatzes) selbstverständlich die
895 3250 2354 3314 Dekadenten, oder wie die Gruppe sonst noch getauft wird: Sensitivisten, Fin-de-siecle-isten,
888 3310 2068 3372 Aufbrütesamen, modernen Stimmungsmenschen, tutti quanti gemeint!
2172 3312 2327 3383 D. V.
2055 3911 2141 4026 10
2739 4100 2790 4172 Mel
3161 1112 3207 1172 lu
3229 1107 3354 1181 g, Beg
3096 1171 3142 1229 it
3233 1173 3350 1230 en ein
3251 1282 3355 1351 haben
2942 1398 2982 1448 in
3198 1401 3246 1452 e
3260 1395 3363 1470 ntief
3273 1458 3355 1513 , v
3218 1502 3354 1574 1. Ein
2841 1562 2947 1628 assens
3228 1565 3359 1632 ander
2846 1617 2946 1683 erselb
3098 1617 3361 1688 widersprechen
2827 1669 2980 1747 Einigun
3068 1672 3356 1751 möglich, Kampf
2807 1737 3357 1804 Zeit, indes unser steuerloses
2808 1787 3342 1862 schießt, ohne Rücksicht auf
2909 1853 3360 1912 Insofern nun die D
2806 1908 3355 1969 starrer Dogmen Verklausuli
2798 1960 3360 2031 darum die Zeiteinflüsse nich
2813 2013 3361 2083 und schließlich doch nur ein
2807 2078 3353 2141 selben die mächtigsten Anre
2803 2124 3352 2197 daß das Spiegelbild ebens
2795 2182 3353 2261 Original, die Dichtung ein
2811 2238 3364 2313 rakter aufweist, als die Zeit.
2801 2297 3033 2367 Zeitsegment
3139 2296 3352 2371 fach karrik
2820 2353 2975 2418 tischen
3192 2358 3353 2428 r Indiv
3257 2404 3358 2473 und 4
2857 2408 2981 2478 eziehur
3251 2470 3353 2533 timen
3273 3081 3340 3147 Ich
3237 3128 3354 3214 „liel
3192 3196 3355 3265 i in der
3007 3199 3046 3264 9
3229 3258 3353 3334 u atm
2995 3263 3035 3315 at
3199 3310 3352 3386 aben, ist
