3296 4096
245 147 893 221 13. Exzentrik
958 151 1422 245 bos 2/2
445 191 894 255 ADAR AA LDAA O A — I
401 808 1240 935 „OBSERVER
505 921 1187 992 I. österr. behördl. konzessioniertes
470 954 1227 1047 Unternehmen für Zeitungs-Ausschnitte
529 1017 1161 1098 WIEN, I., WOLLZELLE 11
602 1086 1086 1142 TELEPHON R-23-0-43
424 1215 803 1299 Ausschnitt aus:
535 1275 1117 1363 Prager Tagblatt, Prag
428 1450 589 1524 vom:
737 1432 1220 1576 11DEZ. 1932
264 1719 759 1802 ARTHUR SCHNITZLER:
294 1798 338 1860 300
801 1781 1641 1871 Ezehtrik
269 1873 2133 1944 Gestern nacht sitz' ich im Kaffeehaus, da sagt plötz= sollte. Du kannst dir denken, daß ich darauf gesallt
226 1914 1190 1976 lich einer hinter mir: „Ah, non — ca — nie wieder!"
1197 1931 2137 1979 war, aber ich hatte anfangs die Hoffnung, nicht dar¬
224 1959 1183 2012 Ich hätte nicht aufzusehen brauchen; das war August.
1197 1968 2126 2013 auf zu kommen. Darin hab' ich es nämlich zu einer
222 2003 1186 2047 Er war schön und elegant wie immer. Mit jener
1191 2008 2126 2067 wahren Virtuosität gebracht. Ich besuche meine Schö¬
225 2042 1187 2098 wunderbaren Leichtigkeit, um die ich ihn immer im
1190 2047 2126 2091 nen (August hatte manchmal solche Ausdrücke aus
229 2074 1193 2138 Stillen beneidet habe, nahm er an dem kleinen Tisch¬
1190 2089 2133 2134 der alten Schue) „nie zu einer ungewohnten Stunde,
224 2117 1188 2164 chen mir gegenüber Platz, ohne den gelben Urber¬
1196 2125 2127 2168 ich leje nie die Briefe, die ich zufällig auf dem Tische
221 2163 1183 2211 zieher, der ihm nur um die Schultern hing, abzulegen,
1191 2164 2136 2202 finde, ich entferne mich sofort aus jedem Lokal, falls
225 2202 1191 2245 rückte den kleinen, steifen, runden, schwarzen Hut.
1185 2197 2130 2248 ich ihren Namen am Nebentisch von einem Fremden
222 2241 2136 2286 über den noch mehr zu sagen sein wird, tief in die nennen höre, und wenn ich trotz aller dieser Vor¬
236 2276 2128 2329 Stirn und rief einen Kellner herbei, der, über dem sichtsmaßregeln etwas erfahre, glaub' ich es einfach
226 2306 1183 2364 Billard liegend, eine Zeitung las. Es war nämlich
1194 2320 2125 2373 nicht. Aber alle diese Maßnahmen haben bei Kitty
221 2345 1185 2407 halb drei Uhr morgens, im Mai, und wir waren die
1189 2353 2127 2398 versagt. Erinnerst du dich an Little Pluck?“ „O frei¬
218 2391 1173 2457 letzten Gäste. Der Kellner kam rasch herbei. „Guten
1184 2392 2129 2439 lich, dieses kleine Scheusal.“ „Kitty scheint das nicht
223 2417 1131 2473 Abend, Herr von Witte.“ „Was, guten Abend
1187 2434 2137 2479 gefunden zu haben. Ich muß vorausschicken, daß ich
218 2464 1177 2517 nom d'un nom — wollen Sie mich frozzeln? Bringen
1180 2465 2125 2520 durch etwa vierzehn Tage mit ihr namenlos glück¬
229 2506 1184 2563 Sie mir lieber was zum Essen oder Trinken.“ „Bitte,
1196 2510 2131 2558 lich war. Jeden Abend nach der Vorstellung pflegte
224 2543 1174 2591 Herr von Witte — einen kleinen Schwarzen — einen
1195 2550 2131 2588 ich ihr meine Visite zu machen; um elf war ihr Auf¬
211 2595 1185 2633 Kognak ...?“ August sah den Kellner düster an. „Sie
1192 2588 2135 2641 treten, um eins das meine. Sie empfing mich jeder¬
223 2626 1178 2682 irren sich“ sagte er, „bringen Sie mir zwei Sar¬
1195 2629 2124 2678 zeit mit großer Herzlichkeit. Auch an jenem Abend
224 2665 1179 2727 dinen, zwei weiche Eier in einem harten Clas, ein
1194 2662 2128 2733 war nichts anderes verabredet worden. „An welchem
1189 2700 1367 2756 Abend?“
228 2700 893 2761 Schinkenbrot und eine Flasche Bier.“
1212 2725 2127 2787 „Da Little Pluck, das kleine Scheusal, zweieinvier¬
251 2729 1184 2808 Der Kellner verschwand. August nahm mir die
1193 2768 2129 2834 tel Fuß hoch, achtzehn oder neunundfünfzig Jahre
215 2773 1180 2836 Zeitung aus der Hand und schleuderte sie auf einen
1180 2820 2130 2882 alt, debütiert hatte. Ich trete bei Kitty ein, wie immer
225 2827 1161 2877 anderen Tisch. „Ich bin nämlich da, verstehst du?“
1187 2856 2125 2908 Punkt eins, wen sind' ich . . .? Liltle Pluck — wie
225 2856 1182 2922 „Man merlt es“, erwiderle ich heiter. „Woher kommst
1180 2887 2132 2946 soll ich sagen? — zu ihren Füßen. Ich war sprachlos.
219 2901 1174 2957 du denn so spät?“ „Woher ...?“ sagte August und
1187 2935 2128 2980 Trotzdem ein Mißverständnis nahezu ausgeschlossen
209 2932 1164 2998 sah mich mit einem wehmütig=dämonischen Blicke
1189 2973 2118 3033 war, erwartete ich irgendein erlösendes Wort von
216 2997 1173 3036 an. „Ich würde an einen Menschen um drei Uhr mor¬
1181 3009 1302 3057 ihr —
1292 3011 2123 3063 zum Beispiel: „Du irrst dich . . .“ Aber sie
217 3025 1165 3070 gens, wenn er nicht zufällig im Frack ist, nie eine
1181 3047 2123 3101 sprach es nicht aus, sie sah mich mit sehr großen
218 3059 1172 3106 solche Frage stellen. Aber du bist und bleibst ein
1174 3093 2131 3131 Augen an und sagte nur die unvergeßlichen Worte:
212 3094 399 3151 Rüppel -
442 3095 1168 3149 jawohl“ setzte er hinzu, indem er den
1184 3131 2124 3176 „N'est=il pas drölé?“. Im ersten Moment, so tirf ein¬
211 3128 1168 3201 armen Mitterwurzer nicht ohne Glück zu kopieren
1174 3172 2117 3222 gewurzelt sind unsere Instinkte, zuckte mir die Hand;
205 3168 914 3243 versuchte, „ein Rüppel, ein Rüppel!“
1175 3211 2115 3254 aber wie ich Little Pluck betrachtete, dieses vollkom¬
233 3218 1173 3283 Ich erwiderte nichts, nahm eine Zeitung und las
1177 3240 2115 3293 men lächerliche Subjek — viel lächerlicher in diesem
205 3264 1176 3320 eine Weile. Plötzlich strömte mir aus dem Blatt
1180 3285 2115 3331 Augenblick als Worte ausdrücken können —, schwand
213 3310 1178 3370 eine sonderbare Wärme entgegen, gleich darauf sing
1185 3321 2123 3371 mein Zorn, und ich sagte mir: „Du kannst einen
206 3340 1178 3410 die Notiz über die neue Operette von Charles Wein¬
1169 3369 2116 3413 Zwerg weder schlagen, noch kannst du dich mit ihm
214 3388 2116 3456 berger zu glühen und zu verkohlen un, und das Ende schießen.“ Ich griff nur die Bemerkung Kittys auf,
210 3424 2122 3491 einer frisch angezündeten Zigarette erschien in sagte: „Bien dröle! Bien dröle!“, nickte, lächelte und
202 3460 1172 3522 Mittelpunkt. Aber ich lächelte nur wenig; so ver¬
1166 3467 2088 3531 ging.“ „Also das ist dir heute passiert?" „Heute? —
212 3507 1160 3558 wöhnt hatte mich August im jahrelangen vertrauten
1173 3514 2109 3585 Nein, das war vor zwei Monaten. Ich verzieh ihr.
205 3538 1167 3599 Umgang durch ähnliche und noch viel bessere Scherze.
1176 3560 2107 3614 Und ein paar Wochen waren wir sehr glücklich.“
215 3584 1173 3641 „Soll ich dir einen Rat geben?“ fragte er dann plötz¬
1168 3592 2125 3662 „Blieb Little Pluck im Engagement?“ fragte ich mit
213 3623 1163 3668 lich. „Ich bitte darum", antwortete ich höflich. Auguft
1162 3635 1699 3691 einem sardonischen Lächeln.
209 3663 1169 3713 sah mich an und sagte scharf und bestimmt: „Alles,
1203 3660 2111 3711 „Ich verstehe deine beleidigende Anspielung", er¬
210 3697 1165 3758 mein Lieber, du verstehst mich, alles, nur keine Exzen¬
1161 3692 2121 3770 widerte August. „Aber ich kann dir versichern, daß
210 3734 789 3793 triksängerin!“ „Gewiß, gewiß",
782 3739 1163 3791 sagte ich. „Alles“
1163 3753 2106 3803 Little Pluck, trotzdem er einen ganzen Monat lang
204 3761 1157 3832 wiederholte August — „Blumenmädeln, alleinreisende
1169 3793 2116 3833 bei Ronacher auftrat, nie wieder von Kitty empfan¬
205 3808 1158 3867 Damen aus Rumänien, Flötenbläserinnen. Schorn¬
1167 3828 2105 3878 gen wurde, wenn ich nicht dabei war. Und am Abend
213 3852 1156 3916 steinfegersgattinnen, Tragödinnen. Les dernieres des
1173 3871 2111 3923 seines letzten Auftretens hab' ich Little Pluck sogar
211 3891 1158 3959 dernieres... Alles, mein Lieber, nur keine Exzen¬
1160 3907 2115 3943 eine kleine Fête gegeben bei Kitty, und trotzdem er
209 3927 329 3987 trik!“
1163 3941 2113 3985 betrunken war wie ein Schwein, benahm er sich höchst
235 3952 1157 4023 Ich nickte schlagfertig. Der Kellner brachte, was
1163 3978 2120 4024 anständig, so daß ich Kitty gestattete, ihn zum Ab¬
207 3987 1167 4058 August bestellt, und mein Freund begann zu essen
1174 4021 2114 4068 schied zu küssen. Am nächsten Morgen reiste er nach
2183 731 3116 792 — Ich will nicht leugnen, daß ich anfangs nahe daran
2152 779 3109 839 war aufzubrausen, aber noch zu rechter Zeit fuhr mir
2145 817 3112 871 durch den Kopf, welchen Produktionen ich vor kaum
2146 865 3108 915 zwei Stunden bewundernd beigewohnt: jener Dar¬
2154 899 3113 948 ling hatte sieben Männer zugleich in die Höhe ge¬
2147 922 3125 990 hoben, Eisenstangen mitten entzweigeschlagen und mit
2147 974 3107 1019 drei Zentner schweren Kugeln Ball gespielt. Ich unter¬
2147 1016 3113 1056 drückte daher meinen Unwillen und sah Kitty mit
2145 1054 3109 1101 einem Blick an den sie wahrscheinlich nicht ganz rich¬
2153 1093 3112 1143 tig auffaßte. Denn statt sich zu entschuldigen, sagte
2148 1123 3115 1182 sie mit ihrer unbeschreiblichen Ruhe: „Tu sais, mon
2150 1168 3116 1224 chéri, je ne comprends pas un mot de ce, de qu'il
2141 1209 3107 1252 dit!“ — Du wirst zugeben, daß das selbst einem Ge¬
2143 1246 3105 1294 duldigeren als mir über den Spaß gegangen wäre.
2146 1285 3117 1335 Mein Blut kochte, ich fühlte, daß diese Szene ein
2155 1328 3119 1385 ganz entsetzliches Ende nehmen mußte, und ich ging
2149 1365 3111 1413 fort, ohne zu grüßen.“ „Flegel“, sagte ich. „Als ich
2144 1404 3112 1447 am Tage darauf“ fuhr August fort ohne meinen
2138 1441 3119 1483 Vorwurf zu beachten, „Kitty meinen Besuch machte,
2151 1484 3110 1531 empfing sie mich heiter wie immer. Ich war zu rück¬
2139 1509 3113 1564 sichtsvoll, um die peinliche Szene von gestern zu be¬
2139 1561 3118 1615 rühren und Kitty schien sich ihrer nicht mehr zu er¬
2150 1592 3109 1656 innern. Vielleicht bildete sie sich auch ein, daß sie ge¬
2137 1629 3125 1676 träumt hatte, was weiß ich! Sicher ist nur — die
2140 1663 3116 1731 Weiber sind ja rätselhaft —, daß sie mich an diesem
2131 1713 3109 1772 Tage mehr liebte als je. Am selben Abend saß ich
2148 1752 3112 1801 wieder in einer Loge bei Ronecher. „The two Dar¬
2142 1787 3109 1840 ling“ traten auf, und da sie einander so ähnlich sahen,
2138 1816 3107 1875 daß sie unmöglich voneinander zu unterscheiden
2135 1857 3115 1921 waren, so hatte ich keine Ahnung, welchen von beiden
2150 1905 3114 1951 ich bei Kitty getroffen hatte. Ich glaube, auch Kitty
2141 1945 3102 1992 hat es nie mit Bestimmtheit erfahren. Aber das ist
2146 1976 3118 2044 egal. Sicher ist nur, daß ihr Verkehr mit den beiden
2140 2006 3116 2070 Riesen von nun an ein wahrhaft haruloser und
2132 2063 3103 2108 kameradschaftlicher blieb.“ „Wie!“ schrie ich so hestig.
2137 2103 3109 2154 daß die Fensterscheiben klirrten. August fuhr unbeirrt
2147 2136 3113 2177 fort: „Nie wieder habe ich einen allein bei Kitty ge¬
2137 2176 3118 2219 troffen. Sie pflegten vor der Vorstellung den Tee bei
2140 2215 3097 2258 ihr zu nehmen, und auch ich wurde manchmal dazu
2141 2247 3108 2313 geladen. Da die beiden Riesen kein Wort Französisch
2134 2292 3098 2356 und Kitty keine Silbe Englisch verstand, war ich
2139 2331 3108 2376 sozusagen der Dolmetsch.“ „Und wenn du nicht oben
2142 2367 3108 2437 warst“ fragte ich herzlich, „wie haben sie sich da
2128 2391 2407 2459 verständigt?“
2158 2441 3099 2507 August betrachtete mich. „Wenn du auch dein kind¬
2140 2471 3100 2527 liches Gesicht schneidest“, entgegnete er mir würdig,
2138 2527 3111 2565 „ich merke wohl, daß du mit dieser Frage Kitty zu
2132 2564 3115 2608 verdächtigen suchst. Aber ich sage dir, es hat sich nach
2135 2597 3099 2661 jenem Auftritt für mich nie wieder ein Grund er¬
2131 2647 3107 2693 geben, an Kitty zu zweifeln. Ich meine wenigstens in
2137 2680 3099 2731 Hinsicht auf die Riesen. Es war eine Kaprize ge¬
2129 2719 3105 2758 wesen — mein Gott, ich habe auch meine Kaprizen!
2128 2743 3092 2820 Und wer weiß, wie ich mich einer Riesendame gegen¬
2142 2795 3101 2850 über verhalten würde. Ich versichere dir. „The two
2138 2835 3100 2880 Darling“ waren wie die Kinder; einmal kam ich da¬
2142 2875 3097 2923 zu, wie die beiden Riesen mit Hitty Ball spielten ...
2135 2899 3102 2953 der eine Riese stand in der einen Ecke des Zinnners
2137 2944 3089 3006 der andere in der anderen... oder umgekehrt, ich
2136 2985 3091 3057 habe die Kerls nie auseinandergekannt — und Kitty
2125 3020 3087 3072 flog über den Teetisch hin und her.“ August lächelte
2133 3069 3095 3116 etwas blödsinnig in der Erinnerung an die heitere
2136 3104 3091 3160 Szene. Plötzlich verdüsterte sich aber sein Antlitz und
2133 3144 3095 3193 er setzte fort: Gestern war ihr letztes Auftreten.
2130 3181 3097 3249 Heute früh um sechs haben wir die Riesen auf die
2134 3216 3086 3263 Bahn begleitet, Kitty und ich. Es war ein unglaub¬
2129 3257 3093 3309 liches Aufsehen am Perron, besonders wie „The two
2132 3294 3082 3335 Darling“ vom Coupéfenster aus mit zwei Lein¬
2129 3335 3084 3392 tüchern zum Abschied winkten. Ich führte Katty im
2127 3371 3081 3420 Fiaker nach Hause. Ich mußte sie trösten, und sie
2120 3417 3082 3466 erwies sich so dankbar, daß ich erst zu Mittag ins
2124 3450 3088 3504 Bureau kam. Wenn ich bedenke, daß das heutefrüh
2121 3493 3072 3544 war... was hat sich seitdem alles verändert!“
2119 3525 3109 3594 „Unter anderm jedenfalls" bemerkte ich ahnungs¬
2121 3550 2804 3619 voll, „das Programm bei Ronacher.“
2155 3597 3086 3663 August beickte mich an wie ein verendendes Reh.
2126 3639 3093 3697 „Was willst du“ sagte er, „das Publikum muß Ab¬
2121 3664 3090 3736 wechslung haben". „Wer war es?“ fragte ich einfach.
2132 3722 3095 3780 „The Osmond Troup“, erwiderte August errötend.
2118 3760 3082 3820 „Wieviel?“ fragte ich gepreßten Tones. „Sieben!“ er¬
2123 3793 3092 3845 widerte August. „Sieben!“ wiederholte ich, freudig
2121 3835 3083 3904 bewegt. „Laß das“ antwortete er still. „Ich will dir
2125 3860 3087 3934 verhehlen, daß mich schon während der Vorstellung
2118 3912 3089 3972 unangenehme Ahnungen beunruhigen. Die Osmonds
2115 3952 3089 4007 sind Leute von einer unglaublichen Beweglichkeit,
2122 3993 3094 4045 von sehr viel Witz und riesig musikalisch. Viel Neues
2122 4032 3105 4070 haben sie nicht gebracht, ober es war alles viel vir¬
3058 4061 3116 4089 K
