3248 4064
996 139 1379 244 box 2/2
210 150 842 253 13. Exzentrik
670 371 1459 471 Wien, I., Concordiaplatz 4.
896 442 1226 513 Vertretungen
492 463 1613 569 In Berlin, Budapest, Chicago, Geuf, Lohdon, New-York,
476 525 1610 596 Paris, Rom, Mailand, Stockholm, Christiania, St. Petersburg.
759 578 1330 647 (Quellenangabe ohne Gewähr.)
481 643 962 730 Ausschnitt, aus:
633 719 1596 823 3- Ataue Freie Presse, Wien
480 769 659 830 vom:
415 832 1525 907 (Wohltätigkeitssolree. In Gunsten der ver¬
328 884 1095 952 #urteilten Frau Konnara v. Hervay
1157 895 1507 958 sie führt diesen
341 929 1519 993 Namen, bis die Leobener Entscheidung, die ihre letzte Ehe
341 978 1213 1033 für lngiliig erklärte, in Wirksamkeit erwuchs
1209 979 1520 1039 — fand heute
334 1015 1511 1062 abends im Bösendorfer=Saale eine Wohltätigkeitssoiree statt.
344 1053 1509 1109 Eröffnet wurde sie durch eine Wiener Humoreske „Die Er¬
340 1099 1509 1150 hebungen über Barbara Liebhard“ von Felix Salten, von
330 1143 1392 1207 diesem vorgetragen. Hier wird lustig erzählt, wie eine
1397 1154 1516 1201 von
333 1188 1301 1253 einem Magistratsbeamten geplante Huldigungsfeier
1299 1186 1511 1248 für eine
326 1232 1500 1276 114jährige Greisin deshalb von dem Bürgermeister verweigert
333 1273 1507 1332 wird, weil die Jubilarin zur Zeit der Schlacht von Aspern
325 1307 1372 1361 einen Fehltritt beging. Fräulein Adele Sandrock
1388 1325 1505 1380 trug
331 1351 1378 1405 sodann ein Liliencronsches und ein Kellersches Gedicht
1386 1367 1498 1416 und
334 1397 1499 1439 die Thomasche Straßenburleske „Der Kohlenwagen“ vor.
318 1440 1501 1507 Hofrat Burckhard erheiterte durch die Wiedergabe einiger
319 1477 1493 1546 Szenen „Aus einer österreichischen Beamtensatire". Die Art,
316 1525 1505 1565 wie der vorsichtige Sektionschef den neuernannten ahnen¬
316 1563 1492 1635 reichen durch den nur verdienstvollen Bezirkshauptmann ver¬
312 1607 1494 1657 schieden behandelt und verabschiedet, wird in dieser Novelle
318 1639 1485 1707 munter geschildert. Hermann Bahr beschloß die Soiree,
314 1681 1485 1746 indem er das Liliencronsche Gedicht „Der Schädel“ und die
310 1728 1488 1794 Schnitzlerlche Greleske „Exzentrik“ wirksam vorlas. Das
306 1774 1491 1862 Publikum, das sich ziemlich spärlich eingefunden hatte, nahm
304 1812 861 1883 die Borträge berfällig auf.
1115 1868 1473 1949 amkburehen
573 1918 1281 2031 Wien, I., Coordiaplatz 4
800 2008 1065 2083 Vertungen
396 2034 1462 2119 in Berlin, Budapest, Chics Genf, London, New-Tork,
391 2090 1463 2151 Paris, Rom, Mailand, Stocklm, Christiania, St. Petersburg.
654 2142 1196 2220 (Quellenangasohne Gewähr.)
381 2206 1453 2317 Ausschnitt ausgerdenblatt, Wien
650 2299 941 2409 -3FEBO
390 2346 597 2402 vom:
391 2388 1643 2467 (Wohltätigkeitsvorlesing.) Zunächst erschien gestern — Schau¬
312 2426 1625 2508 flatz: Bösendorfer=Saal — Hen Felix Salten am Vorlesetisch. Er las
274 2488 1652 2556 eine Erzählung, betitelt: „Die Erhebungen über Barbara Liebhardt“.
278 2538 1649 2612 Man konnte nach diesem Titel auf Interessantes gefaßt sein, auf eine
276 2585 1657 2667 Sensation. Denn Herr Felix Salten ist Fachmann in gewissen Erhebungen.
284 2633 1654 2692 Er hat sich in seiner journalistischen Praxis als fixer Reporter von
274 2671 1654 2757 durchaus unkritischer, ja geradezu unerschrockener Nase gezeigt, die auch
279 2734 1657 2787 vor intimen Dingen nicht zurückschreckt. Wir glaubten denn auch, Herr Felix
272 2778 1653 2847 Salten habe nicht ohne Grund und mit berechtigtem Stolz den Titel
280 2824 1656 2900 seiner Erzählung „Die Erhebungen 2c.“ der knappen Reportersprache ent¬
268 2870 1658 2946 nommen und waren auf Enthüllungen gespannt. Aber wir hörten nur eine
272 2916 1654 2978 Wiener Erzählung — zu zahm für eine Satire, und zu wenig naiv, um
266 2963 1657 3045 durch reine Heiterkeit zu wirken. Im übrigen scheint uns eine 114 Jahre
274 3010 1646 3089 alte Wundergreisin zu wenig pikant für Herrn Felix Saltens Feder. Und
268 3063 1657 3139 zu lange ist die Geschichte auch im Verhältnis zur kurzen Pointe. Gewiß
265 3110 1658 3189 wären Herrn Saltens gestrige „Erhebungen“ interessanter geworden, wenn
267 3152 1662 3238 er sie telegraphiert hätte... Wirklichen Humor, der aus sich selbst wirkt,
274 3205 1647 3267 gesund und drastisch, strahlen die Schilderungen Dr. Max Burckhards
270 3256 1668 3332 aus dem heimischen Beamtentum aus. Und wie der Verfasser liest! Man
264 3286 1656 3380 könnte vielleicht sagen, der ehemalige Burgtheaterdirektor hätte es leicht
269 3342 1656 3415 gehabt, bei vornehmen Metstern zu lernen. Aber Burckhard liest nicht, wie
263 3391 1653 3467 man's lernen kann, er liest, wie man's kann, wenn man das Talent dazu
255 3431 1656 3502 hat und den Humor und die Beobachtung und die Persöulichkeit. Und so hatte
251 3477 1650 3563 Dr. Burckhard gestern nicht nur einen literarischen, sondern auch einen dar¬
260 3530 1649 3611 stellerischen Erfolg. Das Programm brachte noch Vorträge Adele Sandrocks,
260 3580 1648 3629 die auch am Vorlesetische die herrlichen Tugenden der Tragödin bewährte,
246 3622 1638 3705 und Hermann Bahr's, längst als Meister des Vortrages geschätzt, auch
251 3682 1633 3739 wenn er nicht eigene Sachen liest. Im Gegenteil, da ist er noch besser.
252 3713 1639 3797 Gestern erschien er sozusagen als Vorleser=Protektor. Und in der Tat
251 3772 1646 3846 — wir wüßten nicht sobald einen Berufskünstler, der die Gewagtheiten
240 3817 1643 3896 der Schnitzlerschen „Excentrics“ so liebenswürdig vorbringen könnte,
246 3861 1284 3954 wie Hermann Bahr. Es erröteten die wenigsten Leute
1487 3880 1664 3964 84.—
2210 972 2518 1035 —lockhölm
2642 997 2822 1071 SE
2126 999 2741 1106 (Quelliangabe ohne Gewan .
1851 1076 3051 1273 Ausschnitt ausistapf. Vollts Zaitung. Wien
2293 1186 2409 1252 .—
1852 1170 2038 1263 vom:
2126 1189 2187 1263 3
2162 1227 2380 1325 1
1963 1310 2842 1409 Eine Woyltatigeitssoiree. In Wien gibt
1861 1385 2835 1449 es bekanntlich zahllose Fralen, die trotz ehrlichen Be¬
1853 1445 2849 1501 mühens nicht imstande snd, sich und ihren Kindern
1859 1483 2839 1566 Brot zu schaffen. Diese Frauen darben, sehen ihre
1851 1537 2846 1607 Kinder dahinsiechen, verzweifelt, hoffnungslos, und
1853 1577 2845 1654 gehen selbst zugrunde. Allerdings: Sie sind weder
1859 1636 2839 1695 Heldinnen eines Sensationsprozesses noch interessant,
1853 1686 2835 1736 sie sind nicht ein bißchen interessant, bloß arm und
1849 1727 2839 1791 elend. Und das ist zu wenig! Eine gewisse Sorte
1857 1755 2847 1842 moderner Wohltätigkeit wird offenbar nur geweckt, wenn
1844 1822 2853 1882 die Not „interessant“ ist, wenn sie etwa im kokett
1853 1869 2831 1926 drapierten Witwenkleide, in sechs oder acht Posen das Schau¬
1854 1924 2839 1979 fenster eines Photographen füllend, die Erinnerung an
1853 1969 2840 2020 dastragische Ende eines unglücklichen Mannes wachruft und
1851 2008 2848 2057 auch sonst geschickt genug ist, von sich reden zu machen.
1854 2056 2848 2122 Dies und ähnliches mußte man gestern im Bösendorfer¬
1852 2092 2846 2168 Saale denken, wo eine Künstlerin und drei Schrift¬
1847 2151 2851 2212 steller eine Wohltätigkeitsvorlesung veranstalteten, deren
1845 2202 2848 2271 Erträgnis Frau Hermine v. Hervay gewidmet war.
1839 2244 2846 2315 Die veröffentlichten Notizen gaben den Zweck des Abends
1849 2278 2846 2359 ausdrücklich bekannt. Als erster kam Herr Felix Salten:
1852 2356 2852 2411 „Erhebungen über Barbara Liebhardt“. Eine humorvolle
1849 2393 2851 2462 Novelle, die dem Leser sicherlich ein behagliches Schmunzeln
1847 2442 2851 2515 entlockt; in der selbstgefälligen Art des Vortragendenserviert,
1843 2491 2856 2554 verfehlte die Skizze ihre Wirkung. Bot Herr Salten
1845 2537 2849 2608 als Vortragender gar zu wenig, so gab Fräulein Adele
1852 2585 2844 2648 Sandrock, die ihn ablöste, zu viel. Jeder Zoll Heroine,
1853 2637 2846 2684 jedes Wort für ein großes Theater, nicht für den kleinen
1846 2684 2845 2743 Bösendorfer=Saal bestimmt! Dann folgten Max Burck¬
1845 2735 2851 2796 hard und Hermann Bahr, beide seit der Zeit der
1850 2775 2847 2835 Wiener Autorenabende als Vorleser nach Verdienst ge¬
1854 2811 2851 2882 schätzt. Burckhard hat das Naturburschenhafte, das
1850 2872 2845 2941 ihm so gut zu Gesichte steht, beibehalten. Man ist ernst,
1858 2919 2860 2987 wenn er einen Augenblick ernst ist und lacht herzlich,
1857 2966 2872 3030 venn er eine köstliche Satire aus dem Beamtenleben
1860 3026 2856 3073 der „oberen Rangsklassen“ entwirft und in Stimme und
1859 3057 2845 3130 Gebärde eine leibhaftige Erzellenz, einen aristokratischen und
1865 3105 2856 3173 inen bürgerlichen Bezirkshauptmannsotrefflich zeichnet, daß
1871 3157 2851 3224 nan die Herren zu sehen glaubt. Die Damen aber denken, den
1870 3205 2858 3259 rischen, rotwangigen Herrn Hofrat betrachtend: Ein
1872 3252 2852 3318 istiger, lieber Mensch! Hermann Bahr schießlich las
1870 3299 2923 3365 Excentrie“ von Artur Schnitzler, amüsant, wie es P9
1893 3361 2913 3462 ch gehört, jede Nuance abwägend, Ton und Geste völlig ?
1888 3420 2874 3493 eherrschend, ein Vortragsmeister, der die Mehrheit der
1890 3470 2871 3551 örer führt, wie er will. Es waren ihrer übrigens im
1886 3506 2868 3592 anzen nicht viele, der Saal war kaum zur Hälfte be¬
1891 3541 2870 3647 etzt. Das Publikum hat eben gesundes Empfinden genug,
1884 3623 2880 3707 im Wohltätigkeitssoireen wie dieser, sei das Programm
1880 3671 2803 3767 loch so anziehend, keinen Geschmack abzugewinnen!
