3344 4352
94 280 699 380 2. Cuttings
1861 172 2698 217 marque an Tront du signe redontable. Comme
1853 213 2683 255 tous les reveurs de sa genération et de 80
2025 237 2724 298 Taction se passe en 1809 — il hait
1859 248 1980 297 pals
1850 282 2736 339 Napoléon et à jur de delirrer la patrie cap¬
806 272 1260 359 box 37/4
1855 325 2732 374 tive. Ce projet de régieide est dailleurs ins¬
1855 351 2741 409 piré en grande partie par limmense amour
1853 387 2735 442 que Médard ressent pour la charmante ot
1865 428 2735 481 enigmatique princesse Hélène, ennemie irré¬
1862 475 2730 524 ductible de Bonaparte. Celle-ci espère que
1857 519 2732 563 son fiancé tiendra le serment prononce jadis
1863 549 2733 603 en une heure d’exaltation et de folie. En
1853 590 2737 638 frappant le nouveau César, qui se trouve
1861 620 2736 672 alors à Schenbrunn, anx environs de Vienne,
1861 662 2738 718 future résidence de l'Aiglon, du duc de
1854 704 2733 748 Reichstadt, Médard délivrera à la fois la pa¬
1855 737 2735 793 trie autrichienne humilice et le monde op¬
1861 772 2738 836 primé. Mais le jenne héros est hien un per¬
1863 809 2740 871 sonnage romantique, dans toute Tacception
1375 804 1760 896 Telephion 12.801.
1855 843 2741 906 de ce mel, is en ales faiblesses et les seru¬
1853 889 2745 949 pules aussi bien que les vertus et la noblesse
1855 935 2732 987 d’aspiration. Pareil au prince Hamlet, inter¬
1857 979 2734 1026 rogeant l’énigme du devoir, analysant le
827 951 1573 1045 „ODOENVEN
1865 1014 2746 1062 droit de la vengeance aux terrasses d’Else¬
669 1023 1756 1119 I. österr. beh. konz. Unternehmen für Zeitungs¬
1856 1042 2738 1104 neur, Médard hésite; le crime irréparable
877 1064 1551 1128 Ausschnitte und Bibliographie.
1867 1091 2733 1149 lui fait horreur; d’autre part, le genic de
1858 1123 2737 1180 Napoléon, malgré tous les griefs que Thu¬
831 1118 1602 1216 Wien, I., Concordiaplatz 4.
1863 1178 2747 1218 manité peut invoquer contre le conquérant,
1854 1200 2758 1265 le génie du César nouveau le faseine et;
1064 1200 1380 1265 Vertretungen
1857 1245 2749 1296 l’éblouit malgré lui. Le temps s’envole cepon¬
659 1229 1759 1318 in Berlin, Brüssel, Budapest, Chicago, Cleveland, Christiania,
1862 1274 2745 1337 dant sur ses ailes rapides et après de mul¬
656 1285 1765 1355 Genf, Kopenhagen, London, Madrid, Mailand, Minneapolis,
1858 1324 2746 1374 tiples péripétir“, la princesse Hélène se
651 1337 1756 1389 New-Vork, Paris, Rom, San Francisco, Stockholm, St. Peters¬
1854 1362 2767 1416 décide à accomplir elle-méme T’acte atroce
1067 1367 1369 1423 burg, Toronto.
1855 1400 2745 1443 qu'elle juge nécessaire, Elle ira à Schen¬
1000 1406 1399 1473 Quellenangabs ohne Gewähr.)
1866 1435 2743 1502 brunn, elle n’aura ni faiblesse ni pitié, et le
665 1451 1056 1535 Ausschnitt aus:
1869 1487 2615 1530 tyran périra de la main dune femme.
1894 1498 2743 1565 Mais Hélène se mélie maintenant du fiancé
1045 1461 1767 1602 Le Figaro, Pau#s
1859 1563 2740 1613 qui a trahi sa confiance, et dont l’amour, pas
1866 1589 2747 1647 plus que la haine, n’a pu faire un meurtrier.
1861 1640 2749 1691 Elle ne dit rien de ses projets an jeune Mé¬
1864 1682 2743 1734 dard. Cepeneant, la fatalité amöne celui-ci
1861 1720 2744 1771 au chäteau de Schonbrunn, la nuit méme ou
1210 1724 1561 1791 —.
1871 1743 2752 1815 sc décide le sort de I’Empereur et de I'Europe.
1864 1801 2748 1846 Ne comprenant rien à l'apparition de sa
1037 1784 1798 1869 LA VIE LITTERAIRE A LETRANGER
1867 1840 2739 1883 flancée au palais Impérial, affolé par la ja¬
1383 1850 1511 1911 —
1859 1871 2749 1920 lousie et le désespoir, car il sent bien que
1875 1908 2743 1955 cette äme lui échappe, Médard frappe la
1869 1952 2744 2000 bien-aimée qutil croit infidéle. Helène meurt
1878 1988 2750 2042 sous ses yeux, et le triste héros, torturé par
975 1884 1845 2081 Artbur Sehnitzler
1857 2018 2749 2091 le doute, entrainé vers l'abime par tous les
1306 2053 1513 2122 ——
1871 2069 2741 2113 orages d’une äme irrésolue et inquiéte, nlaura
1869 2106 2755 2160 su que tuer, lächement, la créature quil
1864 2141 2509 2191 aimait plus que tout au monde.
1024 2142 1868 2196 La piéce nouvelle de M. Arthur Schnitzler
1895 2167 2743 2243 Certes, cc sujet archi connu, ne manque
981 2190 1865 2234 doit être considérée à juste titre comme 1’6.
1859 2212 2747 2274 pas d’intérét ni de grandeur, d’autant plus
981 2226 1858 2283 vénement le plus important de la saison lit¬
1870 2265 2749 2314 que l'auteur i'a traité avec son talent habi¬
991 2267 1854 2317 téraire et artistique en Autriche. L’ouvreen
1865 2303 2746 2352 tuel de poéte et de psychologue, mais encore
986 2303 1861 2358 elle-méme, malgréhien des défauts, est d’une
1866 2340 2741 2390 unc fois, la beauté de l’ouvre ne réside point
978 2348 1866 2400 grande beauté. Depuis longtemps, le thätre
1873 2380 2741 2431 dans cette anecdote tragique et un pen usée.
986 2391 1858 2436 germanique n'avait réalisé unc tentativo
1897 2403 2749 2464 Ce qui distingue Ie Jeune Médard de la
984 2416 1451 2480 d’art aussi ambitieux.
1874 2454 2747 2512 production littéraire et théätrale courante,
1017 2438 1856 2510 Dailleurs, M. Schnitzler, le micux doué,
1868 2501 2752 2549 ce qui justilie l’enthousiasme du public vien¬
980 2477 1857 2553 peut-étre, parmi les dramaturges autrichiens
1877 2529 2756 2584 nois, cest la reconstitution admirable du
992 2535 1860 2589 Contemporains, bénéficie également d’une
1877 2581 2749 2630 milieu historique, l’évocation de l’époque,
980 2575 1471 2625 renommée européenne.
1863 2621 2751 2667 dont la destinée se confond avec celle des
1009 2592 1863 2664 L’auteur d’Amourette — un petit chef¬
1866 2647 2750 2705 héros. Tous les milieux, toutes les condi¬
986 2656 1859 2709 d’euvre dans sa simplicité, son émotion et
1875 2686 2750 2743 tions sociales tous les représentants de
992 2686 1860 2742 sa gräce discrête — M. Schnitzler est sans
1867 2718 2751 2772 Teternelle comédie humaine, jennes ou vieux,
992 2718 1856 2784 auenn doute un des plus remarquables 6eri¬
1866 2768 2752 2824 obscurs ou illustres, ressuscitent ici. Le gé¬
994 2766 1862 2822 vains de ce temps-ci. Ce n'est pas seulement
1866 2802 2746 2849 nie poétique de T’auteur ranime un instant,
982 2806 1865 2873 dans la charmante ville du Danube bleu que
1873 2834 2752 2899 parmi toutes ces cendres, l’étincelle mysté¬
988 2851 1482 2901 triomphent ses ouvres.
1866 2890 2752 2935 rieuse de la vie. Mais cet élément d’impé¬
1071 2890 1866 2938 y a, dans ses piéces ct dans ses nou¬
1865 2921 2746 2981 rissable humanité n’empéche pas le drama¬
991 2927 1859 2976 velles, une finesse, une subtilité, une con¬
1878 2957 2740 3018 turge de discerner et de mettre en relief,
987 2972 1861 3018 naissance de la vie moderne et un pittoresque
1867 2999 2748 3052 avec. un art supérieur, T'aspect momentané,
990 3013 1851 3056 intense qui lui ont valu à la fois, la faveur
1868 3042 2754 3087 le caractère typique que prétent au drame
985 3046 1853 3104 du grand public et l’approbation de la eri¬
1867 3070 2750 3126 vieux comme le monde de la conquéte et de
993 3084 1138 3147 tique.
1879 3117 2743 3166 la résistance d’une nation vaincue les meurs,
1024 3102 1859 3178 Chez M. Arthur Schnitzler, c’est vraiment
1873 3156 2750 3213 les idées et les costumes du temps. La Hé¬
986 3151 1856 3203 l’äme inquiête, déconcertante, quand möme
1872 3183 2742 3252 vreusc et placide ville de Vienne, telle que
986 3202 1857 3252 généreuse, l’äme et le gen, de la société
1870 3232 2741 3295 les premiers romantiques l’ont connuc en
992 3239 1864 3290 moderne qui palpitent à l’unisson de son
1863 3265 2747 3325 1809, est évoquée dans sa gräce d’autrefois,
990 3280 1860 3327 réve dartiste. Mais par le choix des eujets
1868 3320 2749 3366 et son image rétrospective offre un contraste
991 3311 1859 3370 aussi bien que par la façon de les développer
1864 3362 2741 3415 étrange avec la bruyante et luxucuse métro¬
992 3359 1861 3410 et de les mettre en valeur, le dramaturge du
1872 3392 2263 3457 pole daujourd'hui.
983 3397 1860 3453 Perroquet vert apparaissait jusqu'iei, mème
1901 3420 2744 3491 C’est la vraiment une belle composition,
996 3436 1860 3483 au jugement de ses admirateurs les plus en¬
1874 3473 2640 3522 une noble tentativo d’art et de penséc.
997 3468 1867 3523 thousiastes, comme un réaliste sohre, mor¬
1896 3487 2736 3558 Arthur Schnitzler, nous ne saurions trop
997 3510 1856 3553 dant-et minutienx, épris avant tout de vérité
1869 3548 2748 3600 insister sur ce point, a merveilleusement
995 3553 1854 3607 et d’exactitude dans la notation et la repro¬
1869 3581 2746 3635 compris et exprimé l’äme insaisissable d’une
990 3597 1860 3643 duction de la réalité quotidienne. Ses comé¬
1865 3624 2751 3667 époque. Les sentiments divers, dont la
994 3638 1857 3678 dies toujours rapides, volontairement main¬
1875 3656 2748 3711 flamme ardente brülait ces pauvres étres au¬
996 3667 1859 3714 tenues dans des demi-teintessubtiles, passent
1865 3708 2751 3751 jourd'hui Cvanouis dans l’invisible, palpitent
991 3716 1862 3766 pour des modéles de naturalisme élegant et
1871 3739 2752 3796 de nouveau; ils se manifestent, avcc une
994 3736 1864 3807 d’observation discréte. Quc les temps sont
1876 3775 2740 3836 sorte de fatalité invincible dans les actes et
990 3786 1230 3842 changes!
1868 3823 2738 3871 les paroles des heros de Touvrage, car les
1024 3803 1856 3874 L'cuvre nouvelle de M. Arther Schnitzler
1872 3855 2745 3911 causes mysterieuses et profondes qui diri¬
982 3845 1874 3913 est une fresque gigantesque, une sorte de
1868 3890 2748 3945 gent l’évolution d’un siecle on d’une société
992 3904 1856 3950 roman dialogué, visiblement inspiré par les
1869 3938 2744 3988 les conduisent fatalement enx aussi vers leur
995 3940 1854 3989 chroniques de Shakespeare, maitre su prémode
1861 3977 2747 4020 perte certaine. Cette unité philosophique du
995 3975 1858 4028 la dramaturgie universelle — et aussi, pour¬
986 4005 2792 4090 quoi ne pas le constater, malgre les protes- drame individuel et de la tregedie natio-|!
