3344 4352
836 137 1046 194 renamme
1082 122 2233 184 macht Angelo Neumann 2 so beherischt
816 178 1042 236 en, die er
1072 175 2231 239 doch tatsächlich das Theater unser gesellschaftliches Leben.
827 223 1040 282 eumann?
1069 219 2235 287 Wir sprechen unaufhörlich davon, wir sind darum besorgt,
833 270 1041 334 sucher aus
1062 274 2229 337 wir kennen den letzten Mann im Chor und den jubi¬
1063 317 2240 370 lierenden Vorhangzieher, und wir erhalten oft genug
836 316 1034 380 ich selbst,
1070 364 2231 408 anonyme Briefe, in denen wir aufgefordert werden, in
820 368 1040 428 ung des
822 416 1037 471 eumanns
1070 408 2224 480 Leitartikeln die Frage des Repertoires und Ensembles,
1069 454 2225 520 ja noch viel kleinere Angelegenheiten des Theaters zu
823 460 1043 520 schauspiel¬
1059 509 2226 560 behandeln. Darum haben wir uns täglich mit Angelo
823 508 1042 567 aftlich er¬
1072 548 2233 601 Neumann beschäftigt, wollten immer wissen, was dieser
822 553 1054 619 ir Persön¬
1071 594 2226 664 Mann macht, der immer etwas machen mußte, der von
851 603 1047 664 ich un¬
1071 644 2227 714 Prag aus, das für seine Unternehmernatur zu klein war,
827 653 1049 711 ann ge¬
1062 692 2232 753 andere Provinzen eroberte. War er doch schon mit dem
830 700 1037 754 teumann,
1063 748 2229 794 ungeheuren Apparat des Richard Wagner=Theaters
827 746 1040 806 ich denke
1061 792 2237 848 durch Deutschland, Italien und Oesterreich gezogen,
834 793 1049 854 ist. Wo
1059 838 2246 892 hatte er doch schon die Verträge in der Tasche
858 839 1044 899 werden,
1060 879 2098 951 gehabt, denen gemäß er den „Lohengrin“
2140 896 2235 944 in
837 885 1046 950 kommen,
1074 925 1450 995 Paris aufführen
1448 928 2240 994 sollte, eine Absicht, die be¬
833 937 1043 1001 in wirkt.
1067 977 2239 1038 kanntlich von einer Welle des Chauvinismus hinweg¬
877 982 1046 1045 äußere
1059 1026 2233 1085 gespült wurde. Nun plante er die Aufführung des
843 1031 1041 1101 des Be¬
1068 1086 2231 1136 „Nibelungenringes“ in Rußland, er ging nach Peters¬
834 1074 1044 1135 e wir in
1067 1122 2228 1182 burg, Moskau und Warschau. Das Gastspiel in Spanien
836 1126 1038 1189 irch den
1062 1171 2234 1216 war durch den spanisch=amerikanischen Krieg zunichte
847 1175 1037 1242 und nah
1059 1216 2233 1259 gemacht. Nach Berlin ging er mit dem Erstlingswerk des
847 1222 1048 1276 wir ver¬
1064 1255 2235 1310 Italieners Mascagni, mit „Cavalleria rusticana“. Denn
863 1268 1043 1328 jemand
1064 1303 2228 1365 seine Nähe zu Bayreuth hatte ihm die Liebe für die ita¬
874 1309 1038 1372 zurecht
1055 1347 2239 1411 lienische Musik, die er noch von seiner eigenen Sängerzeit
834 1356 1047 1415 im Tode
1066 1392 2229 1462 her hegte, nicht aus dem Herzen gerissen, und er strahlte
837 1400 1044 1463 et, heute
1070 1438 2231 1496 förmlich vor Glück, wenn er in den Maifestspielen, deren
842 1448 1046 1517 ainn ver¬
1056 1489 2227 1543 Einrichtung, ebensowohl aus ökonomischen wie aus
1061 1539 2229 1597 künstlerischen Rücksichten erwachsen, das Deutsche Theater
841 1539 1034 1605 iffordern
1056 1580 2234 1642 ihm zu danken hat, mit einem Ensemble erlesener italie¬
840 1595 1034 1658 ich auf
1057 1630 2231 1704 nischer Sänger Bellini, Donizetti und Verdi zu neuem
834 1635 1037 1707 r Kirche
1062 1676 1538 1734 Leben erwecken konnte.
865 1690 1034 1751 Reiter¬
1129 1714 2230 1771 Die Inszenierung von „Cavalleria rusticana“ war
912 1740 1042 1801 welt¬
1049 1772 2220 1844 ein Meisterstück Neumannscher Kunst. Er hatte ursprüng¬
842 1785 1033 1851 chier in
1061 1821 2215 1875 lich die Annahme des Werkes abgelehnt, weil zu hohe
833 1836 1035 1898 in groß¬
1050 1864 2221 1934 Forderungen für Tantièmen und Material gestellt worden
842 1883 1039 1943 lber sein
1057 1921 2216 1986 waren. Er hat nicht erst seit Richard Strauß sich gegen
850 1928 1030 1987 und die
1053 1963 2224 2015 die Ansprüche der Verleger gesträubt. Er berief sich immer
844 1969 1039 2039 irtig in
1054 2010 2211 2060 darauf, daß das Deutsche Theater in Prag nicht im stande
880 2023 1028 2086 immer
1056 2059 2213 2119 sei, übermäßige Forderungen zu bewilligen. Das czechische
876 2074 1025 2139 seinen
1057 2106 2219 2178 Landestheater hatte, da es in der glücklichen Lage
841 2124 1036 2183 ater zu
1055 2155 2218 2207 einer höheren Subvention und eines größeren Reservoirs
841 2171 1030 2233 ich nur
1058 2206 2216 2269 an Zuschauermengen ist, das Werk erworben und auf¬
847 2214 1037 2276 suchs er
1050 2251 2212 2303 geführt, ohne jedoch damit einen Erfolg zu erzielen. Nun
845 2262 1023 2328 schieden¬
1058 2302 2210 2349 kam der Dresdener Erfolg, und Neumann, dessen Blick
840 2312 1025 2372 er jeden
1054 2345 2220 2399 für den Erfolg sich an Werken wie an Darstellern so oft
870 2358 1027 2421 wie er
1050 2394 2210 2468 bewährte, erkannte, daß er doch an der italienischen Oper
840 2397 1030 2466 aß er,
1047 2440 2214 2493 nicht vorübergehen könne. Rasch wurde die Oper er¬
846 2455 1028 2516 ch nicht
1039 2483 2216 2541 worben, rasch die Dekorationen hergestellt, die Rollen ver¬
845 2497 1020 2571 serzeugt,
1042 2540 2211 2583 teilt, die Proben ausgeschrieben. Vom ersten Moment bis
842 2547 1021 2612 möglich,
1040 2586 2209 2648 zum letzten war Neumann dabei, überall die szenische
847 2590 1024 2659 dadurch
1040 2635 2216 2700 Wirkung herausarbeitend und insbesondere die zwei
838 2646 1018 2708 zeugen:
1048 2685 2210 2734 großen Massenszenen im Gebet vor der Kirche und am
856 2696 1017 2762 t getan.
1045 2731 2216 2785 Schluß zu nervenaufwühlender Wirkung gestaltend. Der
862 2734 1017 2800 st, und
1045 2778 2204 2824 Erfolg der „Cavalleria“ in Prag war einer der größten,
849 2789 1020 2847 en und
1045 2823 2218 2896 die ich je mitgemacht habe, wie ja der Erfolg dieses
858 2837 1020 2902 er von
1042 2868 2221 2937 Werkes überhaupt einer der größten Theatererfolge war,
851 2890 1020 2945 er ge¬
1039 2924 2210 2989 welche die Geschichte des Theaters zu verzeichnen hat.
851 2931 1019 2993 so weit
1039 2964 2215 3030 Jetzt erst nahm man im czechischen Theater das Werk
856 2981 1023 3039 s not¬
1046 3014 2210 3066 wieder vor, inszenierte es aufs neue, und jetzt erst war
850 3020 1022 3087 umann
1040 3051 1865 3129 auch dieser Bühne der Erfolg beschieden.
862 3074 1031 3131 eneral¬
857 3119 1035 3181 Grafen
1117 3109 2226 3161 Noch eines soll erwähnt sein, was Neumann von
861 3169 1019 3235 ühnen¬
1049 3152 2211 3210 Dingelstedt übernommen hat: Die zyklischen Auf¬
1049 3208 2211 3270 führungen. Als er kam, debütierte er mit einem Schiller¬
933 3216 1017 3271 ge¬
1047 3259 2219 3326 Zyklus, den er sofort wiederholen mußte, um der Nach¬
933 3265 1027 3322 für
861 3305 1027 3368 utschen
1045 3304 2220 3361 frage zu genügen. Wir brachten dann Goethe, Hebbel,
1048 3348 2210 3402 Grillparzer, Anzengruber, in der Oper Wagner, Mozart,
862 3355 1022 3421 gsidee
1045 3395 2216 3454 Weber, Lortzing u. s. w. Vor zwei Jahren noch einen
879 3405 1021 3467 e hat,
1042 3451 2213 3512 Zyklus von Ibsen, und der jetzige Dramaturg Doktor
896 3455 1021 3513 gericht
1042 3501 2213 3554 Eger entwickelte mir kürzlich erst den von Neumann gut¬
905 3501 1027 3560 Jerlin
1049 3554 2213 3604 geheißenen Plan für einen Schnitzler=Zyklus. Artur
863 3549 1018 3621 stücken
1044 3583 2208 3667 Schnitzler war Angelo Neumann besonders ans Herz ge¬
895 3597 1021 3657 ging
1049 3637 2218 3688 wachsen, weil er mit dessen Vater, dem Professor
894 3645 1022 3706 jedes
1041 3687 2218 3746 Schnitzler, während seiner Wiener Tätigkeit befreundet ge¬
876 3690 1024 3751 anden
1040 3730 2211 3785 wesen. Ich hatte vor einigen Wochen, kurz vor der Auf¬
899 3739 1025 3792 ,das
1050 3775 2212 3840 führung des „Medardus“, das Vergnügen, Artur
866 3783 1012 3849 fühne,
1035 3828 2212 3882 Schnitzler zu besuchen. Da erinnerte mich der Dichter
865 3834 1025 3899 ir Ge¬
1040 3872 2210 3926 daran, daß ich der Erste gewesen sei, der seine dramatische
867 3873 1024 3947 un er¬
870 3922 2216 4004 n, so Begabung bestätigt habe. Es war mir damals vor siebzehn
