3392 4352
146 292 732 390 2. Guttings
821 268 1301 373 box 37/4
1425 375 2271 433 tations certaines des admirateurs du poôte
1421 422 2273 473 viennois — par les piéces de Schiller, telles
1409 453 2276 508 que Wallenstein. Fiesque on Von Carlos. Le
1424 503 2286 542 coloris, les tendances du Jeune Medard, sont
1416 539 2277 584 tout à fait dissemblables, it est à peine be¬
1423 572 2282 623 soin de le dire; mais Tonvrage appartient
1414 612 2290 666 quand mème à ce genre dramatione un pen
1424 651 2279 700 démodé qu'illustra jadis le grand talent des
1423 692 2282 732 Schiller, des Kleist, des Grillparzer., et aul
1413 726 2289 792 tres eélébrités duthéätre allemand. Aprésled
1413 771 2299 836 rapides et saisissantes pieces ultra-modernes
1408 811 2289 856 dArthur Schnitzler et de ses disciples. Voici
1420 848 2277 884 de nouveau, comme au temps lointamn et meil¬
1422 883 2286 942 lleur des grands idéalistes septentrionanx,
1423 923 2292 969 comme à l’époque ou forissaient à la fois la
1422 963 2288 1017 poésie romantique, la philosophie transcen¬
1416 1006 2289 1052 dantale et la douce réverie tudesque, voici
1408 1045 2288 1092 que triomphe une pièce interminable, en
1407 1086 2297 1133 quinze tableaux, qui dure eing heures et
1415 1118 2160 1164 comporte soixante-cing personnages!
1448 1159 2288 1217 L'anachronisme est voulu, certes, mais
1409 1181 1819 1247 tout à fait plaisant.
1442 1215 2309 1287 Et cette piece qui exige un grand offort
1412 1273 2280 1310 d’attention et de patience, qui contrarie
1412 1316 2286 1352 toutes les habitudes du public actuel, obtient
1425 1351 2285 1404 néanmoins un succès sans précédent; tout
1423 1388 2277 1431 Vienne en raffole et co scra aussi en librai¬
1415 1429 2288 1480 rie, on peut le prédire des à présent, un
1406 1468 2282 1513 triomphe paradoxal, mais certain, II nous
1408 1507 2277 1554 semble opportun d’en rechercher, d’en indi¬
1408 1538 2279 1611 quer brievement les causes un peu mysté¬
1402 1586 1596 1631 rieuses.
1445 1605 2280 1679 Certes, la réalisation théätrale du drame
1404 1659 2291 1703 de M. Schnitzler cofltribue énormément à sa
1408 1705 2286 1749 réussite exceptionnelle. Le Jeune Médard est
1399 1746 2279 1793 joué au Burg-Teater qui reste toujours, quoi¬
1407 1776 2289 1825 que prétendent ses détracteurs, le premier
1404 1816 2286 1869 théätre littéraire, non seulement de la capi¬
1412 1857 2280 1914 tale autrichienne, mais de tous les pays ger¬
1416 1899 2290 1955 maniques en géneral. Cest là une admirable
1416 1935 2284 1985 institution d’art on le respect de la tradition
1411 1978 2275 2022 n’empéche nullement l’initiative la plus in¬
1421 2015 2282 2053 telligente et la recherche la plus rationnelle
1407 2046 2287 2106 du progrés. Lart de la mise en scène et
1411 2092 2286 2137 de l’interprétation est parvenu vraiment à
1413 2129 2281 2185 une sorte de perfèction relative dans cet il¬
1416 2169 2285 2210 lustre théätre qui exerca de tout temps unc
1416 2208 2281 2253 influence énorme sur l’évolution do Tart
1403 2242 2281 2297 dramatique, do la poésic et des lettres en
1407 2286 1617 2335 Autriche.
1441 2323 2269 2369 Mais il yaen déjà souvent des piéces ad¬
1407 2345 2286 2427 mirablement jonées et montées an Burg¬
1424 2404 2287 2463 Ceater! Les prödiges accomplis par la direc¬
1434 2453 2281 2499 an et les artistes de la célehre compagnie
1428 2478 2276 2536 sauraient expliquer, en tout cas, le reten¬
1398 2516 2284 2570 Ftissement littéraire provoqué par l’ouvrage
1414 2561 1817 2611 d’Arthur Schnitzler.
1429 2601 2278 2643 La donnée initiale de l’ouvre ne brillo ce¬
1401 2643 2276 2698 pendant ni par la nouveauté, ni par l’im¬
1411 2687 2277 2732 prévu. En offet, si on l’examine dans ses
1409 2725 2280 2763 traits essentiels, cn le dégageant des trois ou
1412 2763 2280 2817 quatre intrigucs accessoires qui l’accompa¬
1412 2799 2278 2852 gnent et ralentissent trop souvent l’action, le
1416 2845 2285 2910 sujet de cette chroniquc historique se ramene
1412 2881 2279 2915 à l’éternelle histoire d’unc conspiration ma¬
1407 2912 2270 2961 lencontreuse. Dans combien de drames, de
1398 2959 2268 3006 comédies et de romans avons-nous assistó
1401 2997 2269 3039 aux mancuvres de conspirateurs ayant juré
1394 3037 2278 3072 la perte de Napoléon, alors que les victoires
1408 3077 2272 3132 du Cesar moderne asservissaient I’Europe
1405 3108 2279 3164 entière, fremissante de révolte et de rancune.
1400 3152 2269 3200 Le héros de Schnitzler vient augmenter en¬
1401 3194 2274 3231 core cette innombrable famille. Le jeune
1405 3227 2271 3274 Médard est un aimable viennois dont le ca¬
1398 3270 2271 3324 ractère synthétise avec infiniment de force
1408 3311 2273 3363 et de pittoresque l’état d’äme de la bour¬
1410 3344 2275 3402 geoisie allemande, au début du dix-neuvième
1416 3388 2273 3435 siécle. II est à la fois irrésolu ct enthousiaste,
1407 3429 2276 3466 dévoré par de grandes espérances et accablé
1400 3467 2272 3507 par la tristesse de vivre, par la noble et dé¬
1410 3513 2272 3551 cevante mélancolie du romantisme a son
1404 3545 2274 3582 aurore. Exalté et réveur, épris des plus belles
1407 3587 2260 3633 chimères, mais n'ayant ni la force de les
1401 3626 2271 3665 réaliser, ni le triste courage de les désavouer,
1399 3661 2273 3717 Médard continue, on le voit, la race fatale
1410 3700 2137 3742 des Werther, des Manfred, des Lara.
1420 3738 2275 3786 Lui aussi, il est de ceux que lo destin a
1403 3784 2266 3817 marqué an front du signe redoutable. Comme
1397 3815 2265 3872 tous les réveurs de sa génération et de son
1408 3856 2265 3911 pays — T’action se passe en 1809 — il hait
1401 3899 2268 3952 Napoléon et a juré de délivrer la patrie cap¬
1397 3942 2269 3988 tive. Ce projet de régieide est d’aillours ins¬
1399 3977 2270 4026 pire en grande partie par Pimmense ameur
1406 4011 2266 4055 que Médard ressent pour la charmante ot
1410 4040 2270 4093 enigmatique prineesse Hélene, ennemie irré¬
1401 4090 2277 4133 ductible de Bonaparte. Celle-ci espere que
1400 4122 2276 4173 son flaneé tiendra le serment prononcé jadis
1396 4148 2268 4210 en une heure d’exaltation et de folie. En
1404 4197 2267 4245 frappant le nouveau Cesar. qui se trou#e
2284 378 3155 428 nale qui Tentoure, cette harmonie secrôte
2301 409 3163 465 et ultime de Prruvre, voilà ce qui enLons¬
2295 454 2965 508 titne le charmeret la rare beauté.
2331 475 3168 537 Le drame d Arthur Schnitzler se rattache
2293 528 3182 593 par la, en les renouvelant, aux plus nobles.
2296 579 3027 625 traditions de l’art idéaliste allemand.
2674 629 3105 696 Stanislas Rzewuski.
2459 697 2833 768 —
