3344 4352
143 238 1307 325 2. Cutbings box 37/4
1624 1009 2001 1079 Wien, Mittwoch
974 1007 1187 1081 Seite 4
940 1108 2110 1168 Jahren ein auf sehr schlechtem Papier gedrucktes Stück,
931 1157 2109 1210 „Das Märchen“, in die Hand gekommen. Ich hatte es ge¬
948 1212 2111 1269 lesen und, einen Dichter erkennend, war ich noch warm
950 1258 2102 1311 vom Lesen nebenan zum Direktor gestürzt, um ihm zu
942 1295 2102 1357 sagen: Hier ist ein Stück von einem offenbar jungen
941 1355 2098 1414 Dichter, das ich sehr empfehle. Neumann war sofort bereit,
953 1391 2105 1441 mein Urteil zu akzeptieren und fragte, von wem das
950 1440 2111 1514 Stück sei, worauf ich den Namen Artur Schnitzlers
953 1492 2102 1547 nannte. Neumann sprang auf: Schnitzler, das ist ja der
944 1538 2108 1596 Sohn meines Freundes. Telegraphieren Sie sofort an
950 1578 2109 1652 Professor Schnitzler meinen Glückwunsch und die An¬
950 1638 2107 1692 nahme des Stückes. Ich erinnere an dieses kleine Er¬
949 1685 2111 1745 lebnis aus einer Zeit, die wahrlich reich war an ange¬
950 1723 2101 1787 strengter Arbeit, an immer sich erneuernden Ansätzen und
945 1777 2099 1844 Entwürsen, an ernsten und heiteren Erlebnissen, an
941 1828 2110 1882 großen und unvergessenen Genüssen, deshalb, weil ich die
947 1870 2113 1931 Wesenszüge eines Charakterbildes, das in diesem Augen¬
948 1918 2105 1977 büick nur andeutungsweise entworfen werden kann, nicht
953 1965 2112 2027 aufzuzählen vermag, ohne des warmen Freundschafts¬
945 2011 2119 2082 gesühles zu gedenken, dessen Neumann fähig war. Er
940 2058 2102 2110 konnte ein aufopfernder und treugläubiger Freund sein.
944 2106 2105 2162 Wem er einmal sein Herz gegeben hatte, der war seiner
949 2155 2108 2211 sicher. Im Kreise der Freunde, wie konnte er heiter sein.
953 2211 2110 2278 Zwar fehlte niemals der Unterton seines ganzen Lebens
952 2251 2102 2305 und Schaffens, niemals der Gedanke an das Theater.
947 2298 2103 2354 Aber wenn er mit seinen Freunden beisammen war,
950 2344 2103 2402 dann hatte er auch Gedanken für ihre Schicksale, für ihr
948 2396 1997 2462 Glück, Mitempfinden und Hilse für ihren Schmerz.
1036 2437 2099 2518 Noch gestern sagte er zu seinem Arzte, Dr. v. Funke,
954 2486 2105 2543 in einem Gespräch, das ohne Beziehung auf seinen Zu¬
950 2535 2118 2596 stand geführt wurde, der ja eine augenblickliche Gefahr
949 2583 2118 2660 gar nicht besorgen ließ: „Ich glaube, wenn unter der
943 2631 2120 2706 Erde nichts mehr von mir übrig sein wird, in der Ge¬
940 2677 2108 2754 schichte des Deutschen Landestheaters wird mein Name in
943 2716 2118 2793 Treue fortleben.“ Wie bescheiden war doch dieser Gedanke
942 2786 2111 2849 eines Mannes am Ende einer Laufbahn, deren verhält¬
949 2823 2114 2881 nismäßig kleinerer Teil dem Deutschen Landestheater
942 2871 2107 2931 angehört! Aber wir wollen ihm größeren Ruhm ins
952 2921 2118 2987 Grab nachrufen: Sein Gedenken wird sortleben, solange
950 2969 1967 3050 wir, die wir ihn gekannt haben, am Leben sind.
1049 3062 2023 3150 Die Leichenfeier für Angelo Neumann.
1219 3118 1849 3193 (Telegramm der „Neuen Freien Presse“.)
1679 3154 2072 3224 Prag, 21. Dezember.
1024 3201 2097 3256 Die Leichenfeier für Angelo Neumann wird übermorgen
945 3247 2113 3306 (Freitag) um 2 Uhr nachmittags stattfinden. Die Aufbahrung
943 3295 2103 3346 erfolgt im Vestibül des Neuen deutschen Theaters. Namens der
949 3332 2105 3396 Intendanz wird bei der Trauerfeier Dr. Eppinger, Alexander
949 3377 2105 3441 Richter namens des Deutschen Theatervereines, Heinrich
949 3423 2106 3477 Teweles namens der Prager „Concordia" und De Vry
946 3462 1895 3521 namens der Mitglieder des Landestheaters sprechen.
1146 3551 1898 3647 Paul Heyse über Carducci.
1222 3626 1846 3695 (Telegramm der „Neuen Freien Presse“.)
1585 3667 2080 3721 München, 21. Dezember.
1030 3708 2111 3766 Paul Heyse hat in den letzten Tagen bekanntlich das
953 3749 2115 3808 Mißfallen vieler Italiener durch die Kritik erregt, die er an
946 3790 2103 3858 ihrem gefeierten, vor zwei Jahren verstorbenen Dichter
946 3832 2105 3892 Carducci geübt hat und die durch den Abdruck
949 3873 2109 3937 eines Fragments aus einem Briefe Heyses an einen
954 3914 2110 3974 italienischen Schriftsteller bekannt geworden ist. In den
944 3951 2107 4022 „Münchener Neuesten Nachrichten“ äußert sich nun heute Paul
943 4006 2112 4067 Heyse ausführlich über die ganze Sache und legt nicht nur
953 4044 2102 4116 seine kritischen Anschauungen über Carducci dar, sondern er¬
944 4087 2103 4149 zählt auch, wie diese Anschauungen zur Veröffentlichung ge¬
961 4147 1181 4198 langt sind.
2113 1095 2396 1156 weitere Bänd
2125 1147 2390 1203 bändige Schr
2122 1188 2400 1245 seine Gründe
2128 1233 2393 1293 schweigen an
2113 1278 2364 1333 zu beachten,
2116 1311 2393 1375 ersten Aushe.
2124 1362 2392 1420 ob ich die 2
2124 1403 2388 1462 möchte, jener
2199 1449 2395 1501 Die mir
2121 1487 2395 1551 ich mir er
2120 1535 2398 1589 kommen wür
2128 1581 2394 1635 Libell ausge
2115 1621 2399 1677 ich auch viel
2120 1664 2387 1732 nicht beipflich
2122 1708 2373 1764 an Lovera,
2122 1754 2391 1809 zitieren, dam
2121 1789 2396 1858 nicht den M
2129 1839 2385 1900 öffentlich ein
2120 1876 2399 1939 werden möck
2128 1925 2362 1981 das freilich
2120 1968 2370 2023 worden ist,
2122 2011 2386 2075 da es sich un
2134 2049 2394 2114 wurde, in lie
2135 2100 2365 2156 Empörung
2130 2137 2391 2199 des Literarl)
2130 2186 2389 2241 habe: „Cark
2123 2229 2366 2286 schaut oder
2119 2272 2385 2330 Seele, sonde
2123 2313 2384 2375 lich weist He¬
2120 2360 2392 2412 modernen itt
2116 2406 2393 2485 Nachdichtung
2121 2448 2276 2512 haben.
2163 2517 2400 2618 Millio
2203 2698 2371 2771 Rock
2130 2752 2387 2828 Million
2131 2811 2374 2873 Schenku
2120 2856 2395 2929 betragen nu
2201 2967 2367 3045 Nach (
2132 3023 2393 3094 der amerika
2136 3082 2392 3144 sozialpolitisc
2125 3129 2393 3191 Riesensumm
2138 3177 2384 3243 trusts, Jo)
2129 3222 2365 3286 Amerikas,
2124 3280 2376 3338 lichen Ann
2133 3323 2383 3397 wird, zehn
2136 3373 2350 3428 gewendet.
2136 3399 2379 3481 Betrag von
2129 3467 2374 3532 Rockefellers
2134 3517 2371 3584 Stiftungen
2137 3564 2391 3627 vor drei I.
2117 3611 2383 3686 zogen, die
2126 3659 2372 3718 Spenden 9
2131 3698 2376 3766 wirtschaftlic
2133 3755 2346 3810 gewidmet.
2134 3796 2374 3852 durch Erri
2130 3836 2383 3898 Musterbetri
2118 3877 2378 3948 der Sklave
2134 3929 2351 3997 Auch den
2137 3969 2365 4046 gregationer
2134 4023 2375 4092 Allerdings
2133 4077 2381 4138 ein Haupt
2135 4124 2362 4185 bestehe in
