3392 4352
835 237 1328 354 box 37/4
162 251 761 373 2. Cuttings
416 815 2843 896 ist die Aufführung dramatischer Werke in früheren Zeiten] Bamberg und Kuh, in ihrer Art bedeutende Leute, haben
1641 871 2846 943 Hebbel nur geschadet, und daß Hauptmann durch das ihn
423 880 1595 972 weit „sicherer“ gewesen, als jetzt unter der Judenherrschaft —
1641 942 2849 1002 feiernde Judentum halb und halb zugrunde gerichtet worden
435 931 1634 1001 ich habe eine große Theaterchronik geschrieben und weiß da recht
1655 972 2848 1058 ist, ist die Ansicht vieler. Wie ihn übrigens Juden zuerst
430 992 1632 1075 gut Bescheid. Wenn nun neuerdings das Kaufen belletristischer
1644 1038 2843 1115 erhoben, haben ihn auch Juden (H. Landsberg, Paul Gold¬
434 1043 1633 1121 Werke bedeutend zugenommen hat, so ist das nicht
1644 1100 2855 1181 mann) zuerst „verworfen“. Es ist kein Segen bei der
424 1110 1644 1195 das Verdienst des Judentums, sondern die Folge
1654 1151 2850 1234 jüdischen Freundschaft. So möchte ich auch alle deutschen
437 1169 1643 1246 des steigenden Wohlstandes in Deutschland — wir
1638 1218 2846 1281 Dichter und Schriftsteller im Gegensatz zu dem Kritiker der
424 1218 1632 1294 können es uns eher leisten. Als vor einigen Jahren
1654 1260 2856 1343 „Kölnischen Zeitung“ aufs eisrigste davor warnen, sich mit
429 1281 1638 1355 die alte Klage über mangelndes Bücherkaufen in
1649 1315 2854 1409 den Juden einzulassen, es ist ein törichtes Gerede, daß sie
439 1328 1647 1419 Deutschland abermals erhoben wurde, da trat der Verleger
1639 1387 2850 1475 durch Bekämpfung des Judentums „den Ast absägen, auf
426 1391 1638 1494 Johannes Grunow auf und erklärte, diese Klage sei unbe¬
1644 1433 2858 1507 dem sie sitzen“, im Gegenteil, sie können nur gewinnen,
437 1460 1636 1528 rechtigt. Glaubt man nun etwa, das Jndentum habe die
1642 1502 2853 1591 wenn sie sich wieder frei vom jüdischen Vermittlertum machen
434 1505 1642 1586 Bücher des Grunowschen Verlags gekauft? Nein, das
1717 1556 2856 1628 alle unsere alten Dichter und Schriftsteller seit Klopstock
441 1574 1640 1647 kauft sensationelle Werke, aber nicht schlichte Familienromane
1649 1612 2851 1685 und Lessing stehen weit selbständiger da, als wir heute, haben
443 1627 1640 1711 sittlicher Haltung. Selbstverständlich, in die literarischen
1664 1658 2850 1752 weit mehr sie selbst sein können. Selbst aber auf die
441 1696 1646 1760 Vorträge laufen die Juden wie in die Theaterpremieren,
1662 1724 2861 1804 Gefahr hin, daß uns der Brodsack wieder höher gehängt wird,
434 1747 1642 1816 das ist Sensation oder doch mindestens interessante Unter¬
1650 1791 2858 1878 sollen wir die jüdische Herrschaft zu brechen versuchen — wie die
448 1794 1638 1869 haltung, sie wissen auch meist geistreich über Literatur zu
1657 1839 2859 1929 „Kölnische Zeitung“ sehr richtig sagt, es leidet die nationale
448 1854 1642 1939 schwatzen, aber wirkliches Verständnis für deutsche Literatur
1655 1895 2860 1977 Tiefe unsere Literatur, wenn sie noch länger fortbesteht, wir
446 1914 1645 1988 haben ja nicht einmal ihre kritischen und literaturhistorischen
1656 1974 2867 2035 erhalten eine internationale Großstadtkultur, die gar keine
445 1978 1653 2047 Größen, die R. M. Meyer, Eduard Engel und wie sie alle
1657 2015 2856 2094 Kultur mehr ist, wenn es noch lange so fortgeht wie bis¬
452 2024 1651 2117 heißen. Und da soll die intelligente jüdische Jugend die christliche
1651 2084 2862 2160 her. Ich bin von Hause aus judenfreundlich gewesen, wie
450 2100 1643 2175 (mit der sie nebenbei nicht einmal viel zusammenkommt)
1665 2141 2867 2210 die meisten im Liberalismus erzogenen Deutschen meiner
455 2148 1645 2219 mit fortgerissen haben zum Kaufen bedeutsamer deutscher
1659 2192 2854 2269 Generation, aber ich habe dann die Juden kennen gelernt,
454 2214 1647 2280 Werke — lächerlich! Friedrich Hebbel und Otto Ludwig
1672 2259 2862 2334 habe sie und ihr Schrifttum gründlich studiert, habe jetzt
444 2274 1661 2349 haben Adolf Stern (kein Jude!) und meine Wenigkeit mit
1662 2317 2825 2384 mehr als ein Jahrzehnt mit ihnen im Kampf gelegen —
445 2314 1659 2409 einigen anderen Deutschen in zwanzigjähriger mühevoller
1660 2356 2872 2456 jetzt kenne ich sie und werde zweifellos nicht mehr über sie
462 2378 1649 2460 Arbeit endlich durchgesetzt, für Eduard Mörike und Gottfried
1665 2432 2860 2497 umlernen: Sie sind in der Tat auch auf dem Gebiet der
450 2437 1660 2522 Keller ist nach Stern Ferdinand Avenarius immer wieder
1658 2481 2866 2546 Literatur von Börne und Heine bis heute das „Ferment
459 2488 1664 2565 eingetreten, und ähnlich verhält es sich mit den übrigen
1672 2535 2858 2614 der Dekomposition“, sie können uns Deutschen weder
455 2545 1658 2623 bedeutenden deutschen Dichtern neuerer Zeit wie
1663 2588 2859 2667 schöpferisch noch kritisch etwas geben, nur unser Eigenes
458 2620 1663 2683 Raabe, die Ebner=Eschenbach usw. Als Leo Tolstoi
1671 2646 2873 2725 virtuosenhaft nachmachen, überbieten und es dadurch wieder
457 2663 1665 2739 ihn besuchende Deutsche (wahrscheinlich Juden) nach
1670 2698 2875 2781 verderben, zersetzen. Eine jüdische Ecke in unserer Literatur
453 2731 1661 2789 Wilhelm von Polenz' „Büttnerbauern“ fragte, da
1673 2757 2872 2841 können wir uns im Notfall gefallen lassen (wie ich denn
463 2772 1653 2852 kannten sie alle die letzten Romane Zolas, die Erzählungen
1676 2806 2875 2900 selber für echtes jüdisches Pathos und selbst für jüdischen
462 2840 1665 2917 Kiplings, die Dramen Ibsens, d'Annunzios und Maeterlincks,
1663 2877 2874 2962 Witz etwas übrig habe), aber nimmermehr die jüdische
463 2893 1665 2975 aber den bedeutendsten deutschen Roman der Zeit hatte
1668 2935 2882 3009 Herrschaft. Diese ist zuletzt der vollständige Untergang
464 2950 1658 3030 niemand gelesen. Man schweige mir nur von den „Pienier¬
449 3002 2882 3097 diensten“ des Jndentums in dieser Beziehung — selbst] unserer eigenen Dichtung und weiterhin unseres Volkstums.
865 3179 2449 3297 Rechtspflege im Lande der Zuchtlosigkeit.
1272 3274 2036 3358 Streiflichter über Haiti.
1205 3322 2119 3411 Von E. Baron Binder=Krieglstein.
1691 3349 2874 3455 wegungen gaben der Erscheinung einen, den Negern sonst
558 3391 1664 3470 „Gestatten Sie, daß ich Ihnen Herrn General Hearn
1690 3427 2871 3502 so fremden Anstrich von männlicher Würde. Als Distrikts¬
457 3451 1665 3546 vorstelle, der lebhaft wünscht, Ihre Bekanntschaft zu
1681 3479 2876 3554 kommandant in einem Küstenplatze soll er sich seinerzeit
476 3509 665 3586 machen -
1686 3532 2873 3601 durch die Skrupellosigkeit seines summarischen Rechts¬
558 3533 1673 3630 „Was mag das nur wieder für ein schwarzer Gauner
1691 3581 2872 3666 verfahrens, welches lediglich in raschem Füsilieren bestand,
775 3587 1674 3657 “ meditierte ich, indem ich einem der Tausend
480 3593 611 3673 sein —
1691 3634 2109 3720 sehr bewährt haben.
465 3645 1664 3718 haitianischen Generale die Flosse entgegenstreckte und nach
1759 3640 2874 3743 Der Mann schien interessant, und ich hoffte in ihm ein
477 3690 1679 3794 einem herzlichen Händedrucke verstohlen am Rocksaume ab¬
1681 3709 2878 3802 wertvolles Studienobjekt zu finden, jedoch in den drei
483 3757 658 3818 wischte.
1691 3763 2881 3851 Tagen, da wir gemeinsam unser Frühstück einnahmen,
570 3747 1680 3854 Ein sonderbarer Heiliger, dieser General! Herr Pape,
1691 3813 2875 3889 schien der Mann außerordentlich zerstreut und war nicht
473 3836 1669 3910 der unsere Bekanntschaft vermittelt, versichert mir, er sei
1689 3857 2879 3933 in ein längeres Gespräch zu verwickeln. Eine seltsame Un¬
468 3876 1682 3957 einer der anständigsten Haitianer, welcher in der letzten
1688 3905 2890 3975 ruhe, die er nur schwer zurückdrängte, und manch ängstlicher
470 3932 1669 3998 Revolution der Partei der Fiministen angehört habe, von
1693 3957 2887 4034 Blick, den ich erhaschte, sagten klar und deutlich, daß mit
477 3984 1682 4042 der siegreichen Nordpartei aber begnadigt worden sei und
1695 4016 2351 4078 ihm nicht alles in Ordnung sei.
479 4027 1670 4113 bis zu seiner Wiederanstellung der Firma Pape gute
1760 4070 2887 4149 Der vierte Morgen brachte bereits die Ueberraschung.
476 4084 1153 4156 Dienste als Kommissionär leiste.
1696 4122 2306 4193 Er kam nicht zum Frühstück.
568 4122 1673 4198 Der Mann sah nicht uneben aus — das dunkelbraune
1994 4172 2093 4231 B
