3344 4352
164 282 1307 407 2. Cuttings box 37/4
1645 531 1764 614 483
515 619 1689 694 Seite 426 meiner Literaturgeschichte steht ausdrücklich zu lesen:
1718 632 2901 713 darin durchaus zuzustimmen, daß die Zahl der Jnden unter
499 684 1698 744 „Hier (in der Gründerperiode) tritt nun auch das seit 1848
1719 693 2904 772 den schöpferischen Persönlichkeiten der modernen
499 742 1691 808 bürgerlich gleichberechtigte und seitdem zu großer Bedeutung
1711 754 2904 813 deutschen Literatur außerordentlich gering ist. Das ent¬
510 788 1699 863 gediehene Judentum zum ersten Mal als Macht im deutschen
1727 808 2911 888 spricht durchaus meiner Theorie, daß das Judentum (ungleich
500 862 1690 920 Leben offen hervor, wir sehen es auf wirtschaftlichem (Börse)
1712 866 2909 950 dem Volke Israel der Bibel, das bekanntlich etwas ganz
509 906 1695 968 wie auf geistigem Gebiete (Presse, Theater, Literatur)
1711 928 2906 984 anderes ist, stark mit turanischen und arischen Elementen
502 970 1691 1041 seinen durchaus unheilvollen Einfluß üben, der seitdem nicht
1717 989 2905 1060 versetzt und von den Hebräern vielleicht nur „vergewaltigt“)
506 1029 1696 1093 wieder überwunden ist. Aber doch wäre es ungerecht, das
1715 1039 2912 1116 überhaupt keine oder sehr geringe schöpferische Begabung
512 1093 1696 1153 zersetzende Judentum allein oder auch nur zum größeren
1712 1108 2902 1166 hat, sich immer nur Fremdes aneignet, allerdings in meister¬
509 1146 1698 1204 Teile für die deutsche Decadence verantwortlich zu machen,
1719 1155 2900 1220 haft=virtuoser Art. Eben durch die virtuose Aneignung, die
500 1199 1690 1257 nein, in der Hauptsache tragen wir Deutschen selber die
1713 1209 2900 1292 brillante Mache gewinnen dann aber jüdische Talente
504 1246 1691 1335 Schuld, wir haben den Mächten der Zeit kein in sich ge¬
1710 1281 2906 1335 großen Einfluß und drängen nicht nur die nationalen
502 1311 1692 1383 festetes Deutschtum entgegengestellt, haben im besonderen die
1717 1338 2903 1408 Talente in den Hintergrund, sondern verderben auch
504 1378 1698 1434 Einigung des Reiches als Abschluß unserer nationalen
1713 1384 2907 1456 Literatur und Leben, schon deswegen, weil sie als Virtnosen
506 1429 1698 1486 Kämpse angesehen, ja, sogar ein völlig äußerliches und
1704 1450 2894 1508 naturgemäß äußerlicher sind als die nationalen Talente,
510 1486 1685 1554 hohles, sich an patriotischen Phrasen berauschendes Selbst¬
1716 1500 2906 1577 dann weil doch von den weniger guten Eigenschaften ihrer
500 1558 1699 1618 gefühl in uns ausgebildet, das mit ernstem Deutschgefühl und
1717 1560 2898 1613 Rasse immerhin allerlei in ihre Werke überfließt, mögen diese
522 1614 1684 1676 echtem nationalen Stolz auch nicht die Spur gemein hatte.“
1718 1615 2908 1679 zunächst auch Gehalt wie Form entlehnen. Das ist meine
511 1659 1700 1729 Wie ein ernsthafter Leser meiner Literaturgeschichte diese
1726 1671 2905 1729 Grundanschauung, und sie ist unzweifelhaft unwiderlegbar,
501 1719 1695 1783 wichtige Stelle übersehen kann, ist doch schwer zu begreifen.
1712 1728 2908 1785 Heine, etwa im Verhältnis zu Goethe, Uhland, Eichendorff,
511 1784 1701 1842 Ich habe dann weiter die Ueberwindung der Decadence
1715 1789 2908 1848 Mörike gesehen, Auerbach im Verhältnis zu Jeremias Gotthelf
503 1837 1690 1901 durch die soziale (Rodbertus, Wagner, Stöcker u. s. w.)
1724 1841 2908 1915 sprechen da gar zu deutlich. Im besonderen aber hat
509 1898 1691 1963 und die nationale Bewegung (Treitschke, Lagarde, Friedrich
1725 1904 2912 1966 die jüngste Literaturentwicklung den ungünstigen Einfluß
510 1951 1702 2021 Lange u. s. w.) dargestellt, und wenn ich in der letzten
1715 1959 2896 2026 des Judentums erfahren. Gewiß, die Brüder Hart, Bleib¬
518 2025 1692 2085 Auflage meines Werkes die Judengefahr wieder stärker be¬
1721 2025 2896 2086 treu, Conrad, die Fütter der Gärung der achtziger Jahre,
504 2078 1706 2142 tonte, so geschah es, weil in neuerer Zeit der literarische
1728 2081 2901 2144 sind keine Jnden, aber man darf doch nicht, wie es
519 2146 1702 2199 Einfluß des Jndentums wieder größer geworden ist. Eben
1728 2138 2915 2195 die „Kölnische Zeitung“ tut, verschweigen, daß neben
518 2188 1693 2250 das, was der Verfasser des Kölnischen Zeitungs=Artikels
1726 2202 2903 2266 ihnen die Leo Berg, Eugen Wolff, Konrad Alberti, Otto
519 2253 1709 2322 als von mir „nicht in Rechnung gezogen“ anführt, die
1726 2243 2895 2314 Brahm, Hermann Bahr (bei dem ich das übliche Frage¬
506 2304 1705 2358 Weltstadtentwicklung Berlins, die sozialen Bewegungen, die Be¬
1726 2307 2913 2380 zeichen mit Vergnügen mache) stehen und daß diese Führer
506 2358 1705 2437 wegung der Frauenfrag. die modernen naturwissenschaftlichen
1716 2359 2905 2443 die lautesten waren und den größten Einfluß hatten,
520 2417 1711 2482 Theorien, ist dem Judentum zu gute gekommen und hat
1728 2424 2906 2489 das heißt, die Bewegung um ihre ursprünglichen nationalen
514 2475 1697 2542 seine Macht erhöht. Berlin ist oder scheint doch, das kann
1716 2495 2915 2552 Ziele gebracht haben. Auch Sudermann und Hauptmann
1731 2532 2910 2598 sind keine Juden, aber wiederum stehen neben dem ersteren
512 2544 1702 2605 kein Mensch bestreiten, heute wesentlich jüdische Stadt:
516 2587 1710 2651 Alle seine Theater, die meisten seiner Zeitungen, auch ein
1720 2595 2904 2665 Talent. wie Felix Philippi, Ludwig Fulda, Rudolf Lothar,
1727 2651 2944 2727 Lothar Schmidt usw., neben dem letzteren Schnitz'er, Hirsch¬
523 2645 1710 2729 großer Teil seiner Industrie, seines Handels und Verkehrs,
1729 2695 2919 2780 feld, Langmann, Dörmann usw., und unzweifelhaft heimsen
521 2712 1708 2776 selbst des Grundbesitzes sind in jüdischen Händen oder unter
1738 2770 2916 2841 sie einen bedeutenden Teil der Erfolge ein, während die
519 2762 1703 2844 jüdischem Einfluß, und selbst sein äußeres großstädtisches
1732 2816 2914 2902 deutschen Talente zweiten und dritten Ranges solche voll¬
514 2834 1711 2898 Leben trägt im ganzen die jüdische Physiognomie. Ich
1734 2897 2915 2961 ständig entbehren müssen und darüber verzweifeln oder zu
529 2886 1708 2958 weiß, daß trotzdem Hunderttausende von Berlinern gute
1738 2953 2918 3014 Erfolgdienern werden. Das ist die „Signatur“ der neuen
514 2960 1707 3010 Deutsche sind, und daß die das Judentum bekämpfenden
1732 3004 2908 3071 deutschen Literaturentwicklung: Das Judentum bemächtigt
516 2999 1708 3073 Mächte auch ihren Einfluß haben, aber der Gesamteindruck
1738 3064 2909 3127 sich der großen deutschen Talen der Zeit, wie Haupt¬
513 3064 1716 3119 eines Neu=Jerusalem, wie schon Karl Immermann sagte,
1727 3110 2925 3182 manns, und stellt die Leute des Tags aus Eigenem. Dabei
511 3134 1710 3190 wird dadurch nicht aufgehoben. Daß die sozialen Be¬
1733 3171 2916 3242 kommt dann aber das Dekadente, das ich hier
529 3182 1711 3251 wegungen sozialdemokratischer und Naumannscher Richtung
1737 3228 2913 3295 als das dem Nationalcharakter Widersprechende und
527 3228 1718 3301 vor allem dem Indentum zu gute gekommen sind, ist auch
1741 3279 2915 3358 das nationale Leben durch Sensation und Mode Verderbende
525 3302 1714 3365 bekannt und ebenso, daß die Frauenbewegung, wenigstens
1734 3341 2914 3416 definieren möchte, allezeit empor, selbst die größeren deutschen
523 3348 1718 3416 die extremere, ganz unter jüdischen Einfluß geraten ist.
1733 3412 2930 3485 Talente werden ruiniert, irregeleitet, zuletzt dann mitleidlos
525 3409 1722 3476 Endlich übt das Judentum einen starken Einfluß auf die
1743 3452 2916 3536 beiseite geschoben. Das sind Verhältnisse, wie sie uns jeder
521 3473 1723 3532 Entwicklung der modernen Naturwissenschaft, indem es
1742 3518 2916 3582 Tag offenbart. Selbstverständlich leugne ich nicht, daß
525 3522 1721 3578 deren auflösende Tendenzen fördert, aber gesunde Ideen,
1738 3569 2931 3657 auch nationale Talente von Zeitkrankheiten ergriffen werden
519 3579 1727 3659 wie die der Rassenlehre, mögen sie wissenschaftlich noch so
1732 3631 2929 3714 können, aber daß die Decadence so ausgeprägt wird und
526 3642 1727 3698 begründet sein, nicht aufkommen läßt. Das sind doch alles
1735 3677 2928 3758 so weite Kreise packt, ist zu einem guten Teil sicherlich
519 3714 1713 3769 ernsthaft nicht gut zu bestreitende Tatsachen, denen als er¬
1741 3741 2927 3815 Schuld des Jndentums. Schon unter den Münchener
534 3754 1732 3832 freuliche nur die gegenübersteht, daß sich der gesellschaftliche
1745 3799 2936 3888 Dichtern sind die beiden modernsten und den Zeitkrankheiten
528 3828 1731 3895 Antisemitismus unter den Gebildeten Deutschlands so
1753 3870 2934 3942 zugänglichsten, Heyse und Hopfen, Halbjuden, und wiederum
526 3875 1731 3951 ziemlich allgemein durchgesetzt hat, ohne freilich auf das
1752 3914 2935 3997 kann man auch unter den Neuesten die dekadentesten Er¬
522 3934 1559 4001 Kulturleben bereits allzu starken Einfluß zu üben.
1748 3990 2938 4059 scheinungen als jüdisch nachweisen. Mein Kritiker nennt
623 3991 1725 4065 Kommen wir jetzt zum Literaturleben zurück, so haben
1732 4028 2949 4122 I Otto Erich Hartleben, Otto Julius Bierbaum, Fran,
535 4054 1707 4149 wir dem Verfasser des Aufsatzes in der „Kölnischen Ztg.“
