3344 4352
1641 165 2455 221 —
166 227 1327 322 2. Cuttings box 37//4
985 841 1648 960 MTcana
2367 810 2640 1000 2
825 949 1683 1033 VIER DEUTSCHE NEU-ROMANTIKER
2275 966 2413 1038 217
813 1024 920 1106 (300
2191 1021 2407 1114 1
814 1112 2400 1179 des Dieners, dem sich niemand entziehen kann, kommt zwischen dem Vikar
814 1166 2406 1232 und seinem Bruder Robert eine Versöhnung zustande. Mary gelangt wieder
819 1218 2403 1270 zu ihrem Vater, und der Bischof von Lancashire wird aus dem Hause gejagt.
813 1266 2413 1314 Der Vikar streift die Hemdärmel auf, um mit seinem Bruder Robert die Ka¬
816 1312 2414 1362 näle unter der Kirche zu reinigen. Das bedeutet, er will an einer Reorgani¬
817 1362 2409 1417 sation der christlichen Kirche arbeiten und versuchen nach Jesu Lehren
811 1407 1050 1476 zu leben.
908 1443 2408 1514 Zum Schluß gibt sich dann der Diener als der Bischof aus Indien zu
820 1496 1057 1585 erkennen.
913 1542 2401 1623 Kennedy plant noch sechs Dramen, die sich alle mit sozial-ethischen
823 1599 1402 1673 Probiemen befassen sollen.
910 1663 2405 1717 Bald wird füs das amerikanische Drama auch eine neue Pflegestätte
820 1708 2410 1754 eröffnet werden, durch das „New Theatre“, das reichlich subventioniert
825 1759 2409 1817 wird und nicht wie die Bühnen des Theatertrust kommerziellen Zwecken
824 1805 2402 1851 dienen soll, sondern in das abwechselndes Repertoire guter moderner und
822 1852 1837 1917 auch klassischer Stücke eingeführt werden wird.
911 1908 2403 1966 Die Versuche mit einer freien Bühne, dem Mangel an Instituten, die nicht
815 1963 2401 2013 nur das kommerzielle Interesse im Auge haben, abzuhelfen, haben für Ur¬
819 2008 2402 2065 aufführungen noch wenig erreicht. Die „Progressive Stage Society“ und
819 2055 2411 2124 einige andere Vereinigungen, die die Ziele einer freien Bühne verfolgten,
816 2100 2184 2163 konnten hauptsächlich wegen Geldmangel nicht weiter existieren.
914 2142 2409 2217 Die deuitsche freie Bühne, die erst vor einem Jahre gegründet wurde,
814 2210 2404 2234 war allerdings sehr erfolgreich und zählt bereits über 800 Mitglieder. Aber
807 2237 2415 2310 man hat sich bisher darauf beschränkt, gute Stücke auszuwählen, die ohnehin
809 2308 2405 2343 auf dem Repertoire unseres deutschen Theaters standen, und die eine mo¬
816 2340 2404 2386 derne Tendenz verfolgten. Aber eine Weiterentwicklung wird auch hier
813 2395 2415 2441 stattfinden. Es ist sicher, daß sowohl die dramatische Produktion als auch
820 2444 2414 2493 die Darstellungskunst in den letzten 5 Jahren hier sehr gewachsen sind.
817 2487 2417 2531 Vor allem das Interesse an beiden, denn nur wenn dieses vorhanden ist,
811 2531 2413 2593 können ja die Talente zur Geltung kommen. Sie haben sich jedenfalls nicht
821 2590 2409 2654 erst in dieser kurzen Zeit entwickelt, aber erst jetzt beginnt man den dra¬
825 2640 2427 2712 matischen Autoren, die etwas Ernstes, besonders auf sozialem Gebiet, zu
812 2681 2138 2765 sagen haben, nach und nach die Tore der Bühnen zu öffnen.
1399 2795 1495 2896 O
771 2816 1131 3067 A
1565 2916 1670 3008 O
811 3038 2415 3139 DR. CHRISTINE TOUAILLON, VORAU, STEIER¬
819 3126 2304 3202 MARK: VIER DEUTSCHE NEU-ROMANTIKER.
1040 3226 2403 3284 I E geistige Entwicklung der beiden verflossenen Jahrhunderte
1045 3279 2407 3335 wird von demselben gesetzmäßigen Zug beherrscht. Der höchsten
1047 3321 2415 3385 Schätzung des Bewußten, Klaren, Abgegrenzten folgt stärkstes
955 3293 1051 3404 0
823 3367 2411 3426 Verlangen nach dem Unbewußten, Dämmerhaften, Zerfließenden.
811 3421 2417 3479 Der Aufklärung folgt die Romantik, dem Naturalismus die Neuromantik
823 3479 2417 3541 auf dem Fuße. Keine Mode, sondern wahrster Ausdruck der Sehnsucht, die
822 3531 2426 3579 alle Herzen durchdringt und sich in den mannigfaltigsten Formen äußert.
829 3577 2425 3636 Beständig flutet der geistige Strom zwischen den beiden Polen hin und her;
