3344 4352
793 332 1256 412 box 37/4
119 329 782 446 2. Cuttings
556 672 1506 865 ODN. I. K
2563 866 2679 922 22
1127 879 2214 946 Oskar F. Walzel: Bühnenfragen der Gegenwart.
682 905 782 965 21
1681 963 2679 1038 reiche Umformung erfährt: „Du bift ja ein
664 987 1659 1061 sein des Publikums gerückt werden, daß
1691 1012 2678 1095 Dichter, ein Seelenkünder — erkläre das doch
679 1044 1654 1117 komische und tragische Bühne aller Zeiten mit
1688 1070 2677 1142 den Leuten, die es nicht veritehen wolleng,
679 1107 1665 1155 der Bühnenillusion gespielt hat. Nicht bloß
1694 1144 2677 1198 sagt Amadeus. Albertus erwidert: 9. wenn
677 1154 1660 1217 die ariitophanische und die shakespearische
1689 1194 2678 1241 du Wert darauf legit, so mache ich einfach
682 1202 1658 1288 Komödie geitattet sich, mit einem Ruck in
1686 1228 2686 1316 ein Stück daraus. Dann werden sie ohne
686 1258 1658 1325 dem Zuschauer das Bewußtsein wachzurufen,
1699 1283 2617 1354 weiteres diese Art von Ehe begreifen
680 1312 1657 1375 daß er nicht Wirklichkeit, sondern Theater¬
1688 1339 2685 1423 wenigitens von halb acht bis zehn... In
693 1367 1672 1436 spiel vor sich hat. Wie Fabio in „Was ihr
1700 1391 2674 1465 einem Stück kann ich ja den Fall viel klarer
680 1417 1670 1495 wollte (III, 4) angesichts der tollen Streiche
1698 1465 2671 1525 daritellen, als er sich tatsächlich präsentiert,
688 1467 1670 1544 Malvolios ausruft: „Wenn man dies auf dem
1688 1510 2671 1568 ohne das überflüssige episodische Beiwerk,
678 1527 1666 1592 Theater vorftellte, so tadelte ich es vielleicht
1694 1554 2678 1629 mit dem uns das Leben verwirrt.e Weitere,
682 1591 1664 1649 als eine unwahrscheinliche Erdichtungg, so
1699 1626 2677 1687 die Illusion zerltörende Scherze, die in dem¬
689 1648 1667 1711 verweift der Patriarch von Jerusalem den
1702 1666 2682 1746 selben Drama und in anderen Bühnenver¬
684 1691 1671 1751 Tempelherrn in Lessings NNathang, ungewiß,
1699 1719 2688 1807 suchen Schnitzlers ihren Platz fanden, seien
695 1743 1668 1821 ob ihm bein Faktum oder eine Hypothes’g in
1701 1779 2694 1846 hier nicht gebucht; nur der itärkiten und
689 1812 1671 1863 des Tempelherrn anklagender Frage vorgelegt
1705 1824 2679 1910 schärflten Ausprägung, die das Spiel mit der
695 1863 1685 1930 worden sei, auf das Theater, pwo dergleichen
1702 1874 2691 1954 Bühne durch Schnitzler erfahren hat, sei noch
689 1906 1673 1984 pro Et contra sich mit vielem Beifall könnte
1703 1930 2688 2014 gedacht, des nGrünen Kakaduc (1899). Geilt¬
686 1955 1674 2026 Behandeln lasseng. Weiß er doch nicht, ob
1711 1991 2693 2058 voller und doch auch bühnengemäßer hat
699 2016 1679 2077 man ihn nur omit einer theatral'schen Schnurrec
1707 2052 2689 2109 keiner seiner Vorgänger die dramatische
688 2061 1677 2126 zum beiten habe. Wie in Shakespeares Lult¬
1714 2089 2701 2174 Spiegelwirkung herausgebracht. Selbit das
704 2134 1680 2189 spiel wird hier dasselbe Spiel mit der Bühne
1712 2147 2695 2215 Mufter= und Meifterftück romantischer Komik,
696 2170 1690 2244 und ihrer Illusion getrieben, zu dem auch die
1710 2213 2702 2276 der „Geltiefelte Katerg von Tieck, erscheint
698 2240 1690 2314 auf der komischen Bühne oft geltellte Frage
1713 2257 2701 2327 beinahe plump und unbeholfen neben Schnitz¬
695 2279 1692 2365 zählt: „Hältlt du mich für einen Theater¬
1718 2305 2697 2383 lers bühnensicherem Spiel mit der Illusion.
699 2347 908 2408 onkel ?
1793 2351 2720 2432 „Groteske in einem Akte nennt sichedes
782 2382 1687 2452 Ebenso iit es durchaus nicht bloß Eigen¬
1709 2417 2697 2485 Stück. Es spielt in Paris am Abend des
710 2456 1694 2511 heit der komischen Bühne des Ariftophanes,
1716 2472 2695 2542 14. Juli 1789 und beginnt, kurz ehe die Nach¬
712 2504 1685 2567 Shakespeares, Holbergs, Goethes, der Roman¬
1722 2529 2706 2609 richt von der Erltürmung der Baitille die
714 2553 1683 2638 tiker auf der Bühne von der Bühne zu reden,
1718 2597 2698 2660 Stadt durcheilt. Ein verkrachter Theater¬
714 2614 1694 2672 das aufgeführte Stück im Stücke selblt zu
1718 2636 2702 2701 direktor hat eine Spelunke als Theater — wir
716 2658 1698 2723 kritisieren, auf das Theater wieder ein Theater
1729 2688 2703 2759 würden heute sagen: als Kabarett — ein¬
723 2712 1692 2781 und sein Publikum zu itellen und in solchen
1715 2759 2698 2830 gerichtet. Die Schaurpieler und Schauspiele¬
719 2766 1695 2846 Spiegelwirkungen Wirklichkeit und Spiel bunt
1726 2803 2707 2871 rinnen mimen Beutelschneider, Zuhälter,
728 2820 1702 2891 wechseln zu lassen. Und vor allem sind
1735 2853 2712 2928 Dirnen. Das Publikum sitzt unter ihnen.
715 2879 1701 2949 solche Taten nicht bloß von ehedem, solche
1730 2916 2714 2979 Mit behaglichem Gruseln kann es alle Schrecken
729 2931 1710 3005 Scherze gibt es auch heute noch auf komischer
1739 2960 2717 3037 unmittelbaren Zusammenseins mit Lumpen
735 2980 1702 3051 wie auf tragischer Szene. Kein Dichter der
1729 3015 2720 3084 und Verbrechern auskoften und dabei jeden
727 3034 1714 3109 Gegenwart aber neigt ihnen gleich itark zu
1741 3067 2718 3145 Augenblick sich selbit beruhigend versichern,
732 3102 1242 3173 wie Arthur Schnitzler.
1742 3117 2712 3190 daß alles nur Spiel sei. Die Illusion ilt aufs
809 3132 1706 3217 Schon Schnitzlers Vorliebe für das Puppen¬
1736 3174 2724 3251 höchfte gefteigert, da die hemmenden Wir¬
742 3195 1706 3279 spiel beweift, wie wenig Wert er, der doch
1740 3223 2720 3302 kungen des Bühnenraumes gänzlich fehlen;
728 3251 1714 3319 auch vom Naturalismus ausgegangen ist, auf
1747 3291 2727 3364 und doch kann eben diese höchftgelteigerte
740 3310 1706 3393 die Erzielung des Wirklichkeitseindrucks im
1740 3336 2723 3412 Illusion nie dauernd beitehen, da jedermann
742 3374 1707 3431 Rahmen der Bühne legt. Seine ernfte Dra¬
1734 3396 2723 3460 den Künftlerscherz durchschaut. Dies ftete
742 3416 1710 3483 matik itrebt allenthalben auf jene Spiegel¬
1746 3445 2726 3529 Hin und Her der Stimmung wird noch be¬
741 3492 1712 3552 wirkungen ariltophanischer, shakespearischer,
1752 3503 2738 3574 wegter durch die Revolutionsluft, in die alles
744 3528 1713 3592 holbergischer, tieckischer Komik hin. Im
1754 3550 2730 3638 getaucht ist. Die Vicomtes, Marquis und Mar¬
743 3585 1714 3645 „Zwischenspielg entspinnt sich in dem Augen¬
1748 3611 2768 3680 quisen, die das Publikum bilden, bekommen¬
747 3631 1718 3710 blick, da der dramatische Konflikt sich mehr
1762 3664 2734 3740 frechite. Worte zu hören. Iit’s Ernft oder
738 3695 1720 3767 und mehr zuspitzt, zwischen dem Helden
1759 3715 2740 3794 Maskerade, wenn der Wirt die Hochadeligen
740 3741 1728 3808 und seinem dichtenden Freunde Albertus ein
1757 3771 2733 3852 duzt? pSie werden unheimlich witzig,
752 3790 1728 3855 Dialog, in dem doch auch nur die alte Frage
1750 3821 2745 3905 diese Leute,g meint einer aus dem Publi¬
739 3845 1721 3926 nach dem Theateronkel eine feine und geilt¬
2788 4206 3121 4258 e
