3344 4352
820 252 1289 341 box 37/4
135 269 805 366 2. Cuttings
945 885 1463 969 THE MIRROR
716 992 1683 1061 great man annotated, one that was deur to
576 1009 698 1068 pur¬
577 1057 688 1113 #fac¬
712 1051 1680 1107 him and that contains the marks of his love
562 1110 688 1165 ano¬
704 1092 1683 1153 for it. It is a pleasure you cannot mcasure in
710 1146 1687 1199 dollars, but how eise can it be measured when
566 1152 692 1203 Suni,
585 1190 697 1255 S0-
705 1195 1685 1253 rich men are rivals for the possession of suich
598 1241 694 1299 De
709 1249 1694 1295 books. It is not denied that such books have
584 1287 680 1346 d a
716 1299 1692 1349 value as illustrating the progress of printing,
577 1335 697 1398 Have
718 1345 1686 1399 that sometimes they may clear up points of
714 1378 1685 1431 history through some annotation, some addi¬
557 1388 692 1436 Teas¬
716 1426 1683 1483 tion, some elision. But the big prices mean
543 1419 706 1490 mple,
724 1480 1687 1521 nothing except the desire of rich men to pos¬
532 1484 693 1546 on, of
719 1535 1692 1576 dess something that some othier rich man has
533 1520 695 1581 ot has
715 1573 1679 1631 not, and cannot get. It is not to be understood
554 1571 680 1632 Vorig-
709 1619 1686 1673 that even this desire is to be condemned.
569 1611 673 1676 Nuto¬
722 1672 1687 1720 Nothing of the love of books is to be con¬
584 1659 698 1720 and
718 1706 1695 1757 demned. And if a man happens to be rich
601 1709 701 1769 the
712 1758 1688 1812 and loves a book, he will give for it all he can
583 1751 701 1815 Bay
715 1811 1686 1859 afford, just as a poor man would, and often
581 1794 700 1863 sirch
712 1847 1696 1894 does. Book collecting is a sublime fad, one
587 1854 694 1914 ing
720 1895 1680 1959 that brings one into touch with all the glory
586 1906 709 1962 iree
712 1951 1688 2003 of the world’s best minds, And he’s a poor
580 1946 708 2000 and
721 1992 1690 2042 stick of a book-lover who wouldn't go to
593 1990 697 2049 Sold
722 2037 1692 2097 extraordinary expense, say, to have a copy of
592 2042 696 2099 Ston
714 2086 1681 2137 Elia that Lamb had scribbled in, or a Burns
593 2086 694 2156 sthe
595 2135 695 2204 ind
716 2142 1682 2192 that Bobby had taken the trouble to go
721 2178 1687 2238 through and fill in the words represented by
589 2182 695 2238 ant¬
712 2222 1684 2282 asterisks. It’s no more a sign of wickedness
602 2229 700 2283 ble
722 2276 1689 2330 to feel this way than to keep a flower or a
597 2266 709 2334 WII
719 2315 1687 2381 lock of hair from some dear dead woman of
598 2323 699 2383 sted
724 2371 1691 2427 one's memories. And Huntington money and
599 2374 706 2441 Fest
723 2414 1683 2471 other money like it, is more ostentatious¬
608 2423 696 2474 nt¬
723 2466 1685 2518 foolishly spent than in buying rare books—in
590 2466 702 2528 for
724 2509 1688 2561 futile charity, for example. Most of the good
603 2510 703 2585 ht
709 2554 1685 2600 things in books and in paintings come at last
721 2599 1682 2659 into the possession of the people, in librarie“
607 2606 706 2659 sch
712 2647 1684 2706 and museums, where they are of use to stu¬
610 2644 702 2710 ch
722 2692 1682 2757 dents. Indeed, everything tends to come back,
708 2741 1688 2800 to the people. So that in days to be, mayhe,
615 2737 707 2801 nt
716 2786 1689 2833 able mien will see the wrong and the inutihty
624 2795 701 2843 re
625 2851 1688 2893 tag of taking them awav fromthe people insthe
626 2889 1685 2941 Sto first place. So let the bibliophilic billionahres
720 2929 1687 2973 bid against one another for books in thie pro¬
619 2936 702 2986 Ser
723 2979 1699 3034 duction of which their authors starved. It
615 2975 706 3034 he
718 3035 1694 3078 means nothing much as to letters or taste or
614 3025 710 3085 en
723 3074 1686 3128 anything else, save that the ultra-rich have
723 3113 1699 3162 more money than any man ever earned. Upon
616 3115 698 3182 at
720 3163 1682 3217 which homily let me superimpose the confes¬
725 3222 1697 3267 sion that my own mouth watered over some
718 3263 1694 3313 of those items of the Hoe catalogue and, if 1
724 3300 1684 3353 had th money, I'd have given as much for
718 3339 1693 3403 themas the next fellow and maybe a little
722 3382 1694 3452 mg#. This is rotten economic ethics, of
724 3439 1281 3506 „rse, but there you are.
1151 3489 1248 3539 4 4
930 3532 1649 3597 Masks and Minstreis of Germany
768 3585 1692 3627 GERMAN-AMERIGANs will be particularly
625 3640 700 3685 e
726 3630 1701 3670 interested in Percival Pollard’s new book,
741 3678 1615 3732 Masks and Minstrels of New Germany.“
725 3715 1701 3774 is a volume of expositorv criticism in the best
727 3784 1686 3825 forthright styie of the most forthright literary
724 3816 1686 3871 critic of the United States. It deals with the
753 3866 1684 3914 Uberbrettl'“’ movement in Germany, the
715 3908 1695 3975 lyric impulse in letters that had its üirst man¬
725 3960 1683 4009 ffestation in à movement to give literary qual¬
725 4004 1692 4060 ity to the music and the drama of the music
722 4058 1701 4112 halle. This movement was an adaptation of
727 4098 1694 4145 the lterary schooi which manifested itself in
728 4152 1690 4200 the Montmartre cafes in Paris, of which, prob¬
1935 166 2223 244 — —
1801 816 2088 928 U10
2629 883 2686 953 5
1703 994 2674 1064 nis wife's goodness to extricate him from bis
1702 1049 2675 1105 numerous marital infidelities is an inimitable
1702 1109 2662 1152 grotesque, the more so as the facts are fur¬
1701 1142 2676 1198 nislied in a bibelot by Hartleben's wife in
1707 1189 2678 1236 answer to the publication of his letters by one
1709 1235 2671 1292 of his mistresses. Indeed, this temperamen¬
1705 1289 2678 1328 talism seasons rather highly the whole group
1702 1331 2677 1394 of writers with which Mr. Pollard deals, with
1703 1376 2670 1432 the exception, possibly, of Ernst von Wolzo¬
1701 1425 2675 1485 gen. An unfriendly critic might even say that
1703 1467 2682 1516 it is this outre and bizarre quality in the men
1696 1514 2677 1569 that attracts Mr. Pollard more tnan their
1703 1564 2680 1622 poignant simplicities and their truth to lise.
1709 1609 2687 1663 There’s a strong Bohemian flavor to them all.
1710 1657 2681 1715 A touch of cynicism in their sadness, and of
1700 1715 2679 1759 sadness in their gayety. Most of them are
1702 1749 2686 1808 of the revolt, to a greater or less extent of
1704 1797 2679 1871 intransigeance. They chiefly deligted to shock
1700 1843 2682 1892 respectability. They delighted for the most
1696 1906 2687 1949 part in dealing with things that are kept in
1700 1936 2681 1992 the background in good society. Few of them
1712 1987 2683 2036 were not kin to Francois Villon, though some
1711 2045 2682 2089 of them have settled down. They declared
1704 2074 2676 2146 themselves originally in magazines like the
1697 2144 2670 2180 Island, Simplicissimus, Jugend and Pan. En¬
1699 2182 2668 2234 Jants terrible, all of them in one way or an¬
1700 2221 2675 2273 other but all of them holding their art above
1711 2273 2686 2323 all things else and protesting ever upon any
1707 2323 2687 2374 limitation thercof. Maximilian Harden, of
1711 2359 2674 2414 Zukunft was a fomenter of the movement,
1696 2409 2674 2474 though latterly he pursued the paths of po¬
1705 2456 2674 2505 litical reform. Lilieneron, Mr. Pollard cites
1698 2500 2685 2571 as the fathexosthenall. Next he would
1702 2551 2686 2616 place Bierbaum after him, probably Herman
1708 2599 2690 2653 Bahr-änd Schnitzler, with Wedekind a sort of
1706 2656 2687 2712 mönster all by himself. The work of Wede¬
1698 2684 2678 2733 kind möst-Amertcans cannot understand. It
1702 2731 2674 2793 is horrible in its specializing of truths of so¬
1710 2790 2687 2836 cial life the most unpleasant. The things he
1704 2817 2689 2883 deals with mostly belong in the nedical Dooks,
1715 2871 2682 2925 but he treats them with a power as queer as it
1709 2918 2681 2984 is indisputable. Ludwig Thoma’s quality is
1712 2973 2674 3032 saner. His drama called Moral,“ is an exqui¬
1705 3013 2685 3081 sitely ironic assault upon respectability, a much
1712 3061 2689 3113 more effective thing even than Shaw's Mrs.
1716 3105 2682 3170 Warren’s Profession.“ It shows up hypocrites
1697 3154 2685 3203 but it does not make them utterly detestable.
1715 3200 2695 3252 It leaves them human and ridiculous. The
1707 3243 2670 3306 flavor of the graceful wickedness of the Vien¬
1706 3294 2691 3349 nese, Schnitzler is something rather bevond
1711 3342 2678 3404 us 100. The viciousness is lightsome; it is
1705 3400 2694 3454 decorated with laughter; it is the irresponsible
1710 3431 2684 3495 wickedness of youth; it is the tragicomedy of
2383 3482 2674 3547 I should sa)
1709 3483 2371 3542 light-loves and careless lovers.
1721 3531 2662 3592 that no Frenchman ever made vice more at¬
1710 3582 2673 3642 tractive than does Schmitzler. Von zan hard¬
1712 3625 2680 3682 ly read about him otherwise than to the
1709 3683 2718 3736 rhythms of that other Viennese product“The)
1718 3697 2685 3780 Merry Widow.“ Freiherr von Wolzogen ap¬
1707 3762 2670 3820 pears to be about the most conventional ef
1711 3823 2681 3871 the lot, but there were dars and nights when
1718 3857 2681 3917 hie went gipsying with the othiers, when he too
1718 3903 2685 3956 was a trouvere, a minnesinger of the mnsie
1707 3948 2679 4009 halls. With all these personalities and their
1710 4010 2680 4066 product in German letters, Mr. Pollard deals
1709 4049 2685 4101 in a manner one might almost characherige as
1715 4100 2681 4151 excessively sympathetic. 1 should say, and !
1710 4145 2696 4205 am no puritan, that most of the work is 100
2775 3468 2921 3614 4
