3344 4352
154 204 1326 340 2. Cuttings box 37/4
709 1817 2082 1953 LE MOUVEMENT DES WDEES EN EUROPE
366 1849 739 1947 Ace
352 1979 2112 2125 ARTHUR SCHNITZLER
376 2175 1222 2240 M. Schpitzler est le représentant le plus
1228 2159 2118 2252 ré à M. Emile Faguet une retentissante et
351 2240 1225 2299 eclbre  Mterature autrichienne con¬
1239 2235 2105 2302 fort belle étude, ou le célèbre critique si¬
354 2283 1231 2351 temporaine, sa légitime renommée a dé¬
1239 2286 2116 2356 gnalait dans cette pièce une sorte de chef¬
1237 2339 2113 2411 d’cuvre qui résisterait à l’épreuve du
342 2313 1221 2405 passé depuis longtemps les frontières de
1237 2381 1405 2455 temps.
349 2381 785 2445 son pays d’origine.
380 2424 1228 2490 On sait que de tout de temps les belles
1597 2431 1718 2516 *
339 2483 1224 2552 lettres viennoises ont occupé dans la lit¬
1273 2492 2117 2567 Peur beaucoup de personnes assez mal
324 2530 1227 2593 térature germanique en général une place
1241 2543 2116 2621 renseignées, M. Schnitzler demeure, jus¬
351 2577 1223 2650 toute partiewlière et qu’elles se distin¬
1234 2602 2106 2663 qu'à présent, l’auteur d’Amourette; toute¬
350 2632 1218 2693 guent par certaines particularités locales
1240 2648 2104 2713 fois, le retentissement de cette pièce, née
349 2682 1217 2749 infiniment sympathiques et curieuses; ja¬
1243 2695 2111 2748 sous une heureuse étoile, n’a point été,
351 2731 1219 2788 mais elles né se sont manifestées cepen¬
1233 2745 2118 2806 pour le dramaturge de U'Interméde, une
346 2777 1225 2841 dant avcc plus d’éclat que dans l’cuvre
1244 2797 2116 2856 sorte d’oppression et d’entrave au dévelop¬
352 2829 1222 2892 diverse, remarquable et délicate de cet
1244 2848 2105 2895 pement de son talent et de sa cerrière, com¬
342 2873 1223 2957 éerivain parvenu aujourdhui à l'apogée
1235 2889 2118 2953 me le fut le beau drame de Jeunesse pour
347 2928 1147 2992 de se renommée et de son influence.
1243 2939 2120 2997 M. Halbe, ou jadis, chez nous, le Passank,
378 2974 1226 3041 La finesse, le goüt artistique, le sen¬
1233 2987 2105 3051 pour le von François Coppée. Malgré le
354 3026 1235 3099 timent de la mesure, une gaité tem¬
1236 3032 2112 3099 triomphe éclatant de cette ceuvre de jeu¬
345 3073 1230 3147 pérée, une mélancolie sentimentale un
1235 3090 2107 3145 nesse ou palpite un souffle si ardent d’a¬
351 3133 1221 3193 peu superlicielle — toutes ces quali¬
1244 3132 2114 3180 mour, de mélancolie et de réve, M. Schnitz¬
343 3175 1226 3245 tés qui se rapprochent, d’ailleurs, de cer¬
1244 3177 2112 3236 ler a connu, depuis, de nombreux succès,
356 3216 1232 3286 taines tendances du génie latin — distin¬
1242 3230 2121 3290 et. à Vienne, bien entendu, sa gloire est
1244 3274 2117 3336 absolument retentissante et exceptionnelle.
356 3267 1237 3334 guent tres netfement les littérateurs Autri¬
1234 3322 2102 3377 L’activité artistique de M. Schnitzler est
354 3324 1231 3383 chiens de leurs confrères allemands septen¬
1234 3365 2106 3430 très étendue et tres diverse, célèhre surtont
356 3372 1230 3431 trionaux, et M. Schnitzler a su développer
1235 3416 2114 3480 comme dramatunge; il a écrit également
354 3420 1224 3475 encore ces précieuses et fines qualités, les¬
1239 3465 2113 3529 de nombreuses nouvelles, dont quelques¬
358 3474 1223 3533 quelles excluent malheurensement presque
1250 3524 2109 3574 unes doivent être classées parmi les plus
358 3517 1236 3564 toujours la force, la grandeur et le pathé¬
1239 3563 2115 3627 purs joyaux littéraires de la littérature ger¬
354 3563 1237 3615 lique, mais il leur a prété. par surcrolt,
358 3616 1233 3674 une sorte d'allure moderne, une élégance,
1247 3614 2108 3677 manique, de courts romans, des dialogues
365 3657 1211 3715 une désinvolture originale et charmanze.
1240 3653 2116 3729 et des tableaux de meurs-locales d’un pit¬
1232 3702 1780 3763 toresque sobre et précis.
369 3706 1222 3770 L’auteur d’Amourette n’est pas, d’ail¬
347 3741 1230 3806 feurs, un inconnu en France. deux de ses
1264 3736 2110 3819 L’auteur d’Analole, le premier de ses-li¬
1244 3792 2114 3859 vres et qui fonda d’emblée sa réputation,
1242 3857 2115 3909 est à la fois un dramaturge très éminent,
360 3849 1235 3903 ont été jouées non sans succès au théätre
1251 3899 2114 3961 spirituel, léger et profond tout ensemble,
352 3897 1239 3960 Antoine, et Amourette, le drame intime
349 3939 2113 4000 dont nous venons de citer le titre, a inspi-] un romancier délicat, un conteur d’une gra¬
2122 326 3008 416 ce et d’une maitrise qui se rapproche de
2123 405 3000 458 celle de nos maitres les plus illustres et
2116 455 3000 507 toujours et partout, quelle qu’en soit la
2122 493 3004 565 forme littéraire qu'il choisit, il demeure
2129 543 2994 600 subtil. raffiné et original; ses ceuvres ne
2122 592 2993 649 ressemblent, lorsqu'on consent à les ana¬
2122 640 2992 703 lyser sans parti-pris, aux productions ana¬
2118 679 2992 734 logues d’aucon autre écrivain de son pays
2119 730 3004 787 ni du nôtre, leur forme seule est d’une sim¬
2123 773 3002 836 plicité et d’une harmonie qui évoque le mo¬
2110 822 2996 879 dele de nos chefs-d’euvre français. Mais
2119 874 2991 939 cet insaisissable élément de beauté person
2116 913 2999 996 nelle et originale qulapportent les artistes
2121 962 2994 1031 d’un authentique et ind. cutable génie, se
2113 1013 2996 1079 retrouve dans ses moindres travers et leur
2117 1064 2771 1140 prète une attraction singulière.
2476 1117 2621 1193 *
2141 1191 3012 1252 M. Schnitzler excelle surtout dans la
2116 1243 2995 1323 peinture des souffrances, des joies si bré¬
2121 1292 2998 1358 ves, des grandes douleurs, des émotions re¬
2124 1335 3001 1414 doutables et exquises de l’amour, thème
2125 1384 3006 1456 éternel qui inspira, d’ailleurs, de tout
2121 1432 2993 1504 temps, la plupart des romanciers, des poë¬
2121 1485 3000 1560 tes et des dramaturges. L’auteur du
2115 1529 2995 1610 Perroquet vert et de Paracelse trouve, en
2111 1582 3012 1656 parlant du sentiment éternel qui a créé le#
2116 1623 3000 1691 monde et lui permet de vivre parmi tant
2119 1686 3005 1750 d’épreuves et de calamités, des accents
2120 1719 2997 1783 d’une émotion intense, d’une originalité im¬
2122 1775 3005 1830 prévue qui renouvelie et rajeunit Peternelle
2119 1826 3003 1886 chanson; toujours sobre, néanmoins, dans
2118 1860 2995 1930 ses moyens d’expression, il évite le ton dé¬
2122 1922 3003 1985 clamatoire et les grandes tirades et l’allure
2121 1971 3000 2026 pathétique du récit ou du dialogue, lä so¬
2125 2010 3011 2074 briété étant la faculté maltresse et le trait
2117 2058 3003 2138 caractéristique de son ceuvre et de son gé¬
2123 2101 2235 2169 nie
2149 2128 3004 2233 M. Schnitzler a produit de véritables pe¬
2118 2203 3010 2270 tits chefs-d’ceuvre, d’analyse fine et péné¬
2127 2251 3006 2319 trante, de poésie émouvante, de vérité à
2124 2302 2996 2357 la fois locale et humaine, et que de char¬
2120 2351 2997 2410 me, de simplicité, de dévonement et de bon¬
2108 2380 3000 2471 1é naive, d’autant plus précieuse et digne
2125 2428 3004 2506 d’admiration dans la carrière sentimentale
2130 2478 3004 2555 des jolies petites Viennoises, ses hérolnes
2129 2536 2997 2605 préférées, dont il exprima avec tant de
2116 2577 3008 2657 sympathie, de compréhension et dironie in¬
2125 2637 3006 2685 dulgente, les aspirations, les réves, les dé¬
2130 2682 3009 2747 ceptions iet les chagrins — futiles, au ju¬
2129 2723 3008 2787 gement de la foule stupide, des indifférents
2121 2772 3000 2846 et des sots — mais qui conduisent quel¬
2121 2826 2995 2894 ques-unes au désespoir et au suieidel Räp¬
2127 2866 3010 2936 pelez-vous la charmante-Berthe, la touchan¬
2118 2918 3008 2984 te et inoubliable Marie, T'hérolne du céle¬
2123 2974 2987 3032 bre conte Dernière Chanson; enfin, et sur¬
2117 3019 2995 3093 tout, la mélancolique, naive et résignée pe¬
2129 3080 3004 3146 tite hérofne d'Amourette, qui meurt de son
2126 3126 3003 3179 amour trompé en pardonnant à l’ingrat qui
2116 3169 2999 3231 Tabandonne, créations fragiles et délicates,
2124 3215 2994 3268 d’un art subtil et savant dans sa simplici¬
2132 3266 2995 3344 té, visions touchantes de gräce, de beauté.
2128 3312 2991 3364 de voluptueuse et chaste innocence, fantó¬
2126 3354 2988 3414 mes charmants dont la candeur, la tendres¬
2115 3407 2994 3463 se, Tardent désir d’abnégation émeuvent,
2116 3459 3006 3516 les plus sceptiques, c’est vous qui plaiderez
2126 3502 3004 3568 éternellement la cause du grand écrivain
2122 3555 3005 3623 qui a su raconter vos tristes amours et vos
2116 3612 3001 3666 joies éphémères; la poésie penétrante et
2118 3659 2995 3706 apaisante à la fois qui se degage de vos
2123 3691 2991 3758 humbles et touchantes destinées attestera
2119 3728 2993 3800 toujours que le fin, subtil et un peu dédai¬
2115 3799 2996 3845 gneux artiste dont on affecte parfois de ne#
2125 3831 2997 3912 signaler que l’ironie, fut, avant tout, ung
2126 3887 2648 3949 sentimental etn tendre.
2406 3911 2969 3996 STANISLAS RZEWUSKI
