3344 4352
734 678 931 774 %
194 1861 653 1937 Hugo v. Hofmannsthal.
169 2019 963 2067 nach dem plötzlichen Tode des Geliebten
154 2057 949 2106 ie für ihn nur eine Liebelei gewesen, schöpft
152 2098 958 2145 menschlicher Quelle, wirkt ergreifend, ist gut
146 2132 954 2188 sraff ans Ende geführt. Es ist bis heute
156 2175 951 2229 deutendster Beitrag zum lebendigen Drama
152 2218 404 2262 rt geblieben.
162 2246 958 2306 höher steht sein „Einsamer Weg“ (1904), ja,
168 2301 956 2344 einen Auftritt zwischen Vater und unehe¬
178 2334 955 2381 den ich für das Stärkste von Schnitzlers
141 2371 956 2420 ng halte. Leider finden sich in diesem sehr
156 2404 955 2457 ja allerlei Unklarheiten, und durch eine nur
152 2460 957 2498 nhängende Doppelhandlung wird unsere Teil¬
149 2496 959 2544 hr Ermüdung hin und her gerissen. Bleiben
154 2536 970 2578 Schnitzlers dramatischem Lebenswerk außer
148 2572 962 2618 hhl einige ungemein feine, plandersame, wir¬
142 2607 973 2660 makter, so „Der grüne Kakadu“, „Das Abschieds¬
157 2650 982 2696 die unter dem Gesamttitel „Anatol“ ver¬
152 2679 962 2733 streichen Stücklein, die von weitem an Hart¬
159 2721 974 2769 erinnern. Das liebenswürdigste Lustspielchen
143 2758 968 2815 lung ist „Die Frage an das Schicksal“; kein
161 2804 733 2857 ranzose macht dies geistreicher.
149 2848 974 2899 Hofmannsthal aus Rodann bei Wien,
176 2886 982 2929 schuldet uns immer noch ein eignes Stück,
152 2921 979 2982 den ungeheuern Ruhmesvorschuß bei seinen
162 2955 973 3003 endlich tilge. Von seinen kleinen älteren
158 3002 978 3050 ie Hochzeit der Sobeide“ „Die Frau im
144 3034 983 3088 er Tor und der Tod“) haftet nur eine wohl¬
141 3082 981 3126 frache im äußern Ohr; von einem Nachklingen
152 3118 979 3177 habe ich nichts gespürt. Wortmusik, Tief¬
163 3162 983 3209 espensterei — doch wie gedankenarm und im
156 3189 988 3250 etisch ist all dieses Getue! In seinen größeren
150 3242 978 3293 ofmannsthal durchweg ein Nachdichter. Wie
157 3279 979 3328 ann in den letzten Jahren an Shakespeare,
161 3305 982 3362 mann von Aue, Grillparzer, Browning, wie
158 3352 983 3409 =Wiener Beer=Hofmann in seinem „Grafen
1301 375 1768 457 Illustrirte Zeitung.
999 506 2020 575 von Charolais“ an Massinger einen Zeitgenossen
1010 571 2021 625 Shakespeares, angelehnt hat, so hat Hofmannsthal
1000 603 2004 648 nacheinander Sophokles, den mittelmäßigen eng¬
1007 658 2012 700 lischen Dramatikern Otway und wiederum Sophokles
1002 683 2022 739 nach= und umgedichtet. Ganz mißglückt sind ihm
1009 726 2015 789 seine Umdichtungen „Das gerettete Venedig“ sowie
1015 769 2018 813 „Odipus und die Sphiur“. Die Wahl des letzten
1013 793 2014 852 Stoffes beweist mir daß Hofmannsthal kein wirklich
1016 834 2018 887 dramatisch empfindender Dichter ist. Das gesamte
1020 883 2014 931 Drama der christlichen Völker ruht auf der dichte¬
1011 911 2028 969 rischen Voraussetzung der Willensfreiheit. Ein unfreier
1013 954 2018 1000 Mensch kann sehr traurige Dinge erleben, tragische
1006 1002 2022 1041 nicht; denn zur Tragik gehört Kampf, und gegen das
1016 1032 2018 1080 vorausbestimmte Schicksal gibt es keine Möglichkeit des
1014 1078 1211 1131 Kampfes.
1077 1099 2025 1156 Einigermaßen anders steht es mit Hofmannsthals
1017 1150 2023 1198 Umdichtung der „Elektra“ (1903). Ihre Aufführung im
1012 1185 2027 1233 Kleinen Theater in Berlin, zumal mit Gertrud Eysoldt
1008 1234 2021 1274 in der Hauptrolle, gehörte zu den großartigsten Bühnen¬
1014 1271 2027 1315 darstellungen des letzten Menschenalters. Der aufregen¬
1009 1310 2030 1353 den Wirkung des Stückes und des Spiels konnten sich
1012 1346 2019 1391 selbst solche Zuschauer nicht entziehen, die hinterher auf
1023 1392 2028 1432 den großen Abstand zwischen der „Elektra“ des alten
1017 1418 2031 1471 Sophokles und der des jungen Österreichers hinwiesen.
1022 1461 2018 1513 Ich stehe auch nicht an, zu erklären, daß — abgesehen
1023 1502 2025 1554 von den überragenden Schönheiten der Sophokleischen
1015 1539 2017 1589 Tragödie — mir Hofmannsthal in einem wesentlichen
1018 1577 2023 1624 Punkte den furchtbaren Stoff stilgerechter als der große
1012 1614 2020 1677 Grieche behandelt hat. Was in der „Elektra“ geschieht,
1011 1663 2017 1703 und was den Geschehnissen vorausgegangen ist: Gatten¬
1025 1711 2030 1742 mord, Verfolgung der eignen Kinder durch die Mutter,
1023 1740 2019 1785 Aufstachelung des Bruders durch die Schwester zur Er¬
1015 1767 2025 1827 mordung ihrer Mutter, endlich die Abschlachtung hinter
1018 1815 2032 1855 der Bühne, doch so, daß wir den Todesschrei der beiden
1021 1848 2034 1901 Opfer hören, dazu der anfeuernde Ruf der Schwester
1017 1893 2036 1936 an den Bruder zur Wiederholung des Todesstreiches:
1021 1924 2036 1975 kein Drama der Weltliteratur bietet ähnliche Greuel
1026 1972 2026 2018 dar, und zu ihrer Darstellung gehört ein Stil, der
973 2018 2042 2065 nicht wie der des Sophokles edel tönt und schönt, wo es
985 2050 1682 2104 nichts zu tönen und zu schönen gibt.
1038 2084 2033 2140 Ich schließe der Landsmannschaft wegen hier ein Wort
978 2136 2037 2177 über den österreichischen Schiller=Preisträger und seinen
983 2167 2033 2216 deutschen Preisgenossen an: über Karl Schönherr und
984 2207 2033 2259 Ernst Hardt. Karl Schönherr, geboren 1868 im tiro¬
979 2260 2033 2293 lischen Arams, hatte sich schon durch sein Drama „Sonn¬
982 2289 2025 2328 wendtag“ (1902) einen guten Namen gemacht, ohne uns
972 2331 2028 2374 von einer unzweifelhaften Begabung für das Drama zu
986 2364 2024 2411 überzeugen. Sein preisgekröntes Stück „Erde“ hatte ich
978 2398 2008 2451 bald nach dem Erscheinen im Buch gelesen, manchen kräf¬
981 2434 2026 2486 tigen Auftritt darin gefunden, doch nie ist mir dabei der
980 2476 2028 2521 Gedanke gekommen, es sei das Stück, das die Bedingungen
989 2523 2038 2577 des Schiller=Preises erfüllte. Indessen, die Geschichte dieses
1435 3159 1514 3255 *
2403 355 3033 434 Nr. 3448. 29. Juli 1909.
2449 1974 2766 2041 Karl Schönherr.
2039 2126 3073 2170 Drama „Tantris der Narr“ ist ein gutes Stück Lyrik —
2057 2165 3110 2209 ein Drama, vollends ein wirksames Bühnenstück ist es
2059 2210 3112 2249 nicht. Auch hier aber wollen wir uns freuen, daß ein
2046 2240 2684 2298 wirkliches Talent ermutigt wird.
2115 2254 3107 2326 Ich mag nicht endigen, ohne eines Seitenschößlings
2056 2311 3114 2368 unseres gegenwärtigen Dramas zu gedenken: der Brettl¬
2059 2353 3118 2412 kunst. Sie ist ja längst dem Schicksal literarischer Moden
2055 2393 3121 2443 verfallen, deren Dauer in der neusten Zeit kaum die der
2054 2432 3110 2490 Krawattenmoden erreicht, und etwas bleibend Wertvolles
2053 2479 3115 2524 hat sie nicht hinterlassen. Dennoch hat sie einen begabten
2055 2515 3113 2561 Dramatiker, zwar nicht hervorgebracht, doch in den Vorder¬
2057 2546 3117 2607 grund gezogen: Hanns v. Gumppenberg, geboren 1866
2064 2593 3117 2645 in Landshut. Da in Deutschland ein jeglicher von den
2058 2625 3110 2683 Kanzleiräten und Registratoren der Literatur in ein be¬
2060 2675 3116 2724 stemmtes Fach geschoben wird so hat sich Gumppenberg
2070 2719 3112 2757 gefallen lassen müssen, daß man ihn in die Schieblade
2056 2742 3119 2795 der Brettldramatiker gestopft hat, und das ist ein wahres
2065 2783 3122 2835 Unglück für diesen echten dramatischen Dichter geworden.
2067 2828 3114 2872 Sein dramatisches Vermögen reicht vom ausgelassensten
2071 2868 3126 2907 Bühnenscherz, von den zwerchfellerschütternden „Über¬
2067 2898 3131 2948 dramen" über das zierliche Bühnentändelspiel („Die Minne¬
2070 2932 3130 2989 königin") und das echte Lustspiel („Münchhausens Ant¬
2065 2973 3117 3036 wort“) zum tiefen Gedankendrama und gipfelt in seinem
2068 3014 3132 3066 höchsten Wurf, dem „Messias“ dem dichterisch wertvollsten
2074 3055 3117 3112 Christusdrama unserer Literatur. An dem Dramatiker
2066 3095 3116 3147 Gumppenberg begeht die deutsche Bühne schweres Unrecht,
2069 3134 3117 3187 daß sie seine künstlerisch reifen Schöpfungen nicht beachtet.
2064 3179 3118 3225 Ich kann von ihm nicht scheiden, ohne seines unvergleich¬
2064 3220 3130 3264 lichen Büchleins zu gedenken: „Teutsches Dichterroß, in
2068 3252 3132 3311 allen Gangarten vorgeritten“. Ich kenne in keiner Lite¬
2066 3297 3138 3354 ratur eine so künstlerische, zugleich so ausgelassene Samm¬
2067 3340 2693 3397 lung von dichterischen Parodien.
