3392 4352
852 330 1337 448 box 37/4
172 331 823 463 2. Cuttings
782 808 1914 951 Ziiche
2079 811 2868 944 Sert.
632 985 1148 1096 Grsehent ieden Gemtan.
1510 982 1965 1117 Wochenschrift
2425 992 2752 1090 Tenische Wert.
712 1056 1077 1109 Berlin S. W. 48.
2256 1049 2905 1119 durch die Post vierteljährlich 2.50 Mk.,
1681 1082 1798 1155 der
560 1079 1205 1152 Redaktion: Wilhelmstraße 9.
2268 1107 2901 1158 durch Zeitungsgeschäfte monatl. 85 Pf.
708 1130 1084 1177 Geschäftsstelle:
2268 1142 2897 1188 Die einzelne Nummer 25 Pf. postfrei.
614 1138 1137 1236 Friedrichstraße 239.
2264 1174 2894 1229 Deutsche Welt und Deutsche Zeitung
1284 1136 2190 1259 Deutschen Zeitung.
2259 1208 2907 1260 durch die Post vierteljährlich 4,60 Mk.,
527 1179 1211 1277 Telegramm=Adresse: Deutschbewegung.
2257 1240 2905 1321 durch die Zeitungsgeschäfte monatlich
543 1250 1224 1334 Fernsprecher: Amt VI 6068 u. 1456.
2478 1268 2687 1330 1,55 Mk.
1355 1241 2105 1347 Herausgeber: Dr. Friedrich Lange.
553 1375 807 1446 N 31.
1345 1378 2085 1445 Berlin, den 2. Mai 1909.
2508 1383 2897 1455 lI. Jahrgang.
654 1433 789 1503 —
1069 1384 1161 1510 —
2354 1426 2543 1506 —.—
519 1488 2936 1566 Inhalt: Indentum und Literatur. Von Adolf Bartels. — Rechtspflege im Lande der Zuchtlosigkeit. Streiflichter über Haiti. Von
752 1560 2939 1632 E. Baron Binder=Krieglstein. — Die Schwestern. Novelle von August Meißner. — Anthropologische Rundschau. Von
739 1615 1688 1699 Dr. Otto Ammon. — Büchereingänge. — Aufgaben.
1246 1676 1632 1772 e
532 1672 640 1774 1
1229 1796 2199 1926 Judentum und Literatur.
1120 1850 1223 1966 9
1459 1891 1982 1987 Von Adolf Bartels.
614 1771 1181 1986 M
611 1937 2947 2053 In der „Kölnischen Zeitung“ war unter der Ueber=] ordentlich gering. Die Brüder Hart, Bleibtreu, Conrad,
1730 2019 2927 2099 die Führer der Gärung der achtziger Jahre, sind ebenso¬
513 2007 1722 2107 schrift „Judentum und Literatur“ neulich zu lesen?): „Die
1725 2084 2928 2153 wenig Juden wie die vielbesprochenen Persönlichkeiten
522 2093 1721 2159 neue Ausgabe der Geschichte der deutschen Literatur von
1732 2142 2928 2215 Sudermanns und Hauptmanns. Ein Typus des Dekadenten¬
511 2148 1723 2222 Adolf Bartels veranlaßt uns zu einigen Bemerkungen, die
1734 2200 2945 2260 tums wie Otto Erich Hartleben war so wenig Jude, wie
511 2196 1723 2276 sich von dem ausgeprägten antisemitischen Standpunkt des
1726 2257 2941 2322 es Otto Julius Bierbaum, der Schöpser des Prinzen Kuckuck,
523 2259 1728 2331 Verfassers herleiten. Wir haben keine Veranlassung, uns
1730 2301 2932 2388 ist, und auch der ausgeprägteste Dekadent Deutschlands,
518 2310 1733 2388 über diesen Standpunkt, obwohl er das Werk vielfach
1737 2372 2937 2435 Frank Wedekind, ist Christ, ebenso wie die als dekadent
509 2376 1724 2455 schädigt, besonders zu erhitzen, sondern möchten ihn nur in
1730 2416 2933 2498 anzusehenden Damen Madeleine, Doloroso, Peutler, Gabriele
525 2428 1737 2498 aller Ruhe auf seine Berechtigung prüfen. Mir beionen¬
1734 2481 2934 2549 Reuter. Nur in allerneuester Zeit hat sich dazu eine öster¬
515 2503 1724 2588 dabei, daß wir, abgesehen von dieser Tendenz, in den
1723 2540 2935 2615 reichische Jüdin gesellt. München zeigt in seinem ganzen
524 2530 1736 2624 meisten Fällen mit Adolf Bartels durchaus einverstanden
1730 2596 2929 2668 künstlerischen Leben eine ausgeprägte Neigung zur Dekadenz,
522 2601 1734 2674 sind, namentlich was die Urteile über die moderne Literatur
1727 2657 2930 2736 zum Radikalismus nach allen Richtungen und zur Bohéme¬
523 2667 1732 2748 angeht. Sie treffen im einzelnen meistens das unserer
1730 2708 2942 2802 wirtschaft, aber gerade im Münchener geistigen Leben spielt
518 2745 1724 2811 Meinung nach Richtige, weil sie sich freihalten von dem
1738 2767 2938 2845 das Judentum eine höchst unbedeutende, eigentlich völlig
522 2778 1728 2847 engen Standpunkt dieser oder jener Clique, und sie treten
1737 2820 2949 2898 verschwindende Rolle. Bartels macht sich seinen Standpunkt
526 2830 1735 2927 der Sensations= und Reklamewirtschaft ebenso entschieden
1737 2882 2934 2956 doch zu leicht, wenner den „Simplizissimus“ kurzwegals Träger
530 2895 1724 2978 entgegen, wie wir es seit langem an dieser Stelle tun.
1737 2937 2931 3026 jüdischen Geistes bezeichnet. Die Leitung des „Simplizissimus“
532 2948 1732 3032 So ist das Werk nach einer wesentlichen Seite wirklich
1733 3003 2936 3078 in Verlag und Redaktion und die wichtigsten Mitarbeiter,
526 3025 1738 3088 ein vorzüglicher, auf zuverlässigem Urteil beruhender Führer.
1740 3055 2934 3134 die dem „Simplizissimus die eigentliche Prägung geben, sind
525 3069 1731 3144 Wie er aber schon mit einer nicht zu billigenden Schärfe
1746 3114 2944 3210 keine Jnden, wenn sich auch einige jüdische Mitarbeiter ge¬
533 3124 1733 3201 sich gegen die Berliner jüdischen Salons im Zeitalter des
1739 3167 2936 3258 legentlich geltend machen mögen. Auch hat der „Simpli¬
534 3175 1731 3266 jungen Deutschlands stellt und gegen dieses selbst, so
1742 3238 2942 3309 eissimus“ tatsächlich in seiner Haltung, wie radikal er auch
526 3252 1738 3323 sollen auch die Juden, und nur diese, die Sündenböcke
1753 3286 2942 3365 ist, doch ganz und gar nichts von dem besonderen Gepräge
535 3301 1735 3389 sein für alle die Schattenseiten in der modernen Literatur,
1737 3352 2954 3419 des jüdischen Witzes und der jüdischen Kritik. Was nun
536 3354 1745 3448 für den dekadenten Geist und die Reklamewirtschaft
1749 3391 2955 3489 gerade die jüdische Kritik angeht, so ist ja schon oft und sicherlich
533 3423 1736 3496 mit falschen Genies. Andere besondere Zeitumstände, wie die
1751 3459 2951 3533 nicht mit Unrecht gerügt worden, daß sich da neben Vor¬
531 3472 1734 3551 Weltstadtentwickelung Berlins, die sozialen Bewegungen, die
1750 3522 2944 3610 zügen arge Schattenseiten offenbaren. Auf diesem Gebiete
530 3538 1736 3604 Bewegung der Frauenfrage, die modernen naturwissenschaft¬
1742 3571 2936 3642 machen sich gerade auf jüdischer Seite allerdings Sensations¬
537 3596 1732 3669 lichen Theorien zieht er kaum in Rechnung. Sieht man nun
1749 3632 2946 3727 lust, geräuschvolle Modereklame vielfach geltend und daneben
540 3652 1743 3732 aber genau zu, wer denn unter den schöpferischen Per¬
1748 3682 2954 3774 ein unangehmer Ton der Gehässigkeit gegen eben nicht in eine
538 3703 1744 3788 sönlichkeiten der modernen deutschen Literatur eine führende
1745 3740 2944 3836 Moderichtung passende Persönlichkeiten. So mag Bartels
546 3760 1746 3855 Rolle spielt oder wenigstens zeitweise Aufsehen erregte, so
1737 3786 2952 3886 in dem Sinne nicht ganz unrecht haben, daß durch die
530 3837 1737 3925 ist die Zahl der Juden, die dabei in Frage kommen, außer¬
1762 3845 2955 3942 allzugeschäftige, ihre Ansichten dem Publikum zudringlich
1755 3917 2951 4010 aufnötigende jüdische Kritik in unserem Geistesleben manche
645 3901 1741 3991 *) Ich gebe das Citat nach den „Mitteilungen aus dem Verein
540 3961 1746 4039 zur Abwehr des Antisemitismus“, muß diesen also die Verantwort¬
1744 3970 2963 4066 1 bedenkliche Schiefheiten und Schädlichkeiten entstanden sind,
548 4011 1479 4101 lichkeit für Vollständigkeit und Richtigkeit überlassen.
