3344 4384
2032 180 2453 240 ——.—
184 226 1337 355 2. Guttings box 37/4
1320 1078 1597 1129 Zwitterkunst.
721 1197 2201 1252 unverändert gelassen. Immer wieder wird eine neue Seite, eine neu facettierte
735 1250 2197 1313 Fläche gezeigt, aber immer wieder breitet dieselbe verzweifelnde, nieder¬
726 1311 2185 1368 drückende brutale Ergebenheit und Charaktergröße eine schwüle, dumpfe Ge¬
736 1376 2204 1431 witter=Atmosphäre aus. Ein Gedanke steigt auf (im „Dan“), eine Erinnerung
722 1428 2196 1485 wird geweckt, aus einer verborgenen Ganglionzelle aufgestöberi, und alles
739 1474 2186 1529 Leben dieser Epoche breiket sich von neuem aus: die vergeistigte Hysterie.
736 1524 2203 1582 Aber die Nuancierung ist verfeinert und in jedem Kapitel eine neue Abweichung
731 1595 2187 1637 festgehalten. So könnte jedes ein Gedicht, das XXXIII. eine Ballade sein.
733 1629 2201 1708 In jedem wird die Seele aller Hülle entkleidet, jedem Menschen werden
738 1682 2200 1750 Empfindungen und Gedanken oktroyiert, die Seelenemenationen sind, durch die
739 1749 2200 1804 Empfindung des Leutnanks Glahn gesehen. Zwei, letzten Endes widerstrebende
737 1797 1191 1869 Arten werden vereint.
835 1849 2201 1911 Das Lyrische ist der stärkste Faktor in diesen Künstlern; aber der
737 1914 2201 1966 letzte Rest zum Reinlyriker fehlt. And Epik oder Dramatik muß sich
740 1962 2191 2026 hergeben, um die Gestaltung überhaupt zu ermöglichen. „Frau Berta
738 2026 2201 2074 Garlan“ und „Leutnant Gustel“ sind unabhängig von Hamsun entstanden,
732 2073 2195 2141 diesem Skandinavier fast legitime Kinder. In „Pan“ wird eine hysterische
741 2117 2195 2178 Gefühlsperiode zu ihrem realen Ausgangspunkt zurückverfolgt, in „Frau
736 2183 2184 2240 Berta Garlan“ begleitet sie der Dichter von ihrem ersten feelischen, greif¬
742 2241 2197 2291 baren Auftauchen bis zum letzten Verstummen, bis zur Befriedigung der in
737 2293 2204 2346 der Witwenaskese sich angstvoll bäumenden Leidenschaft und der nachfolgenden
730 2345 2200 2400 Zeit des Beruhigtseins. Alles, was „Frau Garlan“ empfindet, wird erzählt.
738 2391 2188 2447 Auf Schritt und Tritt begleitet sie, genauer: ihre Nervenarbeit, der Dichter.
737 2448 2200 2512 Nie faßt „Frau Garlan“ einen Entschluß, ohne daß nicht die Kausalität ihrer
738 2496 2200 2574 dichtesten Verhüllung entblößt würde. Alle Menschen werden nach dem Refler
746 2571 2200 2623 eines Hohlspiegelbildes hysterischer Weibesempfindung gezeichnet, jede Regung,
739 2631 2202 2683 jede Tat wird nicht als dramatischer Schritt zur Lösung, sondern als Folge
742 2667 2198 2713 einer Empfindung, einer Gefählswallung erklärt. Psychognostik ist Trumpf.
734 2726 2201 2777 So zerfließt selbst die Epik in Lyrik, und nur die letzten Seiten mit ihrer
740 2771 2202 2843 tendenziösen Klage erinnern durch ihre Gebärde an einen Roman. Auch
731 2828 2203 2887 Hamsun will von „Dan“ den Eindruck feinster und gröbstempfundener Lyrik
729 2892 2208 2944 bannen, und sucht durch ein rein erzählendes Nachwort, in das noch ein
738 2934 2204 3004 Stimmungsatom jener Hysterie fällt, die Leser vom Zwitterhaften seiner
746 3004 1106 3058 Kunst abzulenken.
840 3037 2197 3098 Das Produkt des gleichen Stimmungsmaterials ist „Leutnant Gustel“
742 3095 2205 3143 nur noch reiner, klarer, eindeutiger. Aber der lyrische Duft ist verschwommen,
740 3163 2203 3215 das epische Klammerngebäude durch eine Interpunktionsmyriade (stärker als
730 3212 2206 3270 bei „Frau Garlan“ empfindbar) so zerbohrt und durchlöchert worden, daß uns
736 3260 2204 3317 der rechte Zauber nicht mehr erfassen will. Es ist begriffliche Lyrik und be¬
735 3313 2202 3364 griffliche Epik. Der Eindruck übermäßiger Gefühlstiefe ist vielleicht mit Ab¬
740 3372 2211 3434 sicht vermieden; Distanz des Poeten ist erstrebt und oft erreicht. Die Empfin¬
733 3422 2212 3475 dung, erzählende Lyrik zu lesen, unverwischbar. Denn was ist das Ganze?
2078 3514 2219 3587 215
