3392 4352
141 252 1301 380 2. Cuttings box 37/4
1004 1121 1713 1192 es geht noch ziemlich oft fehl,
1017 1179 1716 1246 überschätzt auffallende Einzelerschei¬
1009 1230 1712 1291 nungen, sieht da „Österreich“ wo
1009 1266 1709 1346 kaum ein kleiner Teil von ihm
1004 1329 1714 1382 vertreten ist, bleibt auch wohl an
1007 1380 1708 1439 der rein literarischen Erscheinung
1010 1416 1719 1488 haften, dringt nicht bis zum Leben
1009 1471 1710 1518 vor, das dahintersteht. Der Kunst¬
1010 1523 1708 1587 wart, der hier eine besondre Auf¬
1009 1575 1703 1619 gabe sah, ist mit seinen Bemühen
1008 1613 1703 1670 recht einsam geblieben. In Öster¬
999 1668 1703 1734 reich dagegen, und gerade dort, wo
1001 1719 1710 1769 man des reichsdeutschen Verständ¬
1001 1767 1703 1820 nisses am meisten bedarf, fühlt man
998 1806 1705 1880 sich vernachlässigt, isoliert, zu be¬
1006 1867 1699 1917 sonderen Anstrengungen und For¬
999 1911 1700 1968 derungen veranlaßt und bleibt in
1003 1963 1706 2023 jenem oft unreifen „Nachträumen“.
1005 2015 1703 2081 stecken. So kommt trotz mannig¬
1004 2065 1701 2123 facher und sehr reicher Begabung
993 2105 1697 2169 selten etwas völlig Einheitliches
1001 2160 1698 2232 zustande. Man sucht die „Tür
995 2212 1701 2275 ins Freie“ und verfehlt sie vor
998 2242 1652 2315 lauter Leidenschaft des Suchens.
1038 2302 1689 2371 Allmählich beginnt dies besser
987 2359 1688 2409 zu werden. Österreichische Autoren
986 2398 1690 2461 schildern die österreichische Wirklich¬
991 2453 1696 2510 keit, von der sich noch die eben ver¬
990 2504 1685 2554 flossene Literatur abgewandt hatte,
988 2550 1680 2610 ohne jene heimische Befangenheit,
984 2603 1695 2667 die bis jetzt immer die Hemmung
992 2648 1686 2706 nach der andern Seite bedeutet
991 2694 1687 2752 hatte. Deutschösterreich beginnt sich
987 2748 1685 2809 seiner besonderen Lage klarer be¬
983 2793 1690 2861 wußt zu werden und Deutschland
982 2846 1690 2896 zugleich diese Besonderheit anzu¬
980 2895 1686 2955 erkennen, mit all den Bedingt¬
974 2940 1679 2998 heiten; aber auch oft herben
980 2997 1671 3057 Schönheiten, die sie mit sich bringt.
977 3035 1681 3104 Im Kunstwart ist schon mehrfach
979 3093 1688 3152 von der Orientierungsarbeit der mo¬
980 3132 1675 3191 dernen Literatur die Rede gewesen.
977 3193 1684 3247 Die österreichische im besonderen
554 3173 951 3252 Heer und Flotte
966 3231 1673 3298 wird dieser Aufgabe mit besonderer
972 3287 1681 3347 Liebe zu dienen haben. Sie wird
979 3330 1670 3394 danach trachten müssen, nach und
973 3387 1678 3448 nach das ganze österreich, nicht
969 3434 1681 3491 nur das „süße Mädel“, feine
969 3481 1677 3548 melancholische Stimmungserlebnisse
967 3530 1678 3601 sund kulturscheue Naturhymnen,
995 3629 1107 3712 80
1989 183 2359 255 ——.—
1749 1132 2453 1206 sondern den gewaltigen Reichtum
1739 1185 2445 1237 an schöpferischen und schwer rin¬
1743 1237 2454 1301 genden Kräften in unserm großen
1739 1290 2445 1346 und wichtigen Oststaate darstellerisch
1733 1333 2455 1402 und damit menschlich zu bewälti¬
1739 1387 2447 1449 gen. Damit wird jene Heimat¬
1739 1432 2454 1500 fremdheit oder Heimatenge auf¬
1737 1477 2452 1546 hören; alle jene oft störenden Be¬
1738 1530 2447 1589 tonungen werden verschwinden,
1740 1580 2444 1638 und mit dem Gefühl, daß unsre
1736 1633 2444 1681 Zusammengehörigkeit mit den Deut¬
1747 1680 2437 1741 schen im Reich sich ganz von
1746 1729 2452 1799 selber versteht, wird sich auch
1721 1772 2445 1845 die Anerkennung und Vollgültig¬
1733 1826 2437 1883 keit unsrer heimischen Eigenart
1733 1873 2435 1942 einstellen. Die Anfänge dieser Zu¬
1734 1926 2441 1986 kunftsentwicklung sind schon zu
1735 1973 2440 2041 spüren. Die spezifisch österreichi¬
1737 2019 2442 2074 schen, von den politischen Verhält¬
1726 2073 2437 2135 nissen bedingten geistigen Zustände
1725 2115 2433 2184 suchen bereits allenthalben (und
1720 2167 2428 2232 nicht nur in der Literatur) nach
1726 2206 2437 2270 Formen, in denen sie auch dem
1728 2269 2427 2330 unter anderen Bedingungen leben¬
1719 2316 2427 2386 den Reichsdeutschland verständlich
1717 2365 2428 2431 werden können. (So zum Beispiel
1716 2416 2431 2467 in dem in der Abstinenzbewegung
1716 2456 2422 2520 wohlbekannten „Neudeutschen Kul¬
1725 2515 2436 2574 turbund“.) Diese Bemühungen alle
1715 2565 2426 2624 aber, die literarischen wie die prak¬
1713 2614 2424 2674 tischen; werden nur dann zur
1704 2668 2422 2718 vollen Reife gedeihen, zum klaren
1719 2710 2415 2761 gegenseitigen Verstehen führen kön¬
1715 2758 2423 2813 nen, wenn Reichsdeutschland das
1721 2799 2414 2866 Seine dazu tut und mit mehr als
1709 2851 2427 2916 dilettantischem, gelegentlich auch mit
1717 2905 2425 2959 mehr als ##erarischem Interesse an
1708 2952 2418 3013 solchen Bestrebungen orientierend,
1712 2998 2419 3057 fördernd, bessernd und da und dort
1703 3051 2318 3114 auch — lernend teilnimmt.
2163 3098 2421 3161 J. Lehner
1710 3171 2122 3257 Militärbauten
1768 3242 2402 3316 or langer Zeit schon ist im Kunst¬
1714 3257 2412 3345 Bwart (XX, 13) für eine end¬
1701 3338 2406 3399 liche Reform der Kasernenbauten
1696 3398 2406 3444 gesprochen worden. Wer in Deutsch¬
1703 3441 2402 3505 land reist, dem fällt es immer wie¬
1699 3489 2398 3556 der auf, daß bei der hohen mili¬
1680 3536 2410 3606 tärischen Ausbildung unsres Vol¬
1943 3641 2372 3691 Kunstwart XXIV, 1
