3296 4352
2440 214 2796 312 21. Januat 1911.
438 240 646 317 Seite 42.
1296 239 1944 317 Aigenleine Tritunnf
1628 342 2836 400 unter nicht so wirken, wie es ihrem Gegenstande nach wün¬
397 346 1608 418 scheidend sei; daß es also vollständig genüge, wenn das, was
1630 396 2844 457 schenswert wäre, so kommt vielleicht bei ihnen mitunter eine
395 400 1609 455 sie vortragen, nur irgendwie interessant ist, daß es aber voll¬
1629 455 2843 497 gewisse Unterschätzung des äußerlichen Momentes mit in
386 457 1616 506 ständig gleichgültig sei, wie vorgetragen werde. Sie vergessen
1631 495 2831 551 Frage. Wir haben in jüngster Zeit zwei wissenschaftliche Red¬
387 494 1601 545 dabei, daß das Schönste, das es in Prosa und in Poesie nur
1624 537 2847 590 ner gehört, die beide in ihrer Art und nach dem gewählten
397 544 1602 609 geben kann, vollständig wirkungslos verpufft, wenn es schlecht
1633 587 2839 637 Thema sehr interessant und doch von einander grundverschie¬
387 604 1616 656 vorgetragen wird, daß aber umgekehrt gerade die zuletzt so
1625 640 2830 679 den waren. Professor Dr. Hermann Oldenberg aus Göt¬
391 650 1602 698 verderbliche Wirkung der antiken Dialektik und Sophistik dar¬
1630 694 2852 746 tingen hörten wir in der Orientalischen Gesellschaft. Er sprach
394 700 1603 748 auf beruhte, daß man es verstand, durch das Wie des Vortrags
1634 731 2843 781 über die ältesten Religionsurkunden Indiens, über die Veden.
401 749 1603 806 ganz ungeheuere, uns heute unbegreifliche Wirkungen zu er¬
1625 781 2850 825 Wir waren sehr gespannt, den Mann kennen zu lernen, der
391 800 1615 849 zielen. Als Fritz Reuter aufgefordert wurde, in plattdeutschen
1626 830 2844 875 uns so ziemlich das beste deutsche Buch über den Buddhismus
397 843 1601 899 Vereinen doch einmal seine eigenen Sachen vorzutragen,
1631 886 2839 945 geschenkt, und der neben manchen anderen Publikationen, die
398 882 1612 939 schrieb er 1868 an einen dieser Versucher: „Es ist wahr, ich
1634 939 2848 989 wir seinerzeit in der wissenschaftlichen Beilage zur Allgemei¬
397 931 1607 991 habe in Gotha (im Schauspielhaus) zweimal eine Vorlesung
1633 977 2848 1037 nen Zeitung angezeigt hatten („Aus Indien und Iran“, „Die
395 980 1609 1041 gehalten; das war aber zum Besten des Gustav Adolf=Vereins,
1635 1026 2832 1088 Literatur des alten Indien", „Aus dem alten Indien“
386 1036 1612 1088 und es hat mich genug Ueberwindung gekostet. Ich hasse der¬
1633 1082 2844 1131 „Indien und die Religionswissenschaft“ usw.), bekanntlich
386 1091 1606 1134 lei Präsentation und Ostentation.... Poetische Produktionen
1629 1121 2850 1184 auch ein solches über „Die Religion des Veda“ geschrieben hat.
398 1133 1602 1189 werden bessere Vorleser finden als den Dichter selbst.“ Reuter
1632 1184 2842 1229 Da wir also so ziemlich alles kennen, was er geschrieben, er¬
393 1174 1599 1224 hat recht: mit wenigen Ausnahmen sind die Dichter die schlech¬
1638 1228 2860 1278 warteten wir nicht wesentlich Neues zu hören. Wir fanden ihn
396 1233 1605 1286 testen Interpreten ihrer Werke. Als Arthur Schnitzler vor
1636 1280 2845 1330 nur etwas skeptischer geworden bezüglich des Alters und der
399 1279 1599 1342 kurzem in München eigene Sachen vorlas und von seinen Ver¬
1636 1327 2842 1379 Herkunft der Veden und der Zusammensetzung jener Völker¬
397 1331 1603 1387 ehrern mit freudiger Spannung erwartet wurde, war man
1631 1369 2836 1418 schaften, die in der vorvedischen Zeit aus Iran in Indien ein¬
398 1386 1610 1434 allgemein enttäuscht. Die Dichtungen, die gelesen oder durch
1639 1415 2850 1478 gewandert, die Urbevölkerung unterjochten und wohl die älte¬
396 1422 1604 1480 den nächstbesten geschulten Schauspieler vorgetragen, von Wir¬
1631 1464 2858 1522 sten Hymnen des Rigveda sangen. Wenn Professor Oldenberg
397 1480 1604 1531 kung hätten sein können, fielen vollkommen ab. Aehnliches er¬
1637 1511 2852 1562 aber in der Einleitung zu seinem Vortrag Volk und Zeit
399 1526 1601 1580 leben wir bei Gerhart Hauptmann jedesmal, wenn er Stücke
1637 1563 2846 1627 orientierend besprach, denen der Veda entkeimte, so durfte
398 1568 1603 1623 aus seinen bereits aufgeführten Dramen vorliest, Stücke also,
1631 1608 2851 1670 man einigermaßen überrascht sein, den großartigen Ausklang
389 1617 1603 1661 deren Wirkung wir vom Theater her kennen: ein halbwegs
1631 1658 2851 1714 des Veda nicht einmal mit dem Namen Vedanta bezeichnet
390 1673 1615 1725 guter Schauspieler macht die Sache besser als er, und wenn
1630 1711 2847 1763 zu hören und nur mit der mageren Zitierung eines Verses aus
393 1722 1604 1769 wir nur ein bißchen aufrichtig gegen uns selbst sein wollen,
1641 1755 2847 1816 den vielen großartigen Hymnen des zehnten Buches des Rig¬
398 1768 1600 1819 müssen wir gestehen, daß es eigentlich nicht die betreffende
1641 1807 2864 1868 veda, die in ungeahnter großartiger pantheistischer Auffassung
393 1804 1603 1869 Dichtung, das gesprochene Wort, sondern die Person des Dich¬
1640 1863 2845 1915 schon zu den Upanishaden überleiten, vorlieb nehmen zu
388 1865 1604 1921 ters selbst ist, die uns den Vortrag lohnend und interessant ge¬
1635 1910 2857 1964 müssen. Das war um so mehr zu bedauern, als dem etwas ein¬
397 1913 635 1985 macht hat.
1640 1951 2854 2007 seitig abfälligen Bilde, das der Vortragende von der tief¬
481 1982 1609 2036 Vor kurzem hatten wir die Freude, einen jungen, in
1647 2000 2852 2063 stehenden krausen Mythologie des Rigveda zeichnete, die not¬
391 2024 1616 2076 München schon halb vergessenen Dichter und Schriftsteller am
1637 2056 2852 2108 wendige wohltuende Ergänzung in der wunderbaren Erschei¬
391 2075 1616 2145 Vortragstische wieder zu sehen, wo er es seit mehr als zehn
1646 2101 2840 2154 nung des Vedanta fehlte oder mindestens dabei zu kurz kam.
396 2135 1616 2183 Jahren zum erstenmal wieder unternahm, eigene noch unge¬
1633 2156 2847 2207 Da Professor Oldenberg seinen Stoff natürlich souverän be¬
398 2189 1613 2235 druckte Dichtungen einem kleinen Publikum anhänglicher
1642 2205 2852 2256 herrschte, gab es einen ununterbrochenen Vortrag ohne
405 2233 1607 2289 Freunde und Verehrer vorzutragen. Es war Dr. Otto Hel¬
1639 2248 2860 2294 Stockung, der in der monotonen Sprechweise nur etwas trocken¬
404 2265 1620 2321 muth Hopfen, dessen literarische Erstlinge das Feuilleton
1637 2293 2851 2353 wirkte, wie denn auch merkwürdigerweise Oldenbergs „Reli¬
395 2319 1607 2374 der Allgemeinen Zeitung vor Jahren einem weiteren Publi¬
1639 2356 2854 2403 gion des Veda“ in der Kraft und Lebendigkeit der Darstellung
402 2383 1610 2432 kum vermittelte. Seither hat der junge Hopfen nach vielfachen
1650 2390 2571 2450 hinter seinem „Buddha“ bedeutend zurücksteht.
403 2424 1611 2477 Reisen und Studien sich in Florenz angesiedelt, um dort ganz
398 2482 1614 2529 und ungestört seinen literarischen Arbeiten zu leben. Wenn er
1730 2470 2863 2530 Oldenbergs Widerspiel war Professor C. G. Schil¬
395 2530 1609 2576 auch seine Begabung vom Vater ererbt haben mag, so ist sie
1640 2523 2855 2579 lings, der im alten Rathaussaale bei einer Polarkälte, die
398 2575 1613 2624 doch ganz anderer Art, und dies prägt sich ganz besonders jetzt
1638 2587 2856 2632 von seiten der Arrangeure, des Vereins für den künfüigen Zoo¬
401 2623 1609 2675 aus, wo Hopfen sich als ein in der Zwischenzeit sehr gereifter
1643 2622 2851 2684 logischen Garten, ohne jede Rücksicht auf die Besucher durch
402 2667 1607 2724 und abgeklärter Dichter vorstellt. Er las uns drei seiner unge¬
1643 2665 2851 2724 keine Ofenwärme zu mildern versucht war, über die „Afrika¬
401 2720 1607 2769 druckten Dichtungen vor: eine „Florentiner Idylle“, in der
1649 2722 2857 2776 nische Tierwelt“ vortrug. Dieser Vortrag war ganz sprühen¬
402 2776 1612 2820 mit großer psychologischer Feinheit in Kürze die Geschichte
1634 2777 2856 2829 des Leben. Leider konnte sich an ihm nur unsere Begeiste¬
394 2824 1608 2866 einer Versuchung erzählt wird, dann eine vierteilige Ballade
1651 2821 2857 2875 rung, nicht aber unser langsam einfrierender Körper erwär¬
407 2862 1612 2921 „Arthur der Segler“, eine düstere nordische Meerdichtung, die
1638 2865 2860 2923 men. Professor Schillings ist ein vorzüglicher Redner. Er
404 2918 1606 2974 vielleicht die Begabung Hopfens im schönsten Lichte zeigte,
1649 2921 2867 2971 spricht nicht nur laut und deutlich, sondern auch ohne jede
401 2957 1614 3008 und endlich eine Florentiner Vers=Humoreske „Zugvögel“ (in
1637 2971 2854 3026 Pose, und es ist nicht ein gelehrter Vortrag, sondern eine mit¬
404 3014 1617 3069 drei Tänzen und einem ernsteren Intermezzo), die dem Vor¬
1641 3019 2858 3073 fortreißende Erzählung und Plauderei, die scheinbar ganz un¬
395 3060 1616 3116 trag einen behaglich heiteren Ausklang verlieh. Was Dr.
1640 3065 2854 3120 vorbereitet direkt vom Herzen des Sprechers zu den Herzen der
409 3105 1611 3153 Hopfen an Sprachtechnik und überlegener Berechnung der
1642 3113 2858 3179 Hörer dringt. Die afrikanische Tierwelt selbst schien anfangs
397 3164 1614 3213 Wirkungen vielleicht abging, wußte er durch überzeu¬
1647 3153 2859 3221 ganz Nebensache zu sein, so sehr war Professor Schillings von
410 3203 1618 3253 gende Kraft des Ausdrucks zu ersetzen. Um ja recht
1638 3209 2863 3268 seiner Herzenssache, dem Schutz der Vögel, den er den Damen
404 3254 1609 3308 deutlich zu sein, ließ er sich im Gegensatz zu der Ge¬
1641 3256 2859 3307 empfahl, eingenommen. Ob es viel genützt hat, ob nur eine
401 3315 1612 3362 wohnheit aller Neulinge, allzuschnell zu sprechen, dazu ver¬
1639 3315 2863 3365 der Damen ihren Reiherfederhut bei der Modistin deshalb ab¬
405 3357 1614 3411 leiten, mit zu vielen Zäsuren, d. h. zu langsam vorzutragen, so
1647 3355 2854 3407 bestellt hat — wer mag es wissen? Wenn aber etwas imstande
406 3405 1619 3458 daß, musikalisch ausgedrückt gewissermaßen das Portamento,
1641 3409 2857 3474 ist, dem Vogelmord im Dienste der Mode zu steuern, so sind es
401 3450 1607 3493 die gebundenen Bögen der Verse fehlten und der Rhythmus
1639 3452 2864 3508 gewiß die beweglichen Worte Professor Schillings' und noch
402 3502 1614 3553 derselben darunter leiden mußte. Auch hier hätte ein leidlich
1635 3513 2852 3561 mehr seine Lichtbilder gewesen, die uns die blutenden Reiher¬
398 3554 1617 3604 guter Berufsrezitator oder Schauspieler dem Dichter vielleicht
1638 3552 2858 3605 leichen zu den Füßen der Nester zeigten. Erst als Schillings
408 3595 1621 3637 mehr genützt, als er es selbst konnte. Freilich, der lebende
1639 3613 2861 3661 diesem Herzensbedürfnisse genügt und noch ein kräftiges Wort
397 3654 1620 3701 Konnex zwischen dem Dichter selbst und seinem Publikum war
1645 3644 2859 3708 zugunsten unseres künftigen Zoologischen Gartens eingelegt
409 3702 1612 3755 gerade in diesem Falle, wo es sich um eine so interessante und
1645 3702 2865 3759 hatte, ging er auf sein eigentliches Thema über, indem er an
399 3748 1615 3801 vielversprechende Bekanntschaft handelte, sehr viel wert, und
1638 3747 2860 3806 uns die afrikanische Tierwelt in Wort und Bild in überaus
406 3788 1614 3854 auf diesen Konnex kam es dem Dichter und Vortragenden
1655 3794 2860 3857 fesselnder Weise vorüberziehen ließ, nicht ohne überhaupt an
410 3839 864 3903 wohl am meisten an.
1643 3852 2860 3898 unseren Natursinn und an die Notwendigkeit eines allgemeinen
1639 3887 2863 3953 Tierschutzes zu appellieren, ohne den unsere Auen und Wälder
488 3899 1609 3963 Unsere Professoren, die ja Vortragende von Beruf sind,
1637 3956 2850 3993 demnächst ganz aussterben werden. Aehnlich wie ein anderer
406 3948 1617 4005 sind darum noch lange nicht Redner von Beruf, aber sie sind
1634 3990 2862 4058 großer Forschungsreisender, Sven Hedin, ist auch der schnell
408 4009 1620 4062 doch wenigstens Praktiker in der Redekunst, und wenn sie mit¬
