3344 4352
899 291 1363 384 box 37/5
208 286 873 397 2. Cuttings
451 868 549 918 211
1105 876 1469 938 Kurze Anzeigen: K
410 1003 1459 1062 wird zu wenig eingegangen, der glänzende Dialog des ersten
411 1043 1457 1106 Aktes im „Weiten Land“ nicht gewürdigt. Am schwächsten
401 1082 1455 1139 geraten ist wohl die Einleitung, die sich vergeblich müht,
399 1125 1446 1177 die österreichische Individualität des Dichters zu kenn¬
406 1165 1446 1204 zeichnen und gelegentlich ein Wörtchen über die „gehaltlose
401 1200 1444 1242 Wortkunst“ Hofmannsthals und die „moderne Faustnatur“.
400 1244 1447 1282 Hermann Behrs fallen läßt. Im ganzen ist die Schrift
400 1276 1295 1330 liebenswürdig warm im Ton und frisch gehalten.
481 1318 639 1371 Wien
1078 1324 1371 1383 A. v. Weilen
396 1397 1442 1452 Beiträge zur Entwicklungsgeschichte der Traum¬
456 1436 1440 1480 satire im siebzehnten und achtzehnten Jahrhun¬
451 1479 1450 1526 dert. Dissertation. Von Heinz Klamroth Bonn
457 1510 963 1557 1912, Emil Eisele. 146 S.
484 1549 1440 1610 Die von vielen Seiten ermunterten Bestrebungen, in
394 1595 1446 1638 der Literaturgeschichte die formalen Gesichtspunkte stärker
402 1638 1445 1674 zu betonen, dringen in erster Linie auf genetische Dar¬
403 1671 1447 1706 stellung der literarischen Typen und Gattungen. Dabei
392 1710 1441 1748 erhebt sich die auch in andern Wissenschaften viel erörterte
399 1758 1446 1803 Schwierigkeit, nach der Herauslösung der zu verschiedenen
389 1794 1447 1843 Zeiten und unter verschiedenen Bedingungen entstandenen
387 1826 1447 1883 Werke aus dem allgemeinen geschichtlichen Zusammenhang
398 1871 1439 1906 eine in sich geschlossene Entwicklung zu erkennen, und gerade
398 1908 1443 1944 Forscher, die über methodische Probleme gründlicher nach¬
392 1948 1439 1990 gedacht, haben hervorgehoben, daß die Literaturgeschichte
386 1987 1440 2042 in dieser Hinsicht nicht so günstig gestellt sei wie etwa die
392 2021 1431 2070 Kunstgeschichte. Fremde Instanzen haben oft genug in
390 2059 1433 2103 die Entwicklung der poetischen Formen und Gattungen
383 2099 1436 2155 bestimmend eingegriffen und die Bildung einer fortwirken¬
385 2149 1428 2197 den Tradition innerhalb dieser Teilgebiete dichterischen
388 2182 1437 2228 Schaffens gestört oder verhindert. Die fleißige, aber un¬
389 2226 1435 2279 disziplinierte Arbeit Klamroths bestätigt die Wahrheit
387 2260 1432 2315 solcher Bedenken, indem sie darüber hinweggeht. In den
384 2294 1429 2338 moralischen Wochenschriften des 18. Jahrhunderts finden
385 2335 1427 2374 sich häufig satirische Schilderungen, eingekleidet in den Be¬
392 2381 1431 2431 richt eines Traumes. Klamroth statuiert also „die Traum¬
385 2406 1437 2475 satire als eine in sich zusammenhängende Literaturgattung
391 2449 1424 2509 mit gemeinsamen formalen Bestandteilen“, faßt sie als
385 2478 1426 2531 „Ergebnis einer zusammenhängenden Entwicklung“ auf und
385 2529 1424 2588 schreibt ihre Geschichte. Oder vielmehr ihre Vorgeschichte;
377 2572 1431 2618 ein großer Teil des Buchs ist den Quellen der Quellen der
381 2618 1429 2662 „Traumsatiren“ gewidmet. Richtig ist, daß in dieser Traum¬
384 2646 1425 2699 literatur sich Motive und Analogien der Einkleidung finden,
377 2689 1429 2742 die in der antiken und mittelalterlichen Visionendichtung
387 2730 1430 2781 ebenfalls anzutreffen sind, und daß vom 10. Jahrhundert
386 2774 1432 2821 an, nach dem Absterben der religiösen Mythenbildung,
386 2800 1423 2851 zugleich mit der literarischen Aufarbeitung der Apokalyptik
376 2847 1427 2902 die Vision als Maske des Satirikers Eingang findet. Aus
380 2885 1428 2935 dieser satirischen Literatur schöpfte Quevedo, und ihm
375 2923 1419 2968 folgte Moscherosch. Was aber daraus entnommen werden
380 2951 1416 2998 kann, ist eine Filiation von Motiven, deren formaler
376 3007 1418 3058 Charakter übrigens fragwürdig ist, keine Entwicklung einer
385 3036 1413 3092 selbständigen Kunstform. Ferner beachtet Klamroth nicht,
372 3075 1415 3115 daß die apokalyptischen Motive auch außerhalb des von
379 3113 1423 3159 ihm betrachteten Kreises Möglichkeiten des Fortlebens
379 3149 1413 3197 finden konnten; er unterläßt es auch, den Anregungen der
369 3198 1420 3232 bildenden Künste nachzugehen. Überhaupt darf nicht außer
375 3239 1422 3280 acht gelassen werden, daß die symbolische Bedeutung der
377 3274 1417 3315 Traumvorstellungen und die früh populär gewordene Ein¬
372 3317 1409 3359 sicht in die Verwandtschaft der selischen Zustände des Dich¬
379 3353 1416 3392 tens und des Träumens immer wieder von selbst zur Er¬
376 3392 1161 3439 findung solcher Einkleidungen führen konnte.
459 3428 1420 3487 Unerläßlich war eine psychologische Distinktion von
375 3468 1407 3529 Traum und Vision und eine Vergleichung der stilistischen
374 3508 1382 3566 Ausdruckswerte. Klamroth definiert: „der Traum ist
365 3553 1410 3607 eben ein Traum, die Vision dagegen (!) ein inneres Er¬
372 3585 1415 3632 lebnis“ (S. 45). Die literarischen Schöpfungen selbständig
367 3630 1405 3670 zu charakterisieren, hat Klamroth gar nicht versucht, er
368 3672 1409 3708 entschädigt durch seitenlange Auszüge aus Lehrbüchern und
374 3702 1416 3763 Monographien. Über die Stellung und Bedeutung der
365 3755 1417 3812 Allegorie könnte Klamroth aus den Dante=Werken von
366 3787 1196 3838 F. X. Kraus oder Voßler Aufschluß gewinnen.
425 3827 831 3893 Berlin=Halensee
1032 3837 1330 3895 Hugo Bieber
2486 1720 2877 1803 Telephon 12.904.
1922 1850 2678 1944 „ODSLNWEN
1772 1929 2863 2012 I. Seterr. beh. konz. Unternehmen für Zeitungs¬
1970 1975 2649 2046 Ausschnitte und Bibliographie.
1947 2030 2701 2116 Wien, I., Conoordiaplatz 4.
2169 2101 2488 2168 Vertretungen
1769 2135 2861 2223 in Bertin, Brüssel, Budapest, Chicago, Cleveland, Christianis,
1834 2187 2864 2237 #, Kopenhagen, London, Madrid, Mailand, Minnespelle.
1771 2225 2858 2310 New-Vork, Paris, Rom, San Francisco, Stockholm, St. Petess¬
2171 2265 2467 2323 burg, Toronto.
2115 2305 2525 2364 (Gaellenangabe ehse Gowden.
1749 2349 2635 2446 hu#schntt aus: Oge. Guette
2645 2338 2873 2481 en.
1744 2455 2400 2565 W Be
2027 2604 3105 2714 Arthur Schnitzler, eine Studie von Josef Karl Ralis#
2059 2652 3074 2743 lav. — Homburg, Verlag Homburg G. m. 91##1.—
2106 2690 3097 2785 Diese von unserem Wiener Redakteur verfaßte Bkoschüre
2008 2722 3090 2828 zeichnet sich durch dieselbe liebevolle Eindringlichkeit uns warm¬
2016 2767 3094 2867 herzige Charaktersierung aus, die unserem Leserkreise bereits aus
1713 2741 1861 2884 0
2010 2802 3094 2907 seinem Artikel über Schnitzler und Schönherr (IV. I.
2012 2845 3087 2951 Nr. 9/10) bekannt ist. Der in Oesterreich noch immer nicht nach
2008 2878 3094 2985 Gebühr gewürdigte Dichter wird dadurch sicherlich in den weitesten
2005 2923 3083 3027 Kreisen nach Verdienst geschätzt werden. Weitere in jeder Hin¬
2001 2967 3096 3063 sicht ausgereifte Studien z. B. über den österreich. Altmeister
2005 3004 3089 3103 Stephan Milow 2c. stehen in absehbarer Zeit bevor und
1986 3042 3084 3148 dürften dem Dichter und unserem jungen Literaturhistoriker zohl¬
1997 3078 2531 3146 reiche neue Freunde zuführen.
2835 3122 3057 3183 Dr. ##.
1988 3127 2884 3210 0 J (Färnner-Miteid. Mu#
3135 4168 3348 4244 1
