3344 4320
929 227 1393 320 box 37/5
228 235 821 339 2. Cuttings
445 465 1532 604 Ausschnitt altewziger Neugste Nachrichies
445 595 600 643 vom:
687 579 944 689 10   1312
348 658 965 767 Airmodernen Literatur.
408 749 1608 818 Arthur Schnitzler als Psycholog. Von Dr. Theodor Reik Minden,
326 764 797 854 Verlag
829 805 1616 867 3 Preis geh. 4 Mk. Immer mehr nimmt
335 812 1614 904 die literarhistorische uno philosophische Betrachtung die älteren Dichter
329 864 1613 945 unserer lebenden Generation in ihren Kreis auf. Ueber Hauptmann
340 912 1604 986 existiert bereits eine ganze Literatur. Nun scheint auch der Wiener
337 936 1587 1017 feine Sexualpsycholag Schnitzler als Versuchsobjekt dienen zu müssen.
323 981 1595 1058 Sehr eingehendeörtert der Vorfasser die Sexualpsychologie dieses
325 1020 1598 1093 Wieners und kojmt dabei auf eine Reihe recht eigenartiger Ent¬
327 1062 1600 1134 deckungen. Menschen, die an dem st##ischen Hedonismus Schnitzlers
334 1103 1587 1173 Geschmack und Werte finden, werden dieses Buch nicht ohne Interesse
325 1125 1596 1199 lesen und für manchen vielluicht nur flüchtig empfundenen Eindruck
328 1179 1287 1248 eine neuartige Erklärungans der Lektüre gewinnen.
1417 1199 1564 1256 B. T.
2162 165 2357 234 —.—
1745 1326 2204 1418 Husschnitt aus:
2207 1321 2770 1422 Die Wage, Wien
1747 1410 2236 1512 vom: APf. 1974
2204 1470 2350 1550 E
1563 1492 2168 1633 (Hans Natonek (Halle a. S.).
1592 1604 2372 1708 Psychoanalyse und Literatur.
1592 1677 2994 1748 (Randbemerkungen zu Dr. Theodor Reiks: „Arthur Schnitzler als Psycholog“.*)
1697 1736 3008 1812 Eine neue Methode der Literarrverrächtung künder=sich-aus¬
1584 1803 2983 1860 seit nicht allzulanger Zeit, nicht immer sehr sympathisch und mit
1587 1847 2987 1911 wechselndem Gelingen. Die Psychoanalyse hat die Neuheit und
1588 1899 2992 1963 manches Frappierende für sich und konnte die Hoffnungen, die
1593 1944 2999 2006 man diesem Wissenszweig als einem belebenden Element der
1589 1991 2995 2068 Literaturgeschichte entgegenbringt, ob seiner Jugend noch nicht
1595 2047 2626 2113 enttäuschen; aber das wird schon noch kommen.
1720 2103 2991 2163 Die Psychoanalyse in der Literaturgeschichte, neben histo¬
1594 2143 2993 2207 rischen, ästhetischen, kritischen Erwägungen, dürfte sich auch schon
1588 2196 2992 2251 vor S. Freud nachweisen lassen. Aber es ist sozusagen un¬
1590 2240 3001 2303 bewußte Psychoanalyse. Bewußt zur vorherrschenden Methode
1587 2283 3002 2341 bei Betrachtung von Dichter und Dichtung gemacht, bildet die
1611 2347 2208 2430 Psychoanalyse ein Novum.
1718 2381 3001 2454 Von Dr. Theodor Reik ist ein Buch erschienen: „Arthur
1599 2437 2996 2495 Schnitzler als Psycholog. Im Vorwort schreibt der Autor pro¬
1603 2473 2999 2553 grammatisch: „Die folgende Untersuchung verzichtet von vorne¬
1597 2525 2991 2625 herein auf ästhetische Wertungen und verfolgt nur wissenschaft¬
1603 2584 3004 2644 liche Zwecke.“ Und im Schlußwort: „Literaturbetrachtung sei im
1604 2623 2993 2688 wesentlichen angewandte Seelenkunde. Der Kritiker sei ein Psycho¬
1609 2678 2994 2737 loge ... Die Beheit des Literarhistorikers sei feelische Tiefsee¬
1607 2724 3013 2805 forschung.“ Nach dem Vorwort also hat die psychologische Analyse
1602 2777 3013 2838 zur Literatur kein anderes Verhältnis als zum Leben selbst, als
1598 2821 3016 2914 zu irgend einem Objekt, das die Psychoanalyse zum Gegenstand
1728 2902 2713 3002 *) Im Verlage von L. C. C. Bruns, Minden i. W.
1583 3016 2972 3109 ihrer Untersuchungen macht. Der Hauptton ruht auf Psycho¬
1574 3083 2981 3160 logie; daß sie die Dichtung aufs Korn genommen hat, ist mehr
1579 3125 2979 3202 oder minder nebensächlich und zufällig. Im Schlußwort ist der
1581 3178 2983 3257 Standpunkt (von dem man annehmen darf, daß es der Stand¬
1584 3225 2981 3287 punkt des Buches ist) gewechselt: Die psychoanalytische Durch¬
1582 3271 2985 3348 forschung des Dichterwerkes gilt dem Autor als die beste Art,
1579 3319 2985 3404 Literaturhistorie zu treiben. Im Vorwort ist die Psychoanalyse
1572 3381 2974 3431 Zweck, die Dichtung nur Gegenstand und Mittel der Unter¬
1577 3414 2972 3490 suchung. Im Schlußwort ist die Psychoanalyse Mittel zu lite¬
1568 3472 2229 3539 rarischen Erkenntniszielen.
1687 3522 2974 3596 Der ausgesprochene Verzicht auf ästhetische Wertung ist eine
1566 3568 2971 3643 Schutzmaßregel gegen bedenkliche Frager. Er will vorbeugen, er
1565 3616 2979 3697 deutet auf die wundeste Stelle und sagt: hier nicht anrühren!
1570 3661 2973 3749 Dadurch aber, daß Reik bei Betrachtung eines Dichter=Lebens¬
1573 3713 2968 3799 werkes, von vorneherein auf ästhetische Wertung verzichtet, ist er
1561 3767 2968 3845 nicht entschuldigt, wenn er es auch wirklich tut! Umsoweniger, als
1578 3814 2968 3894 er in seinem Schlußwort die Psychologie als beste, fast einzige
1572 3862 2962 3940 Methode der Literaturbetrachtung ausruft. Daß bei der psycho¬
1560 3919 2965 3989 logischen Zerfaserung einer Dichtung etwas Ersprießliches für die
1571 3959 2964 4040 Psychoanalyse herauskommt, mag sein; ob es aber der Dichtung
1565 4023 2969 4084 zugute kommt, wenn man sie durch das psychoanalytische Prisma
1567 4062 2969 4124 betrachtet — das ist hier die Frage; und deshalb wäre es gut
1552 4113 2972 4162 gewesen, Reik hätte seinen Standpunkt reinlicher und wider¬
