3344 4352
475 135 1324 181 eho realises the conditions, she gains a tempo¬
1341 141 1385 180 th
1360 156 1487 218 —
466 168 1324 222 tary triumph, more often her fragile nature i8
1329 179 1373 229 I1
464 207 1320 257 shattered against those terrible awakenings
463 244 1164 308 which leave her solitary and desolate.
749 297 1038 365 “ ANATOL.“
512 344 1340 418 * Anatol'’ in various vavs throws light on
461 396 1333 450 tus favourite heroine of Schinitzler. In onc of
1328 399 1388 463 of
462 436 1323 494 these little pieces there is a faresvell supper.
461 457 1312 543 Anatol, who has ruined his digestion by having
1328 495 1390 549 P.
460 512 1310 570 to cut twosüppers every night, one wich Anna,
1327 540 1382 580 01
460 549 1322 597 his older friend, and the other with a gewer
1327 576 1383 617 00
447 587 1329 652 favourite, determines to give a’good-bye supper
1331 605 1391 653 0
450 635 1313 678 to Anna, his friend Max, and himseff. He is
1327 648 1385 700 81
453 663 1382 721 going to reveal to her the changes in his plansjc
464 717 1393 771 and position, but, to the intense and sandonicte
460 748 1378 806 joy of his friend Max, Anna forestalls him with in
460 788 1368 843 che information that into her life also has come A
456 830 1323 886 anew love. In another of these onc-act plays,
1336 836 1384 883 T
447 847 1385 903 Tentitled “ Question of Fate,? Anatel, vervitl
456 899 1321 957 anxions about the kind of lovo which Cora feels
1332 921 1374 957 W.
450 946 1312 992 #for him, determines to hypnotise her and
1322 948 1379 996 WV
450 977 1316 1034 draw From her unconscious lips the true answer.
445 1004 1316 1065 Novertheless, after the girl is hypnotised he
452 1061 1308 1118 dares not“ put his fortune to the touch, to win
1323 1062 1384 1112 t1
461 1101 1312 1141 or lose it all, but pretends to Max that he is
1329 1104 1389 1157 E
459 1141 1311 1194 quite satisfied; while all the time it is casy for
1330 1144 1376 1188 a
455 1187 1309 1229 the spectator to see that he is as disquieted as
1323 1180 1379 1225 D
454 1217 1320 1271 before, especially when Cora, awakened from
1314 1258 1368 1305 h
456 1245 1313 1316 her trance, shows a very troubied and uncasy
448 1298 1315 1350 curiosity as to thhie results of the interrogation.
1319 1335 1379 1387 8
497 1329 1318 1390 Perhaps one of the best-known pieccs of
457 1382 1347 1436 Schnitzler —and it mav be remarked, in pass¬
457 1409 1370 1469 ing, that he is absolutely at his best in oneact“
454 1453 1328 1500 plays, and not nearly so successful in longer
461 1490 1321 1541 pieces of work—is the tragi-comedy which he
468 1533 1317 1567 calls“ Literature.'' A ladv who has gained no
451 1565 1312 1619 little reputation in letters is on the eve of mar¬
1327 1610 1360 1642 n
458 1598 1325 1654 rage with a wealthy baron, who wants her to
449 1651 1305 1692 give up her hterary career. She is not un¬
461 1680 1311 1728 willing to make the sacrifice, but only asks that
452 1713 1319 1760 cho may publish one last novel, which, as a
450 1746 1366 1806 matter of fact, has been composed of love-letters!
456 1797 1305 1838 received from a former friend. Of course, the
456 1829 1320 1868 older love turns up, and it is discovered that
448 1875 1321 1927 he, too, is abont to produce a novel based on
452 1909 1331 1964 their correspondence. The two books fit
457 1943 1328 1986 together like a glove, and discovery secms cer¬
458 1983 1325 2041 tain. Fortunately, when the baron appears he
452 2015 1324 2075 declares that he has bought up the whole edi¬
461 2061 1322 2117 tion of his wife’s forthcoming novel and has
448 2094 1326 2138 saved a single copy, which he proposes to read
454 2135 1312 2174 with her at his own fireside. Quickly the
454 2169 1327 2230 lady sees her chance.“ No, let the sacrifice
455 2208 1312 2268 be complete,?’ she cries, as she flings the soli¬
451 2249 1328 2310 tary surviving evidence of her folly into the
708 2307 1060 2380 MANT MOODS.
488 2366 1324 2425 It will be observed from these and many
443 2406 1317 2466 other instances of Schnitzler’s method that
448 2453 1322 2497 he is a master of all the moods of modern
445 2498 1318 2551 worldliness. He is callous, cynical, flippant
441 2529 1314 2574 ratiricl, serious, by turns; sometimes laugh¬
437 2566 1314 2606 ing with a sour grimace, and sometianes pre¬
444 2613 1321 2657 serving à sombre countenance, with a suspicion
443 2648 1329 2684 of a laugh at the corners of bis month. He###
451 2684 1324 2735 full of romantic melancholy, and yet he is fo:
441 2727 1320 2770 ever pointing out “ what shadows we are and
447 2768 1316 2816 what shadows we pursue.?' It is part of the
447 2802 1325 2860 ecnnedy of existence that we disturb ourselves
441 2844 1313 2887 abont things that are really trifles, more inte¬
434 2878 1320 2933 rested im the froth of the glass which fife offers
445 2911 1317 2972 to our lips than in tde real quality and virtue
434 2953 1321 3016 of the drink. Besides, how do we know, in the
445 2997 1311 3040 midst of the confused phantasmagoria of
435 3031 1314 3093 existence, which is dream and which is reality?
443 3073 1321 3125 Mesmerism, for instance, a device wlnch
440 3114 1319 3165 Schnitzler is fond of in more than one of his
434 3153 1328 3208 plays, reveals to us a particular condition of
438 3188 1311 3244 mind, in which the unconscious patient may
440 3232 1310 3275 be telling the exact truth which in bis waking
448 3268 1317 3327 momants he would have concealed, or may be
444 3314 1312 3358 merely repeating words suggested to lm by
442 3348 1322 3407 the operator. So, too, in actual life itself.
445 3380 1318 3432 In the little volume of“ Three Plays of
438 3423 1314 3483 Schnitzler, ?’ admirably translated into English,
439 3470 1310 3518 and with a very interesting introduction by
426 3505 1318 3561 Mr. Horace B. Samuel, we have that ingenious
429 3547 1308 3592 piece of romantic impressionism which is called
477 3584 1310 3632 The Green Cockatoo.“ It is the eve of the
439 3620 1317 3679 storming of the Bastille, and weare introduced
436 3665 1306 3699 to an underground cellar, to which resort all
426 3697 1310 3753 sorts and conditions of men and women, dissi¬
425 3733 1320 3805 pated nobles, broken-down actors, malcontente
432 3782 1307 3829 of every kind, men and women of loose lifen
434 3814 1316 3883 Their object in coming is to sce um entertain¬
