3392 4352
901 213 1362 317 box 37/5
206 208 810 317 2. Cuttings
873 859 1099 954 — —
1938 877 1993 954 #
2920 900 3031 971 —
644 1016 3044 1101 sich da („Heimliche Liebe“ heißt der öde Schmarren) als Profoß Allgegenwärtigkeit ist an Schnitzler, die sehr viel Größere
189 1036 1838 1119 Schnitzler im italienischen Kriege und entdeckt durch Zufall, daß der Re¬
1834 1065 3048 1136 unter den lebenden Dichtern für uns nicht besitzen: wir be¬
627 1093 1837 1161 gimentstambour ein Weib ist, das sich aus glühender Liebe dem
1835 1115 3055 1181 obachteten eine Dame mit Paketen, die Weihnachtseinkäufe
176 1124 1838 1218 äer gab es einen Bild- Hauptmann nachgeschlichen hat. Er will nun dem Vorgesetzten
1831 1172 3039 1223 machte, wir fuhren mit der Eisenbahn durch sonnefließende
197 1178 1828 1253 irgendeiner Laune fol- den Tatbestand aufklären, kann aber, teils weil beide nicht
1832 1202 3040 1285 Vorstädte, wir sahen über einen grünen Gartenzann Georginen¬
194 1222 648 1281 und tierischen Abfällen
642 1237 1834 1300 allein im Zimmer sind, teils vor eigenem Erstaunen, nicht
1834 1247 2733 1319 büsche nicken, und wir fühlten schon Schnitzler.
182 1264 645 1324 ère gemacht hatten, nicht
638 1281 1842 1336 recht mit der Sprache heraus und macht deshalb vor seiner
1883 1294 3041 1358 In einem Sonett, das er dieser Tage an ihn richtete, rief
171 1307 640 1369 beit dieses Mannes den
638 1325 1828 1380 eigenen Brust verzweifelt konvexe Bewegungen, die andeuten
1831 1320 3042 1407 Eulenberg aus, Schnitzler sei fast das „Einzige, wodurch wir
169 1356 644 1407 teer, „einer wie großen
635 1364 1833 1427 sollen: „Der Kerl dort ist kein Mann, er hat einen Busen!!“
1827 1385 3046 1434 draußen Wien noch kennten“. Das ist schon richtig; denn
178 1403 641 1459 u machen, daß diese Fi¬
637 1417 1836 1463 Das — niemand wird es ernstlich in Abrede stellen wollen —
1834 1428 3048 1492 Schnitzler ist wirklich der einzige unter den Könnern, der in
185 1442 631 1504 Diese Geschichte ist sich
638 1454 1834 1519 ist eine Schweinerei. Jetzt aber beobachtet nur, wie Girardi
1827 1466 3041 1536 Wien geblieben ist. Die Hofmannsthal, Beer=Hofmann, Wasser¬
171 1480 634 1545 Alexander Girardi an¬
641 1499 1822 1560 es bringt! Als ob ein Panzerturm von Keuschheit um sie her
1834 1515 3039 1559 mann, sie sind körperlich, postalisch, polizeilich in Wien ge¬
188 1534 649 1587 weise wäre wie jener
633 1550 1835 1603 plötzlich aus der Erde wüchse, bewegen sich seine Hände. Keine
1828 1552 3039 1617 blieben; geistig aber haben sie nichts gemeinsam mit einer
180 1569 647 1641 t, anläßlich des wiener
644 1592 1834 1653 Zote formt sich, sondern höchste Humanität: Gott hat den Mann
1837 1603 3039 1675 Stadt, in der sie kein Publikum haben, die nicht einmal ihre
177 1611 632 1684 sich über und über zu
637 1615 1833 1693 so geschaffen wie er die Frau nicht geschaffen hat; verehren wir
1825 1644 3036 1712 Bücher verlegt und die es ihnen übel nimmt, daß sie keine
193 1667 646 1737 vollendete Kunst, die
639 1681 1825 1742 ihn auch darum; ihn, der die Ulme anders gemacht hat wie die
1830 1686 3037 1762 Texte für Fall und Lehär schreiben — sie leben in einem ide¬
624 1725 1819 1788 Eiche. Also Religion. Also für das Herz gerettet, was unter
1834 1735 3045 1801 ellen Weimar. Und gar Karl Kraus? Er ist so wenig Wiener,
167 1729 631 1811 estalt von Shakespeare
636 1763 1488 1834 den Gürtel treffen sollte: höchste Humanität!
1823 1778 3045 1840 wie es im Jahre 1805 Napoleon war. Würde er nicht,
180 1796 635 1857 nes reinsten karrari¬
685 1813 3035 1848 Höchste Humanität: aus der kitschigen Operettensentimen=wenn er die Macht hätte, Kahlen= und Leopoldsberg mit Bat¬
174 1837 623 1901 bahr werdet ihr, die
632 1853 1828 1923 talität, daß sich ein Mann mit einem Kanarienvogel unter¬
1824 1865 3034 1919 terien besetzen lassen und das Tal in einer Sintflut von Kar¬
181 1868 630 1947 eißelnd, einem Mix¬
633 1897 1823 1965 hält, macht Girardi das grundlegende Zwiegespräch zwischen
1825 1902 3047 1970 tätschen ertränken? Aber Schnitzler, Schnitzler ist in Wien
195 1922 632 1993 begegnen. Eng und
626 1948 1819 2011 Mensch und Tier über die Lasten des Daseins. (Wie er schon
1825 1956 3039 2003 geblieben und hat gleich Girardi die unscheinbare und schlechte
174 1966 640 2034 ulifläschchens ist dank
638 1976 1831 2044 vor Jahren seine berühmteste Leistung, das „Fiakerlied“, vor
1826 1999 3042 2062 Materie aufgelesen und zur Sonne gehoben. Er hat voll¬
176 2015 636 2074 lt schon geworden und
629 2035 1819 2096 ähnlich ungeheure Hintergründe gestellt hatte. Das Kutschieren
1821 2041 3032 2095 bracht, wozu Peter Altenbergs Kraft nicht häufig genug aus¬
174 2060 631 2122 kmertal: wer zum Bei¬
627 2076 1826 2135 als Gottesdienst, das Verwobensein mit dem Pferde als ein
1831 2089 3035 2146 reichte: das Talmi aus eigener Kraft in Gold zu verwandeln.
164 2101 633 2166 ier Frau reuelos glück¬
625 2117 1824 2182 Schicksalsgeheiß, dies Auf=dem=Bocke=Sitzen ganz und gar um
1821 2125 3043 2196 Auch ihm war es, in einer koketten und spielerischen Jugend,
189 2157 1829 2226 „dja, ßo a Weiberl is des Lebens und nicht um der Eitelkeit willen, das war's ihr
1830 2178 3035 2235 nicht immer ernst darum. Aber längst ist Schnitzler nicht mehr
185 2190 634 2252 Verkehr mit der Archi¬
635 2198 1821 2258 Leute, was euch Tränen erpreßte; und nicht etwa die Glori¬
1818 2218 3035 2285 der Dichter des süßen Mädels. Eine Durchgottung ist hinzu¬
183 2239 629 2295 Wiens in den Straßen
634 2251 1823 2319 fizierung speziell wienerischen Fuhrwesens war daran schuld.)
1818 2263 3034 2335 getreten, eine begierdelose und schöne Ruhe, ein weiseres Ins¬
173 2273 633 2344 harf „Eiserner, eiserner
632 2299 1819 2365 Jenes Zwiegespräch mit dem Kanarienvogel wird von Girardi
1830 2306 3044 2368 Auge=Fassen der Dinge. Die wissen nichts von ihm, die nicht
171 2326 1830 2410 ltnis an!“ Schon er= nicht schlechter gespielt als Homer die Begegnung des
1817 2346 3046 2434 freudig bekennen, daß der heutige Schnitzler hundertmal be¬
174 2358 638 2434 nd Fiakern, Mizzi und
623 2383 1570 2446 Odysseus mit dem Hunde geschrieben hat —
1573 2382 1828 2450 und gerade
1818 2394 2703 2463 deutender sei als der vor zwanzig Jahren.
172 2413 635 2479 kälender bevölkert, Welt¬
624 2425 1823 2495 hier erwächst für jeden Liebhaber des Schauspiels die Frage:
1868 2443 3058 2518 Was mir der Schnitzler von heute ist, wie fasse ich es ein?
182 2458 627 2518 hoch erhoben, stürzen
631 2479 1818 2539 warum muß sich dieser Künstler überhaupt an so Unwürdiges
1829 2472 3042 2557 Ein Gleichnis muß herbei, das mir einst von ihm träumte.
158 2507 630 2565 Pott aber, der weder das
634 2520 1818 2573 verschwenden? Wenn seine Natur ins Klassische sich schon nicht
1822 2529 3039 2582 In einer der sonderbaren Transpositionen, die Träume vielem
175 2547 624 2614 , hat ein Einsehen und
633 2560 1814 2616 fügen wollte, warum begibt er sich nicht in den Dienst des
1822 2576 3030 2633 zu geben pflegen, sah ich Schnitzler einmal als Sache: er war
162 2587 629 2651 urchaus nicht, wie man
620 2599 1813 2661 Mannes, der, als einziger gleich ihm, ein Wiener bleibend
1818 2622 3028 2664 ein englisches Landhaus im Wienerwald. Drinnen wurde in
167 2642 618 2701 ners ist, sondern dessen
625 2648 1818 2715 das wiener Wesen geadelt und an Gott zurückgegeben hat?
1825 2665 3030 2727 weiß getäfeltem Raume von kühlen und freundlichen Diene¬
158 2677 615 2749 ie Kultur, aus Große
621 2690 1811 2756 Warum bringt er uns nicht die Menschen Arthur Schnitzlers?
1817 2705 3031 2767 rinnen der Tisch gedeckt, eine weiße, sehr vornehme Katze
162 2721 631 2790 rdis zu Wien: daß er
684 2743 1821 2805 Arthur Schnitzler: wenn in den letzten Tagen unsere Ge¬
1820 2748 3034 2800 schnellte die Treppe herauf, dann wurde alles still, nur ein
169 2769 624 2838 ott zurückgibt. Siehe,
623 2760 1822 2842 danken vom Parlamentskonflikt, vom dänischen Thronwechsel,
1816 2793 3029 2846 Klavier erklang im leisen Zugwind. Es kam eine Schubert¬
164 2812 624 2874 gbringergleichnis wäre,
624 2827 1811 2889 vom Türkenkrieg gleichwie in eine plötzlich aufgetane Heimat
1825 2839 3033 2893 weise zur Tür herein, sie lächelte durch das Fenster wieder
183 2858 626 2924 1Uebertreibung ist es.
620 2876 1822 2928 zu diesem stille leuchtenden Namen immer wieder zurückirrten
1813 2879 3026 2945 hinaus; an vielen Fliederbüschen vorbei die Lindenallee ent¬
160 2903 635 2973 kerie dieser Mann seine
665 2918 1819 2978 da fühlten wir auf einmal, wie rettungslos von je die Taten
1814 2924 3022 2987 lang zur Donau tauchend zerfloß sie am abendroten Himmel.
169 2956 1840 3037 men hat! Er befindet dieses nun Fünfzigjährigen unser Herz umstellt hatten. Eine
2312 2980 3006 3050 Heinrich Eduard Jacob.
2118 3121 2334 3276 2
2645 3247 2841 3354 20
1431 3223 1811 3378 HeCe
