3344 4352
853 226 1367 325 box 37/5
208 227 803 333 2. Cuttings
1148 616 2603 688 THE DAILY TELEGRAPH, WEDNESDAY,
2159 742 2250 843 820
1314 727 1393 847 *
2035 802 2200 863 S
1380 787 1818 889 SS
1883 820 1961 885 2
907 809 1274 891 en ee
2455 807 2640 894 —
909 849 1023 889 .
1936 851 2063 889 Pr
2060 852 2648 986 e
1916 908 2306 987 S
637 920 851 997 ry or
1876 971 2640 1054 S
670 992 848 1067 of a
936 1004 1401 1104 & CA
1213 1065 1366 1138 MumK
896 1172 958 1229 6223
1145 1155 1379 1242 S
1302 1224 1378 1270 —
903 1272 1017 1340 30
1554 1294 2120 1376 SeRkEr
898 1399 939 1441 —
880 1422 1010 1461 eaee
889 1447 1024 1482 en
1674 1430 2645 1487 mont done for their spechal betwof, aber
923 1470 974 1502 81
1171 1446 1365 1539 —
653 1452 879 1534 of the
1673 1485 2546 1536 sort of impromptu drama, in which the actors
2544 1487 2638 1538 self
878 1497 965 1532 P
1047 1503 1098 1541 2
935 1512 975 1563 22
1683 1524 2648 1585 #mulate passions and suggest vivid episodes ma
1010 1536 1156 1580 Ar A r
1406 1499 1579 1620 #
920 1530 1208 1609 S
1338 1558 1476 1624 A 4
1107 1572 1171 1621 S
1683 1561 2645 1613 by the sheer forco ef their mimetic talents.tin
650 1560 837 1650 aining
1687 1600 2629 1646 Now, the best actor of the lot is a man called wh:
1002 1591 1147 1659 2 55.—
1695 1632 2648 1691 Henri, who is about to marry the actrees called his
1690 1674 2555 1731 Léocadie, who, we learn, is too friendly with
1679 1705 2548 1754 Emile, Duc de Cadignan. First Henri goes
2549 1717 2648 1766 mat
1692 1754 2549 1792 through a scene in which he pretends he has
2546 1754 2638 1798 D0½
1693 1778 2621 1833 killed his rival the Duc in the dressing-room##rt
804 1752 1678 1863 BOOKS OF THEDAY.
1695 1821 2658 1887 of his intenled wife at the theatre. Thenfol- vie
1693 1861 2552 1918 lows a scene in which Henri actually does kill
1693 1901 2566 1952 the Duc, having at last learnt the réal truth.
998 1890 1496 1970 By W. L COURTNEY.
1680 1942 2560 1991 But which is the more powerful incident of the
1127 1952 1214 2013 —
1372 1956 1466 2008 TAR
1683 1977 2569 2037 twe? In some ways it is the simulated wrath
1678 2007 2566 2080 and fury of the histrionic episode, the actual
893 1999 1629 2077 ARTHUR SCHNITZLER.
1677 2048 2544 2103 murder being tame in comparison. In so in¬
2548 2071 2643 2118 ar
952 2067 1570 2147 (GAY AND HANCOCK. 28 6d.)
1673 2076 2540 2139 genious a fashion does Schnitzler euggest either
2542 2105 2639 2161 ove
1692 2125 2538 2171 that art is stronger than nature, or that
860 2118 1675 2185 Slowly the reputation of Arthur Schnitzler,
2542 2150 2642 2197 the
1695 2158 2540 2212 imagination is as potent as reality, or that our
815 2178 1684 2239 the Austriandramatist, is making its way in thie
2552 2189 2630 2237 bee
1692 2196 2541 2257 life is spent between visions and things, and we
827 2219 1669 2277 country. First a piece of his called“ Liebelei?
2555 2215 2649 2277 WII
1687 2237 2536 2291 often mistake the bwo. Or, perhaps, the most
659 2243 826 2315 larshall
2548 2267 2644 2313 rea
820 2260 1677 2312 was seen at an afternoon performance in
1696 2278 2543 2326 succiet moral we can take comes from a line
2549 2304 2641 2357 vell
828 2305 1678 2349 His Majesty’s Theatre; then came the fasci¬
1695 2309 2539 2357 in another of the plays included in this little
666 2305 812 2371 Wynne
2551 2341 2647 2397 chei
1694 2352 2541 2402 volume—“ Paracelsus.“ Here Paracelcns is a
813 2340 1672 2406 nating sequence at the Palace called“ Anatol,?
2552 2381 2640 2433 In
1685 2390 2544 2439 wesmerist, and in the hypnotio condition he
660 2360 1681 2434 Gerard adapted for the English stage by Mr. Granville
2548 2420 2644 2469 80c
1698 2429 2542 2479 extracts from Justina a confession which is
663 2430 1677 2490 türeen Barker; finally, only the other day, we had
2542 2460 2645 2513 wol
1691 2464 2541 2509 probably false, but which may yet have some
683 2472 1683 2522 Hugo two pieces done by the Stage Society,“ The
1684 2494 2638 2543 glimmering of truth, and which, at all events, ###
826 2509 1678 2579 Conntess Mizzi“ and“ The Green Cockatoo.?
1693 2531 2637 2577 breaks down the barriers between dreams and im
660 2527 1677 2620 larrod) I# is very dillicult to say precisely in what
1690 2572 2642 2631 reality. Just before Paraceleus leaves thestage Laf
661 2582 1674 2660 Sladen consists the remarkable charm of chese pieces.
1690 2610 2631 2670 he utters the sentence, “ Life is a game; who Nol
2551 2638 2644 2697 cini
691 2645 1679 2693 Adair They are very witty, amusing, and agreeable;
1692 2643 2536 2698 knows it he is wise.“ Truly, if we accept
1689 2692 2535 2743 Schnitzler’s platform, life is a game—stupid,
2539 2687 2657 2750 rei
684 2678 1672 2755 stoliffe they are equally cynical, flippant, and—if one
2549 2729 2627 2775 ind
1694 2729 2537 2779 amusing, bitter, agreeable, tragie or comic,
823 2728 1677 2778 likes to call them so—heartless. But the in¬
687 2737 833 2813 Horn
1690 2767 2541 2829 according to the taste and predilection of the
2542 2762 2644 2823 Th
822 2766 1671 2814 variable characteristic is the lightness of touch
1681 2794 1898 2867 gamester.
2533 2805 2634 2862 pon
674 2805 1676 2860 Vynne with which the dramatist skates over thin ice,
2529 2843 2633 2888 nat
816 2848 1683 2889 tho. deft ekill with which he has t once re¬
670 2850 810 2917 Wodnil
2542 2872 2644 2927 Mo
822 2884 1691 2940 vealed and concealed the bitter tragedies under¬
1746 2891 2492 2968 THE INSTDE OF THE CUP.
2529 2903 2642 2963 haf
671 2903 1688 2962 Rita“lying the gay romance of woridly life. Rarely
2536 2960 2623 3006 Tb
1909 2942 2317 3018 (MACMILLAN. 68.)
827 2961 1683 3013 has a dramatist exhibited eo masterly a gift of
671 2963 811 3028 milton
2548 2988 2645 3040 con
819 3004 1682 3054 saying just enough and not too much, of prob¬
1700 2994 2524 3059 Mr. Winston Churchill (who is not the First Lord
665 3016 811 3086 Stuart
2539 3030 2637 3078 of !
820 3038 1670 3084 ing folly, yet not going down to the bed-rock of
1679 3040 2529 3091 of the Admiralty) discusses in this noyel some burn¬
2546 3071 2641 3129 Paf
668 3066 815 3138 ferdew
819 3081 1678 3118 bitterness, of making us aware of the tragie
1694 3083 2532 3123 ing questions öf religion as it presents itself to
2534 3112 2639 3172 Pro
812 3119 1677 3169 issues without insisting on them, and investing
1691 3122 2525 3170 modern minds Ho takes the quite common case of
2535 3151 2636 3201 the
805 3151 1673 3214 some of the gloomiest of all possible scenes with
1681 3161 2525 3207 those who want to believe, and whb cannot accept
2546 3189 2638 3235 low
810 3192 1685 3254 an unfailing gift of humour. It is throughthis
1677 3196 2529 3260 Christianity in the traditional forms in which it is
2283 3230 2324 3260 I#.
2544 3226 2638 3274 flas
800 3241 1669 3283 lightness of touch that Arthur Sehnitaler gume
1675 3233 2531 3281 expounded tothem by the Churches. The probiem is
809 3268 1678 3312 his distinction and puts himself inte tiie com¬
1682 3274 2528 3315 worked out in the career of John Hodder, a clergy¬
2540 3301 2635 3362 cen
805 3298 1666 3361 pany of Oscar Wilde and Bernard Shaw. Heis,
1682 3315 2524 3365 man, who holds strongly orthodof views, and who
2551 3341 2619 3390 Pa
799 3341 1662 3398 of course, modern of the moderns, and as
1678 3346 2538 3398 becomes the rector of a fashionably-attendod place
2548 3381 2628 3439 Wo.
805 3384 1668 3432 ageinst the thorough-going somewhaf stodgy
1679 3393 2533 3430 of worship in a big American city. The church is
2544 3422 2623 3469 ter
809 3426 1676 3476 philosophy of Berlin, places before us the light
1680 3424 2534 3482 sunported and pradtically controlled by Eldon Parr,
811 3457 1670 3515 and dainty fare, the brilliant artificiality of
1676 3460 2520 3517 s groat millionaire, who is noted both for his pro¬
819 3498 994 3559 Vienna.
2534 3486 2630 3545 str.
1660 3479 2526 3553 fuse charities and for the unscrypulous methods by
969 3508 1531 3595 A MEDICAL TRAINING.
2544 3538 2625 3586 it
1666 3534 2529 3587 which he has amassed his möney. It gradually
2534 3576 2611 3630 of
648 3573 756 3635 to
842 3559 2524 3623 Schnitzler has one great advantage over his dawns on Mr. Hodder that the religion which he
2543 3607 2633 3662 80
1680 3614 2522 3662 preaches and adminsters attracts only citizens of
816 3619 1662 3663 rivals and competitors in that he is a doctor,
2545 3654 2623 3697 the
1679 3655 2528 3705 ouswani respectability, and of these he finds that
806 3654 1623 3712 and has had a thorough medical training.
2542 3693 2618 3738 ret
1677 3691 2530 3744 the leading members, equally with the millionaire,
822 3689 1666 3743 believe that at the present moment he has an
1679 3730 2529 3776 are ongaged in dubiouß, if tacitly acccpted, schemes
809 3740 1668 3784 extensive private practice in Vienna. Very
1671 3768 2530 3819 of money-making. The inhabitants of the slums
2543 3767 2623 3827 ch
811 3772 1665 3817 rarely, I suppose, has practical experience
1683 3788 2544 3858 which zurround the church will have nothing to do
816 3817 1672 3867 gained in the sick room been conjoined with
1683 3846 2539 3894 with its services or ceremonies, and they can be
810 3851 1660 3895 such an acute artistic sense as is to be found
1672 3873 2541 3936 influenced only through social activitics. Morcover,
810 3889 1661 3939 inthe Viennese dramatist. His analytical
1675 3920 2549 3971 the earnest-mindod and upright persons of his own
802 3933 1658 3981 power is as remarkable as his synthetic
1674 3957 2541 4014 class, who like him as à mah, derive no help from
804 3976 1662 4021 brilliancy. He knows what is the matter with
1670 3989 1874 4045 his creed.
814 4015 1666 4067 the modern human soul; he knows to what
2538 4013 2620 4070 wh.
1692 4007 2527 4093 After much stress of mind and a temporary loss
803 4035 1663 4100 extent it is subject tto nervons discase; he can
2534 4051 2611 4102 En
1678 4071 2524 4116 of faith. Mr. Hodder arrives at the conclusion that
805 4075 1661 4131 say from personal experience“ Tou ailost
2532 4090 2611 4141 the
1675 4106 2519 4166 the Church of which he is ihe minister, is a whited
806 4129 1665 4169 here, and here,' not only to his patients, but
2530 4136 2608 4188 Er
1673 4145 2526 4193 senulehre. that its suppoffers are, in the main,
913 4156 1032 4214 S
1152 4163 1399 4217 K
