3344 4352
859 250 1336 346 box 37/5
151 229 823 343 2. Cuttings
1319 765 1602 844 Aitung.
1573 793 1688 874 2
1919 815 2571 892 Mmamen. Mat dhune, arama Mirmtuun.
557 868 2836 944 [„Mosaik.“ Studien v#  uil Soffé. Druck und Verlag sden Wiener Roman geben wollte ... Schnitzler ist ein Wiener
2830 885 3165 943 in so feiner Stil
471 905 1649 954 von Friedrich Irrgang, Brünn, K42.] Eine bunte Sammlung von
1648 905 2817 980 Dichter, der seine Menschen aus dem Wiener Milieu herausholt.
2819 919 3160 985 Blute der Sterbl
463 949 1644 1005 Aufsätzen, die sich teils mit literarischen und Kunstfragen beschäftigen,
1653 959 2822 1013 Das ist auch in diesem Roman, der in der Donaustadt spielt, der
2835 966 3133 1018 der Götter, das
466 978 1647 1033 teils kulturhistorischen Inhalts sind. In den „Christlichen Motiven
1652 992 2828 1056 Fall, wenngleich es dem Dichter hier auf Größeres ankommt, als
2831 996 3146 1059 der Form mit di
467 1009 1642 1064 in der bildenden Kunst“ behandelt Soffé die Krippe und das Abend¬
1647 1029 2825 1095 auf einen bloßen Milieuroman. Darum kann man auch nicht sagen,
2824 1036 3159 1093 nur in manche
458 1061 1653 1110 mahl auf Grund sorgfältigen Studiums und eigener Anschauung der
1655 1067 2820 1122 daß „Der Weg ins Freie" der Wiener Ghettoroman ist. Denn ab¬
2819 1070 3144 1135 manchmal durch
464 1102 1642 1156 hervorragendsten Darstellungen der beiden Stofse in älterer und
1649 1106 2831 1153 gesehen davon, daß der Held Georg v. Wergentin und seine Ge¬
2827 1117 3132 1172 wohl bieten sie
455 1137 1646 1183 nauerer Zeit. Sehr ansprechend sind die englischen Skizzen, welche
1646 1141 2802 1209 liebte Anna keine Juden sind, spielt doch der Roman auch in
2818 1145 3155 1208 farbene Blut der
459 1175 1644 1214 den Tower, den „Hof Karls I.“ und den „Londoner Salon des
1655 1184 2830 1250 Kreisen, die dem Ghetto fernstehen. Schnitzler wollte in diesem
2819 1197 3155 1266 aber dann plötzt
460 1211 1645 1266 achtzehnten Jahrhunderts“ schildern. Lebhaft interessiert hat uns die
1643 1221 2831 1283 Werke an das Problem des Judentums als Bestandteil Oesterreichs
462 1254 1646 1309 Abhandlung: „Der Dramatiker Schiller und die zeitgenössische
1641 1259 2822 1322 und vielleicht auch des modernen Europa rühren. Er kommt aber
2914 1272 3150 1339 [„Plastil
454 1295 1645 1344 Kritik.“ Soffé hat sich die Mühe nicht verdrießen lassen, in alten
1647 1311 2822 1368 in der Judenfrage objektiv nicht weiter, denn sie ist ihm eine gant
2823 1307 3147 1376 Eugen Hollä
452 1322 1640 1380 Zeitungen und Zeitschriften die Kritiken über die meisten Dramen
1653 1344 2818 1397 persönliche Frage. Darum ist auch die Dichtung eine ganz per¬
2831 1363 3152 1414 1912.] Das vo
460 1363 1648 1418 Schillers aufzusuchen. Er teilt die bezeichnendsten Stellen aus ihnen
1657 1378 2826 1433 sönliche, an die man mit der Unbefangenheit desjenigen, der ein
2831 1399 3152 1459 eine willkommer
448 1396 1649 1458 mit, die meist erheiternd wirken. Die Kritik verfuhr mit Schiller oft
1643 1427 2828 1477 Kunstwerk genießen will, herantreten muß, ohne Sensationsgeschrei
2830 1440 3132 1492 für jeden Gl
459 1447 1641 1499 sehr ungnädig. Rektor Karl Philipp Moritz zum Beispiel nannte in
1655 1456 2818 1519 und ohne nach Aktualitäten zu suchen. Der Grundgedanke spricht
2831 1468 3136 1539 Weise einen St
459 1487 1638 1544 der „Vossischen Zeitung" „Kabale und Liebe" „in Wahrheit ein
1649 1497 2818 1551 sich in dem Satze aus: Jede Rasse als solche ist natürlich wider¬
2828 1509 3119 1571 kann, an der *#
454 1524 1629 1566 Produkt, das unseren Zeiten Schande macht", ein Stück „voll pöbel¬
1640 1529 2825 1591 wärtig, nur der einzelne vermag es zuweilen, durch persönliche Vor¬
2824 1556 3120 1623 Fülle kaum je
454 1562 1639 1620 haften Witzes oder unverständlichen Galimathias“. Sein Gesamturteil
1654 1573 2810 1631 züge mit den Widerlichkeiten seiner Rasse zu versöhnen.“ Wie dieser
2809 1575 3104 1652 leitung über di
445 1597 1646 1645 faßte er in den Worten zusammen: „Mit welcher Süirn kann ein
1648 1607 2820 1674 Ausschnitt ist die ganze Studie: ein Gemisch von Richtigem und
2811 1632 3119 1688 und Entwicklur
455 1625 1637 1690 Mensch solchen Unsinn schreiben und drucken lassen, und wie muß
1650 1651 2815 1699 Falschem, von recht Naivem und Klugem. Das beweisen auch die
2812 1673 3113 1725 den Mythen de
458 1665 1639 1730 es in dessen Kopf und Herzen aussehen, der solche Geburten seines
1643 1693 2821 1748 Schlußzeilen des Heftes, die alle Möglichkeiten offen lassen und in
2817 1712 3115 1766 Ausführlichkeits
462 1715 1637 1776 Geistes mit Wohlgefallen betrachten kann.“ Als ein Kuriosum ersten
1641 1721 2825 1785 den Worten gipseln: „Die Annahme ist nicht unberechtigt, daß der
2813 1727 3112 1802 wenden. Dars¬
457 1749 1542 1810 Ranges verzeichnet Soffé die Tatsache, daß noch heute — leider
1532 1751 1639 1810 sagt
1636 1762 2823 1837 Dichter wie wenig andere berufen ist, das moderne deutsche Lust¬
2814 1787 3116 1852 Körperdarstellut
457 1785 1635 1846 er nicht wo — an einer Bühne die „Räuber“ in der Tracht der
1645 1801 2820 1863 spiel zu schreiben. Doch auch im ernsten Drama wird er uns noch
2818 1826 3094 1882 Schröpfkopf, K#
449 1827 1634 1886 Schiller=Zeit gegeben werden, auf dem Theaterzettel aber die Be¬
1640 1825 2812 1906 manches zu sagen haben, denn seine Themen sind noch lange nicht
2822 1864 3104 1918 und Patrone de
459 1869 1634 1925 merkung steht: „Das Stück spielt zur Zeit des Kaisers Maximilian,
1649 1885 1989 1941 erschöpft" u. s. w.
1981 1889 2823 1944 Immerhin läßt sich die Monographie zur
2822 1891 3095 1956 schmuck. Die
447 1888 1641 1950 der den ewigen Landfrieden in Deutschland stiftete." Eine Art Aus¬
1646 1919 2814 1974 Lektüre empfehlen, denn abgesehen von den positiven Daten, die sie
2817 1933 3099 2001 Untergruppen,
445 1938 1633 1990 grabung bildet „Ein Theaterdirektor in der Provinz“, ein Aussatz, der
1648 1962 2810 2011 gibt, geht sie auf Schnitzlers Schaffen mehr oder minder gründlich
2808 1984 3107 2033 Material vera¬
446 1989 1641 2047 das Leben und Wirken des längst vergessenen fürstlich Esterhazyschen und
1641 2001 2809 2053 ein und ruft seine bunten, farbigen Werke wieder ins Gedächtnis,
2810 2017 3118 2071 illustrieren den
455 2023 1630 2065 späteren Brünner Theaterdirektors Heinrich Schmidt schildert. Soffé
1639 2038 2571 2097 denen man so manche lebendige Stunde froh dankte.
2814 2061 3096 2116 Quellenverzeich
456 2061 1641 2116 benützte bei dieser Arbeit die Biographie Schmidts von Paul
447 2094 691 2158 Schlenther.
1716 2084 2803 2151 [Maria Gräfin Gneisenau=Bonin. „Requiem.“
2803 2085 3111 2170 Fleiß und sel
2811 2131 3092 2195 Medizin in
1631 2125 2809 2180 Die letzte Aventiure des Herzogs Kindheart=Gant, Berlin. Verlegt
544 2125 1078 2195 [„Artur Schnitzler.“
1060 2128 1636 2206 Eine Studie von Josef Karl
2806 2166 3111 2229 erschöpfend beh¬
1634 2177 2806 2228 von Julius Bard, 1911.] Wenn man die schweren, schwermütigen
455 2178 1640 2236 Ratislav. Hamburg, Verlagsgesellschaft „Hamburg“ m. b. H.,
2813 2210 3086 2267 Altertum bese
1642 2211 2808 2266 Worte dieser Dichtungen liest, hört man wie die Stimme einer
451 2215 1643 2283 1911.] Eine Monographie über Schnitzler. Aber Schnitzler hätte
2809 2239 3114 2307 großem Gesche
1645 2250 2804 2303 blonden Frau, die sie voll und milde in eine große Stille spricht.
447 2260 1545 2321 eine bessere verdient. Der gute Wille ist ja da, der Wille,
1528 2260 1639 2324 den
1647 2280 2819 2330 Es sind Rhapsodien, die etwas gan, Eigenartiges ha###, oft sprung¬
2817 2289 3084 2355 Leistung stolz
444 2298 1629 2354 Dichter zu erfassen, und weiter der Wille zur Gerechtigkeit. Aber
1633 2320 2817 2375 haft und dunkel wie durch Jahrhunderte überlieferte Balladen, die
446 2330 1628 2397 der Stil ist spröd und steif, es fehlt jede Kongenialität mit dem
2895 2341 3057 2403 (Artur
1633 2365 2814 2410 ihre logischen Uebergänge verloren haben und sie allein ins Gemüt
453 2369 1631 2434 Dichter und aus dem Ganzen weht eine Trockenheit, die sich lähmend
2811 2372 3102 2454 anstalt, Stutts.
1626 2400 2811 2446 versetzen, oft wieder mit suggestiver Bildkraft, die wie ein Fenster
450 2409 1628 2465 auf den Leser legt wie die Staubluft eines schwülen Sommertages.
2811 2423 3090 2487 und Märchen
1631 2438 2809 2481 auf einen Ausblick, eine Episode, eine Landschaft, eröffnet. Gräfin
455 2457 1640 2512 In der allgemeinen Charakteristik sagt Ratislav von Schnitzler, er
2816 2467 3072 2519 den Namende
1637 2478 2809 2529 Gneisenau ist eine tief moderne Dichterin, aber nicht in Bezug auf
456 2496 1628 2541 habe „unier den modernen deutschen Autoren die meiste Verwandi¬
2810 2501 3079 2553 die vorliegend
1634 2509 2812 2558 die Sprache allein — denn das ist Kleid, kann angelernte Manier
449 2525 1627 2588 schaft mit den Franzosen. In ihm kommen französischer Esprit und
2820 2532 3167 2607 Form geschrick
1638 2556 2803 2602 sein, ein Echo anderer Stimmen — sondern in dem Sinne
3104 2571 3169 2611 Nch
447 2570 1635 2629 deutsche Skepsis zu einem angenehmen Ausgleich.... (Im Grunde ist
2812 2575 3087 2637 erraten. Ins
1628 2584 2809 2642 der ewigen Moderne: die Worte quellen nicht aus dem
447 2605 932 2662 er Philosoph und oft
947 2612 1627 2668 erscheint unter der Maske einer
2797 2612 3079 2676 Briefform ges
1634 2634 2813 2686 kunstsinngen und kunstgeübten Verstand, sondern sie sind
450 2633 961 2704 leichten, töndelnden Muse
957 2645 1627 2714 die ernste Faltenstirn des Philo¬
2803 2647 3078 2715 nicht als stör
1627 2657 2805 2726 eine zur Sprache gewordene innere Melodie, wie es Dante von der
456 2681 1628 2739 sophen, der über seiner Darstellung steht, dem diese Dar¬
2801 2690 3051 2752 lichen Note
1634 2708 2800 2761 Entstehung seiner Kanzone „Ponne ch’avete intelletto d’amore“
443 2730 1249 2776 stellung nur Mittel zum Zweck ist.
1263 2725 1626 2779 Aus einem Schüler
2799 2728 3072 2795 Ein junger ##
1628 2732 2812 2800 berichtet: „Danach nun geschah es, daß mich, auf einer Straße
454 2772 1626 2824 des Naturalismus hat er sich längst zu einem führenden Meister
2813 2773 3069 2834 auf ärztliche
1622 2782 2797 2834 begriffen, längs welcher ein sehr heller Bach dahinfloß, ein solcher
447 2796 1626 2861 herangebildet. ... Seine Technik ist meisterhaft entwickelt, besonders was
2805 2802 3042 2874 Heimatsort
1630 2823 2805 2865 Drang zum Dichten ankam, daß ich die Weise, wie ich es hielte, zu
447 2838 1619 2884 die Führung des Dialogs betrifft. Der Einakter ist seine unum¬
2812 2834 3055 2908 drückt, wird
1627 2859 2805 2916 überdenken begann. ... Darauf begann meine Zunge, gleichsam wie
443 2877 1624 2926 schränkte Domäne, vor allem der erotische, den er sich selbst als
2814 2892 3044 2947 schreitender
1626 2905 2807 2947 von selbst bewegt (quasi come per 80 stessa mossa), zu reden und
448 2913 1530 2974 ein neues Genre geschaffen hat. Im großen Theaterstück wird
1511 2913 1618 2974 der
2803 2925 3060 2992 lichen Alltag¬
1634 2938 2809 2997 sprach: Frauen, die ihr den Geist der Minne habt. ..“ Dieser
443 2943 1622 3016 Dramatiker oft vom Seelenmaler vollständig zurückgedrängt.“ Auch
2810 2972 3044 3028 Neigung zus
1627 2965 2805 3033 peheimnisvolle Ursprung bedingt auch eine unabweisbare Notwendig¬
443 2995 1615 3054 Schnitzlers ursprünglicher Arztberuf und der Einfluß seiner
2807 3006 3057 3065 fachsten Ges¬
1618 3012 2799 3063 keit der Worte in ihrer Wahl, ihrer Folge. Und sie wollen darum
441 3024 1629 3093 Rassenzugehörigkeit wird nach Gebüyr erwähnt. Herr Josef
2801 3039 3057 3101 der Schwell¬
1619 3052 2803 3092 nicht allein gelesen, sondern gehört werden; das verlebendigt sie in
448 3062 1620 3115 Karl Ratislaw cruppiert Schnitzlers Werke nach ihrer inneren Zu¬
2797 3079 3011 3141 Arzt nach
1633 3087 2808 3142 weit höherem Maße als andere Verse. Unverkennbar ist die Verwandt¬
447 3106 1625 3171 sammengehörigkeit, und das mag man hinnehmen, obwohl ja über
1614 3116 2796 3181 schaft mit Rainer Maria Riltes Dichtart. Aber Gräfin Gneisenau ist un¬
2810 3118 3046 3183 einer mög
443 3150 1622 3212 das Zutreffen dieser inneren Zusammengehörigkeit die verschiedensten
1623 3165 2797 3211 g eich parsamer mit ihren Wort u. während Rilke sie bis zur Unerträglich¬
2807 3158 3024 3220 Tänschung;
447 3195 1615 3251 Ansichten denkbar sind. Wie handelt nun abev Herr Ratislaw
1616 3200 2791 3261 keit wiederholt. Eine engere Beziehung läßt sich vielleicht zwischen
2808 3194 3070 3259 entsagen un
442 3222 1624 3288 in dieser Gruppierung die einzelnen Werke ab? Hier ein Bei¬
2807 3234 3044 3290 neugewonn
1614 3240 2786 3288 Riltes „Weise von Liebe und Tod des Cornets Christoph Rilke“
444 3260 1616 3320 spiel: „Der Weg ins Freie“, sagt er, „ist in erster Linie ein Be¬
1618 3280 2790 3332 und dev „Letzten Aventiure des Herzogs Kindheart Gant“ auf¬
2804 3279 3044 3338 gerade vor##
445 3296 1613 3358 kenntnisroman. Der Dichter und der Mensch Schnitzler reichen
1614 3306 2799 3361 weisen. Doch besteht völlige Freiheit. Gräsin Gneisenau veröffentlicht
2804 3311 3034 3377 schmetternde
442 3349 1618 3401 sich die Hände und die Vereinigung von Leben und
1608 3351 2795 3411 nur wenige Bücher. Das erste war das köstliche, schmale Buch „Aus
2799 3343 3064 3428 Held — „
443 3372 1615 3441 Schaffen, von künstlerischem und menschlichem Empfinden ist eine
1618 3395 2796 3436 dem Tal der Sehnsucht“, dem an dieser Stelle einige Worte ge¬
2795 3395 3048 3450 Er hat mit
439 3421 2796 3491 vollkommene. Der Weg ins Freie ist auch ein Wiener Roman. widmet werden konnten. Es gab wunderbar lustige Gesichte, die an
2792 3434 3038 3494 genommen!
439 3460 3058 3547 Ich möchte aber nicht behaupten, daß Schnitzler mit diesem Werke Bilder von Puvis de Chavannes gemahnten, so unleibhaft zatt, erinnerungen
1695 3680 1794 3770 X
2794 4145 3040 4203 K
2441 4143 2530 4207 —
1946 4148 2293 4219 e-erneee
