<?xml version="1.0" encoding="UTF-8" standalone="yes"?>
<PcGts xmlns="http://schema.primaresearch.org/PAGE/gts/pagecontent/2013-07-15" xmlns:xsi="http://www.w3.org/2001/XMLSchema-instance" xsi:schemaLocation="http://schema.primaresearch.org/PAGE/gts/pagecontent/2013-07-15 http://schema.primaresearch.org/PAGE/gts/pagecontent/2013-07-15/pagecontent.xsd">
    <Metadata>
        <Creator>prov=University of Rostock/Institute of Mathematics/CITlab/Gundram Leifert/gundram.leifert@uni-rostock.de:name=ONB_Newseye_GT_M1+(htr_id=10810)::::v=2.4.2
prov=University of Rostock/Institute of Mathematics/CITlab/Tobias Gruening/tobias.gruening@uni-rostock.de:name=de.uros.citlab.module.baseline2polygon.B2PSeamMultiOriented:v=2.4.2
prov=University of Rostock/Institute of Mathematics/CITlab/Tobias Gruening/tobias.gruening@uni-rostock.de:name=/mnt/transkribus/LA/DEA/URO/LA_news_onb_att.pb:de.uros.citlab.segmentation.CITlab_LA_ML:v=2.4.2
Transkribus</Creator>
        <Created>2019-10-07T15:17:26.554+02:00</Created>
        <LastChange>2019-10-09T01:56:35.865+02:00</LastChange>
        <TranskribusMetadata docId="224256" pageId="9515614" pageNr="32" tsid="16618642" status="IN_PROGRESS" userId="40391" imgUrl="https://files.transkribus.eu/Get?id=JHITWIEXGKIFZZVXSHHFQFBD&amp;fileType=view" xmlUrl="https://files.transkribus.eu/Get?id=FXVZOCOTKWCMZRXRMOXKSHTN" imageId="6203848"/>
    </Metadata>
    <Page imageFilename="224256_0032.jpeg" imageWidth="3392" imageHeight="4352">
        <ReadingOrder>
            <OrderedGroup id="ro_1711443312779" caption="Regions reading order">
                <RegionRefIndexed index="0" regionRef="r1"/>
                <RegionRefIndexed index="1" regionRef="r2"/>
                <RegionRefIndexed index="2" regionRef="r3"/>
            </OrderedGroup>
        </ReadingOrder>
        <TextRegion orientation="0.0" id="r1" custom="readingOrder {index:0;}">
            <Coords points="178,164 178,342 754,342 754,164"/>
            <TextLine id="r1l1" custom="readingOrder {index:0;}">
                <Coords points="170,273 464,321 572,299 711,310 762,294 764,234 706,218 617,235 593,212 545,238 510,217 480,235 362,217 295,269 218,218 171,234"/>
                <Baseline points="178,264 206,270 235,274 264,277 293,281 322,283 350,285 379,286 408,287 437,288 466,289 494,289 523,290 552,290 581,290 610,290 638,290 667,290 696,291 725,291 754,292"/>
                <TextEquiv>
                    <Unicode>2. Cuttings</Unicode>
                </TextEquiv>
            </TextLine>
            <TextEquiv>
                <Unicode>2. Cuttings</Unicode>
            </TextEquiv>
        </TextRegion>
        <TextRegion orientation="0.0" id="r2" custom="readingOrder {index:1;}">
            <Coords points="829,253 829,3304 2088,3304 2088,253"/>
            <TextLine id="r2l1" custom="readingOrder {index:0;}">
                <Coords points="876,284 961,305 998,287 1028,298 1090,280 1184,312 1228,292 1278,299 1323,275 1324,242 1236,214 1142,234 1121,224 1088,246 1023,227 953,245 919,226 877,235"/>
                <Baseline points="884,275 909,276 934,276 960,277 985,278 1010,278 1036,279 1061,280 1086,281 1112,281 1137,282 1162,283 1188,283 1213,284 1238,285 1264,286 1289,287 1315,288"/>
                <TextEquiv>
                    <Unicode>box 37/5</Unicode>
                </TextEquiv>
            </TextLine>
            <TextLine id="r2l2" custom="readingOrder {index:1;}">
                <Coords points="1430,1283 1445,1283 1476,1300 1491,1288 1514,1284 1520,1290 1539,1276 1550,1275 1550,1248 1539,1246 1532,1250 1511,1233 1497,1236 1492,1231 1469,1228 1448,1214 1431,1212"/>
                <Baseline points="1438,1273 1464,1271 1490,1272 1516,1273 1542,1273"/>
                <TextEquiv>
                    <Unicode>16 —</Unicode>
                </TextEquiv>
            </TextLine>
            <TextLine id="r2l3" custom="readingOrder {index:2;}">
                <Coords points="872,1397 2083,1421 2084,1367 2031,1361 873,1345"/>
                <Baseline points="880,1381 939,1382 999,1383 1059,1384 1119,1386 1179,1387 1238,1388 1298,1390 1358,1392 1418,1394 1478,1395 1537,1397 1597,1399 1657,1401 1717,1403 1777,1405 1836,1406 1896,1408 1956,1410 2016,1412 2076,1413"/>
                <TextEquiv>
                    <Unicode>Standpunktes verschaffen. Selbst solche, die nicht mit mir der</Unicode>
                </TextEquiv>
            </TextLine>
            <TextLine id="r2l4" custom="readingOrder {index:3;}">
                <Coords points="873,1446 2086,1471 2087,1433 1968,1416 875,1394"/>
                <Baseline points="882,1428 941,1430 1001,1432 1061,1434 1121,1436 1181,1438 1240,1440 1300,1441 1360,1443 1420,1445 1480,1447 1539,1448 1599,1450 1659,1451 1719,1453 1779,1454 1838,1456 1898,1457 1958,1458 2018,1460 2078,1461"/>
                <TextEquiv>
                    <Unicode>Ansicht sind, daß der Roman das Versteck jener ist, die nichts zu</Unicode>
                </TextEquiv>
            </TextLine>
            <TextLine id="r2l5" custom="readingOrder {index:4;}">
                <Coords points="877,1492 2011,1531 2091,1496 877,1451"/>
                <Baseline points="885,1480 944,1482 1004,1484 1064,1486 1124,1488 1184,1489 1244,1491 1304,1493 1364,1494 1424,1495 1484,1497 1543,1498 1603,1500 1663,1501 1723,1502 1783,1503 1843,1504 1903,1505 1963,1506 2023,1508 2083,1509"/>
                <TextEquiv>
                    <Unicode>sagen haben, und darum die Ausflucht jener, die alles sagen</Unicode>
                </TextEquiv>
            </TextLine>
            <TextLine id="r2l6" custom="readingOrder {index:5;}">
                <Coords points="870,1546 2026,1578 2096,1536 872,1491"/>
                <Baseline points="878,1529 938,1532 999,1534 1059,1536 1120,1538 1180,1539 1241,1541 1301,1542 1362,1544 1422,1545 1483,1546 1543,1547 1604,1548 1664,1549 1725,1551 1785,1552 1846,1554 1906,1555 1967,1557 2027,1559 2088,1561"/>
                <TextEquiv>
                    <Unicode>müssen. Selbst solche, die wirklich nicht glauben wollen, daß ein</Unicode>
                </TextEquiv>
            </TextLine>
            <TextLine id="r2l7" custom="readingOrder {index:6;}">
                <Coords points="860,1592 1904,1624 2065,1620 2078,1583 861,1546"/>
                <Baseline points="868,1579 928,1581 988,1583 1048,1584 1108,1586 1168,1587 1228,1589 1288,1590 1348,1592 1408,1593 1468,1594 1528,1595 1588,1597 1648,1598 1708,1599 1768,1601 1828,1602 1888,1603 1948,1604 2008,1606 2069,1607"/>
                <TextEquiv>
                    <Unicode>Satz von Peter Altenberg eben darum einen Wiener Roman auf¬</Unicode>
                </TextEquiv>
            </TextLine>
            <TextLine id="r2l8" custom="readingOrder {index:7;}">
                <Coords points="856,1616 1700,1669 2005,1671 2082,1631 856,1589"/>
                <Baseline points="863,1628 923,1631 984,1633 1044,1635 1105,1637 1165,1639 1226,1640 1286,1642 1347,1643 1407,1644 1468,1645 1529,1646 1589,1647 1650,1648 1710,1649 1771,1650 1831,1652 1892,1653 1952,1655 2013,1657 2074,1659"/>
                <TextEquiv>
                    <Unicode>wiegt, weil es eben nur ein Satz ist. Man folge meinem Beispiel</Unicode>
                </TextEquiv>
            </TextLine>
            <TextLine id="r2l9" custom="readingOrder {index:8;}">
                <Coords points="863,1685 2008,1720 2084,1667 864,1658"/>
                <Baseline points="871,1679 931,1680 991,1681 1051,1683 1111,1684 1172,1685 1232,1687 1292,1688 1352,1689 1412,1691 1473,1692 1533,1694 1593,1695 1653,1697 1713,1698 1774,1700 1834,1702 1894,1704 1954,1706 2014,1707 2075,1709"/>
                <TextEquiv>
                    <Unicode>und lese die Schnitzler'sche Fortsetzung im Aprilheft der Berliner</Unicode>
                </TextEquiv>
            </TextLine>
            <TextLine id="r2l10" custom="readingOrder {index:9;}">
                <Coords points="867,1745 1932,1771 2083,1757 2084,1723 868,1700"/>
                <Baseline points="875,1728 935,1729 995,1731 1055,1732 1115,1733 1175,1735 1235,1736 1295,1738 1355,1739 1415,1741 1475,1743 1535,1744 1595,1746 1655,1748 1715,1749 1775,1751 1835,1753 1895,1754 1955,1756 2015,1757 2075,1759"/>
                <TextEquiv>
                    <Unicode>„Rundschau“, Ich zwar weiß vorher, daß alles Werk, das</Unicode>
                </TextEquiv>
            </TextLine>
            <TextLine id="r2l11" custom="readingOrder {index:10;}">
                <Coords points="862,1790 2027,1815 2077,1761 863,1746"/>
                <Baseline points="870,1777 933,1778 996,1780 1059,1782 1122,1783 1185,1785 1248,1786 1311,1787 1374,1789 1437,1790 1501,1791 1564,1793 1627,1794 1690,1796 1753,1797 1816,1799 1879,1801 1942,1803 2005,1805 2069,1808"/>
                <TextEquiv>
                    <Unicode>in Fortsetzungen erscheint, nichts außer diesem Modus mit der</Unicode>
                </TextEquiv>
            </TextLine>
            <TextLine id="r2l12" custom="readingOrder {index:11;}">
                <Coords points="859,1840 1734,1871 1842,1840 1962,1874 2081,1827 860,1786"/>
                <Baseline points="867,1828 927,1829 987,1831 1047,1832 1108,1834 1168,1835 1228,1836 1289,1837 1349,1839 1409,1840 1470,1841 1530,1842 1590,1844 1650,1845 1711,1847 1771,1849 1831,1851 1892,1853 1952,1856 2012,1858 2073,1861"/>
                <TextEquiv>
                    <Unicode>göttlichen Schöpfung gemein hat, und ich gehe mit gutem</Unicode>
                </TextEquiv>
            </TextLine>
            <TextLine id="r2l13" custom="readingOrder {index:12;}">
                <Coords points="854,1881 2021,1915 2080,1878 855,1836"/>
                <Baseline points="862,1876 922,1878 982,1880 1043,1881 1103,1883 1164,1884 1224,1885 1285,1887 1345,1888 1406,1889 1466,1890 1526,1891 1587,1893 1647,1894 1708,1896 1768,1897 1829,1899 1889,1900 1950,1902 2010,1904 2071,1906"/>
                <TextEquiv>
                    <Unicode>Mißtrauen Novellen aus dem Wege, welche schon im Titel — Frau</Unicode>
                </TextEquiv>
            </TextLine>
            <TextLine id="r2l14" custom="readingOrder {index:13;}">
                <Coords points="860,1937 2079,1964 1958,1908 862,1886"/>
                <Baseline points="869,1925 929,1927 989,1928 1049,1930 1109,1931 1169,1932 1229,1934 1290,1935 1350,1936 1410,1937 1470,1938 1530,1940 1590,1941 1650,1943 1711,1944 1771,1946 1831,1947 1891,1949 1951,1951 2011,1954 2072,1957"/>
                <TextEquiv>
                    <Unicode>Beate und ihr Sohn. — jene Anhörungsfähigkeit verraten, die mir</Unicode>
                </TextEquiv>
            </TextLine>
            <TextLine id="r2l15" custom="readingOrder {index:14;}">
                <Coords points="850,1969 2076,2017 2077,1978 2008,1961 851,1938"/>
                <Baseline points="858,1971 918,1974 979,1976 1039,1978 1100,1980 1160,1982 1221,1983 1281,1985 1342,1986 1402,1987 1463,1988 1523,1989 1584,1990 1644,1991 1705,1992 1765,1994 1826,1995 1886,1997 1947,2000 2007,2003 2068,2006"/>
                <TextEquiv>
                    <Unicode>das Romanschreiben als eine Sache der Entschließung verdächtig</Unicode>
                </TextEquiv>
            </TextLine>
            <TextLine id="r2l16" custom="readingOrder {index:15;}">
                <Coords points="850,2019 1852,2067 2078,2030 850,2005"/>
                <Baseline points="857,2021 917,2023 978,2026 1038,2028 1099,2030 1160,2031 1220,2032 1281,2034 1341,2035 1402,2036 1463,2037 1523,2038 1584,2039 1644,2040 1705,2042 1766,2043 1826,2045 1887,2047 1947,2049 2008,2052 2069,2055"/>
                <TextEquiv>
                    <Unicode>macht. Aber gerade ich, der auch weiß, daß er Vorurteile lieber</Unicode>
                </TextEquiv>
            </TextLine>
            <TextLine id="r2l17" custom="readingOrder {index:16;}">
                <Coords points="850,2073 1762,2117 2043,2110 2082,2074 851,2053"/>
                <Baseline points="858,2071 918,2073 979,2075 1040,2077 1101,2079 1161,2080 1222,2082 1283,2083 1344,2085 1404,2086 1465,2087 1526,2088 1587,2090 1647,2091 1708,2092 1769,2094 1830,2095 1890,2097 1951,2099 2012,2101 2073,2103"/>
                <TextEquiv>
                    <Unicode>schluckt als Austern, bin oft von Reue über mein enthaltsames</Unicode>
                </TextEquiv>
            </TextLine>
            <TextLine id="r2l18" custom="readingOrder {index:17;}">
                <Coords points="850,2121 2067,2151 2065,2118 1920,2105 851,2091"/>
                <Baseline points="858,2117 918,2120 978,2123 1038,2125 1098,2127 1158,2129 1218,2132 1278,2133 1338,2135 1398,2136 1458,2138 1518,2139 1578,2140 1638,2142 1698,2143 1758,2144 1818,2145 1878,2147 1938,2149 1998,2150 2059,2152"/>
                <TextEquiv>
                    <Unicode>Schlemmerdasein ergriffen, und ergreife dann einen Roman.</Unicode>
                </TextEquiv>
            </TextLine>
            <TextLine id="r2l19" custom="readingOrder {index:18;}">
                <Coords points="856,2170 2070,2199 1967,2154 856,2139"/>
                <Baseline points="863,2169 926,2171 989,2173 1052,2175 1115,2176 1178,2178 1241,2179 1304,2181 1367,2183 1430,2184 1494,2186 1557,2187 1620,2189 1683,2191 1746,2192 1809,2194 1872,2195 1935,2197 1998,2199 2062,2201"/>
                <TextEquiv>
                    <Unicode>Wissend, daß man überall anfangen kann, ohne etwas zu verlieren</Unicode>
                </TextEquiv>
            </TextLine>
            <TextLine id="r2l20" custom="readingOrder {index:19;}">
                <Coords points="842,2219 1875,2265 2039,2260 2075,2222 843,2188"/>
                <Baseline points="849,2222 909,2222 970,2223 1031,2223 1092,2224 1153,2225 1214,2227 1274,2228 1335,2230 1396,2232 1457,2234 1518,2236 1579,2238 1640,2240 1700,2242 1761,2243 1822,2245 1883,2247 1944,2248 2005,2249 2066,2249"/>
                <TextEquiv>
                    <Unicode>oder zu gewinnen, beginne ich in der Mitte, und das Ergebnis ist</Unicode>
                </TextEquiv>
            </TextLine>
            <TextLine id="r2l21" custom="readingOrder {index:20;}">
                <Coords points="851,2272 1848,2315 2084,2275 852,2228"/>
                <Baseline points="858,2269 918,2270 979,2271 1040,2272 1101,2273 1162,2275 1223,2276 1284,2278 1345,2280 1406,2281 1467,2283 1527,2285 1588,2287 1649,2288 1710,2290 1771,2292 1832,2293 1893,2295 1954,2296 2015,2297 2076,2299"/>
                <TextEquiv>
                    <Unicode>immer, daß ich mir über meine Reue Vorwürfe mache. Und</Unicode>
                </TextEquiv>
            </TextLine>
            <TextLine id="r2l22" custom="readingOrder {index:21;}">
                <Coords points="840,2304 1008,2345 1908,2366 2038,2360 2070,2321 841,2278"/>
                <Baseline points="847,2318 907,2320 968,2321 1029,2322 1090,2324 1150,2325 1211,2326 1272,2328 1333,2329 1393,2331 1454,2332 1515,2334 1576,2335 1636,2337 1697,2338 1758,2340 1819,2342 1879,2344 1940,2346 2001,2348 2062,2350"/>
                <TextEquiv>
                    <Unicode>mir sage: Was nützt es, in Gegenwart einer Zeit zu sprechen,</Unicode>
                </TextEquiv>
            </TextLine>
            <TextLine id="r2l23" custom="readingOrder {index:22;}">
                <Coords points="842,2377 1822,2412 2068,2380 1418,2336 843,2354"/>
                <Baseline points="851,2367 911,2368 971,2370 1032,2371 1092,2373 1153,2374 1213,2375 1274,2377 1334,2378 1395,2380 1455,2381 1515,2383 1576,2384 1636,2386 1697,2387 1757,2389 1818,2391 1878,2392 1939,2394 1999,2396 2060,2398"/>
                <TextEquiv>
                    <Unicode>der diese Dinge eingehen! Und mich frage: ob denn wirklich ein</Unicode>
                </TextEquiv>
            </TextLine>
            <TextLine id="r2l24" custom="readingOrder {index:23;}">
                <Coords points="847,2430 2033,2460 2071,2418 848,2376"/>
                <Baseline points="855,2419 915,2420 975,2421 1036,2422 1096,2423 1157,2425 1217,2426 1277,2427 1338,2429 1398,2430 1459,2431 1519,2433 1579,2435 1640,2436 1700,2437 1761,2439 1821,2441 1881,2443 1942,2444 2002,2446 2063,2448"/>
                <TextEquiv>
                    <Unicode>Krieg grausamer ist als diese Duldsamkeit, die die Gehirne mit</Unicode>
                </TextEquiv>
            </TextLine>
            <TextLine id="r2l25" custom="readingOrder {index:24;}">
                <Coords points="845,2475 2058,2499 1971,2451 846,2441"/>
                <Baseline points="853,2466 912,2467 972,2469 1032,2470 1092,2472 1152,2474 1212,2475 1271,2477 1331,2478 1391,2479 1451,2481 1511,2482 1571,2484 1631,2486 1690,2487 1750,2488 1810,2490 1870,2491 1930,2493 1990,2494 2050,2496"/>
                <TextEquiv>
                    <Unicode>solchem Kleister verkleben läßt und eine Industrie fördert, die es</Unicode>
                </TextEquiv>
            </TextLine>
            <TextLine id="r2l26" custom="readingOrder {index:25;}">
                <Coords points="835,2503 1101,2544 2071,2531 836,2479"/>
                <Baseline points="842,2514 903,2516 964,2517 1025,2519 1086,2520 1147,2522 1208,2523 1269,2525 1330,2526 1391,2528 1452,2529 1513,2530 1574,2532 1635,2534 1696,2536 1757,2537 1818,2539 1879,2541 1940,2543 2001,2545 2062,2547"/>
                <TextEquiv>
                    <Unicode>ihnen besorgt. Gewiß, Schnitzler ist immerhin. Aber was sind die</Unicode>
                </TextEquiv>
            </TextLine>
            <TextLine id="r2l27" custom="readingOrder {index:26;}">
                <Coords points="833,2567 2072,2587 2021,2551 834,2533"/>
                <Baseline points="840,2562 901,2564 962,2566 1023,2568 1084,2569 1146,2571 1207,2573 1268,2575 1329,2577 1390,2579 1452,2581 1513,2582 1574,2584 1635,2585 1696,2587 1758,2589 1819,2591 1880,2592 1941,2594 2002,2596 2064,2597"/>
                <TextEquiv>
                    <Unicode>Andern, wenn er die Frau Beate, nachdem er auf zehn Seiten</Unicode>
                </TextEquiv>
            </TextLine>
            <TextLine id="r2l28" custom="readingOrder {index:27;}">
                <Coords points="836,2617 1790,2657 2067,2629 837,2583"/>
                <Baseline points="843,2613 903,2614 964,2617 1025,2618 1086,2620 1147,2622 1207,2624 1268,2625 1329,2627 1390,2629 1451,2630 1511,2632 1572,2634 1633,2635 1694,2637 1755,2638 1815,2640 1876,2642 1937,2644 1998,2645 2059,2647"/>
                <TextEquiv>
                    <Unicode>beglaubigt hat, daß etwas in ihr vorgeht, auf folgende Art zu</Unicode>
                </TextEquiv>
            </TextLine>
            <TextLine id="r2l29" custom="readingOrder {index:28;}">
                <Coords points="838,2662 908,2682 1490,2683 1491,2643 1430,2635 1368,2652 839,2625"/>
                <Baseline points="845,2660 876,2660 908,2662 940,2662 972,2664 1004,2665 1036,2666 1067,2667 1099,2668 1131,2669 1163,2670 1195,2671 1227,2672 1259,2673 1290,2674 1322,2674 1354,2675 1386,2676 1418,2677 1450,2678 1482,2678"/>
                <TextEquiv>
                    <Unicode>folgendem Resultat gelangen läßt:</Unicode>
                </TextEquiv>
            </TextLine>
            <TextLine id="r2l30" custom="readingOrder {index:29;}">
                <Coords points="961,2721 2057,2750 1999,2692 1520,2713 962,2672"/>
                <Baseline points="968,2711 1022,2712 1076,2714 1130,2716 1184,2718 1238,2720 1292,2722 1346,2723 1400,2725 1454,2726 1509,2728 1563,2730 1617,2731 1671,2732 1725,2733 1779,2735 1833,2736 1887,2736 1941,2737 1995,2737 2050,2738"/>
                <TextEquiv>
                    <Unicode>Mitternacht mußte vorüber sein. Sie war müde und überwach</Unicode>
                </TextEquiv>
            </TextLine>
            <TextLine id="r2l31" custom="readingOrder {index:30;}">
                <Coords points="827,2755 2031,2797 2063,2750 827,2735"/>
                <Baseline points="835,2748 899,2750 963,2752 1027,2753 1091,2755 1155,2757 1219,2759 1284,2761 1348,2764 1412,2765 1476,2768 1540,2769 1604,2771 1669,2773 1733,2775 1797,2776 1861,2777 1925,2779 1989,2780 2054,2781"/>
                <TextEquiv>
                    <Unicode>zugleich. Was tun? Was half alles Uberlegen, alles Erinnern, alles</Unicode>
                </TextEquiv>
            </TextLine>
            <TextLine id="r2l32" custom="readingOrder {index:31;}">
                <Coords points="837,2789 2058,2812 838,2755"/>
                <Baseline points="845,2788 905,2789 965,2791 1025,2793 1085,2795 1146,2797 1206,2799 1266,2801 1326,2803 1386,2805 1447,2807 1507,2809 1567,2811 1627,2812 1687,2814 1748,2815 1808,2816 1868,2817 1928,2818 1988,2819 2049,2819"/>
                <TextEquiv>
                    <Unicode>Träumen, was alles Fürchten und Hoffen? Hoffen? Wo gab es</Unicode>
                </TextEquiv>
            </TextLine>
            <TextLine id="r2l33" custom="readingOrder {index:32;}">
                <Coords points="841,2831 2049,2865 2033,2827 842,2806"/>
                <Baseline points="849,2827 908,2828 968,2830 1027,2832 1087,2834 1147,2836 1206,2837 1266,2840 1325,2842 1385,2844 1445,2846 1504,2848 1564,2850 1623,2852 1683,2853 1743,2855 1802,2856 1862,2857 1921,2857 1981,2858 2041,2858"/>
                <TextEquiv>
                    <Unicode>noch eine Hoffnung für sie? Wieder trat sie zum Fenster hin und</Unicode>
                </TextEquiv>
            </TextLine>
            <TextLine id="r2l34" custom="readingOrder {index:33;}">
                <Coords points="830,2867 2064,2903 1894,2855 831,2844"/>
                <Baseline points="838,2867 898,2869 959,2871 1020,2872 1081,2875 1142,2877 1203,2878 1264,2880 1325,2882 1386,2883 1447,2885 1507,2887 1568,2889 1629,2890 1690,2892 1751,2893 1812,2895 1873,2897 1934,2899 1995,2900 2056,2902"/>
                <TextEquiv>
                    <Unicode>verschloß sorgfältig die Läden. Auch von hier aus schimmerts in die</Unicode>
                </TextEquiv>
            </TextLine>
            <TextLine id="r2l35" custom="readingOrder {index:34;}">
                <Coords points="836,2911 1880,2951 2062,2910 837,2879"/>
                <Baseline points="845,2906 905,2908 965,2910 1026,2912 1086,2913 1147,2915 1207,2918 1268,2919 1328,2921 1389,2923 1449,2925 1509,2927 1570,2929 1630,2930 1691,2932 1751,2933 1812,2935 1872,2937 1933,2938 1993,2940 2054,2941"/>
                <TextEquiv>
                    <Unicode>Nacht hinaus, in meine Nacht, dachte sie flüchtig. Sie versperrte die</Unicode>
                </TextEquiv>
            </TextLine>
            <TextLine id="r2l36" custom="readingOrder {index:35;}">
                <Coords points="832,2959 2051,2971 833,2919"/>
                <Baseline points="839,2946 899,2947 959,2949 1019,2951 1079,2953 1140,2955 1200,2957 1260,2959 1320,2960 1380,2962 1441,2964 1501,2965 1561,2967 1621,2969 1681,2970 1742,2972 1802,2974 1862,2975 1922,2977 1982,2978 2043,2980"/>
                <TextEquiv>
                    <Unicode>Türe, die auf den Gang führte, dann nach alter vorsichtiger Gewohnheit</Unicode>
                </TextEquiv>
            </TextLine>
            <TextLine id="r2l37" custom="readingOrder {index:36;}">
                <Coords points="833,2997 1969,3030 2042,2996 834,2961"/>
                <Baseline points="841,2988 900,2989 960,2990 1019,2991 1079,2993 1139,2994 1198,2996 1258,2998 1317,2999 1377,3001 1437,3003 1496,3005 1556,3007 1615,3008 1675,3010 1735,3011 1794,3013 1854,3014 1913,3016 1973,3017 2033,3018"/>
                <TextEquiv>
                    <Unicode>öffnete sie die Türe zu dem kleinen Salon, um einen Blick hinein¬</Unicode>
                </TextEquiv>
            </TextLine>
            <TextLine id="r2l38" custom="readingOrder {index:37;}">
                <Coords points="830,3024 2053,3062 2054,3028 1909,3015 831,3002"/>
                <Baseline points="837,3027 897,3028 957,3030 1018,3031 1078,3033 1139,3034 1199,3036 1259,3037 1320,3038 1380,3040 1441,3041 1501,3043 1561,3044 1622,3046 1682,3048 1743,3049 1803,3051 1863,3053 1924,3055 1984,3057 2045,3059"/>
                <TextEquiv>
                    <Unicode>zuwerfen. Erschrocken fuhr sie zurück. Im Halbdunkel, aufrecht in der</Unicode>
                </TextEquiv>
            </TextLine>
            <TextLine id="r2l39" custom="readingOrder {index:38;}">
                <Coords points="827,3076 2051,3083 828,3042"/>
                <Baseline points="835,3066 895,3067 955,3068 1016,3070 1076,3071 1136,3073 1197,3074 1257,3076 1317,3077 1378,3079 1438,3080 1498,3082 1559,3084 1619,3085 1679,3087 1740,3089 1800,3091 1860,3093 1921,3095 1981,3097 2042,3099"/>
                <TextEquiv>
                    <Unicode>Mitte des Zimmers stehend, gewahrte sie eine männliche Gestalt. .Wer</Unicode>
                </TextEquiv>
            </TextLine>
            <TextLine id="r2l40" custom="readingOrder {index:39;}">
                <Coords points="821,3113 1827,3149 2050,3113 822,3082"/>
                <Baseline points="829,3104 889,3106 950,3107 1010,3109 1071,3110 1132,3112 1192,3113 1253,3114 1313,3116 1374,3118 1435,3119 1495,3120 1556,3122 1616,3124 1677,3125 1738,3128 1798,3130 1859,3132 1919,3135 1980,3137 2041,3140"/>
                <TextEquiv>
                    <Unicode>ist da?e rief sie. Die Gestalt bewegte sich heran, Beate erkannte Fritz.</Unicode>
                </TextEquiv>
            </TextLine>
            <TextLine id="r2l41" custom="readingOrder {index:40;}">
                <Coords points="823,3144 2000,3187 2044,3147 824,3130"/>
                <Baseline points="831,3144 891,3146 951,3147 1011,3149 1072,3150 1132,3152 1192,3153 1252,3155 1313,3157 1373,3158 1433,3160 1493,3162 1554,3163 1614,3165 1674,3167 1734,3168 1795,3170 1855,3171 1915,3173 1975,3174 2036,3175"/>
                <TextEquiv>
                    <Unicode>Was fällt Ihnen ein? sagte sie. Er aber stürzte auf sie zu und ergriff</Unicode>
                </TextEquiv>
            </TextLine>
            <TextLine id="r2l42" custom="readingOrder {index:41;}">
                <Coords points="825,3196 2056,3212 1868,3176 825,3162"/>
                <Baseline points="833,3182 893,3184 954,3186 1015,3189 1076,3191 1136,3193 1197,3195 1258,3196 1319,3198 1379,3200 1440,3201 1501,3203 1562,3204 1622,3205 1683,3207 1744,3208 1805,3209 1865,3210 1926,3211 1987,3212 2048,3213"/>
                <TextEquiv>
                    <Unicode>ihre beiden Hände. Beate entzog sie ihm: Sie sind ja nicht bei sich.</Unicode>
                </TextEquiv>
            </TextLine>
            <TextLine id="r2l43" custom="readingOrder {index:42;}">
                <Coords points="827,3226 1963,3267 2051,3229 828,3195"/>
                <Baseline points="835,3220 895,3223 955,3225 1016,3228 1076,3230 1137,3232 1197,3234 1257,3236 1318,3237 1378,3239 1439,3240 1499,3242 1559,3243 1620,3245 1680,3246 1741,3247 1801,3248 1861,3249 1922,3251 1982,3252 2043,3254"/>
                <TextEquiv>
                    <Unicode>-Verzeihen Sie, gnädige Fraus, flüsterte er, vaber ich ... ich weiß nicht</Unicode>
                </TextEquiv>
            </TextLine>
            <TextLine id="r2l44" custom="readingOrder {index:43;}">
                <Coords points="828,3271 2048,3309 2021,3260 829,3233"/>
                <Baseline points="836,3267 896,3269 956,3270 1016,3272 1076,3274 1137,3275 1197,3277 1257,3279 1317,3281 1377,3283 1438,3285 1498,3287 1558,3288 1618,3290 1678,3291 1739,3292 1799,3293 1859,3294 1919,3294 1979,3294 2040,3294"/>
                <TextEquiv>
                    <Unicode>mehr, was ich tun soll. Das ist sehr einfache, erwiderte Beate,</Unicode>
                </TextEquiv>
            </TextLine>
            <TextEquiv>
                <Unicode>box 37/5
16 —
Standpunktes verschaffen. Selbst solche, die nicht mit mir der
Ansicht sind, daß der Roman das Versteck jener ist, die nichts zu
sagen haben, und darum die Ausflucht jener, die alles sagen
müssen. Selbst solche, die wirklich nicht glauben wollen, daß ein
Satz von Peter Altenberg eben darum einen Wiener Roman auf¬
wiegt, weil es eben nur ein Satz ist. Man folge meinem Beispiel
und lese die Schnitzler'sche Fortsetzung im Aprilheft der Berliner
„Rundschau“, Ich zwar weiß vorher, daß alles Werk, das
in Fortsetzungen erscheint, nichts außer diesem Modus mit der
göttlichen Schöpfung gemein hat, und ich gehe mit gutem
Mißtrauen Novellen aus dem Wege, welche schon im Titel — Frau
Beate und ihr Sohn. — jene Anhörungsfähigkeit verraten, die mir
das Romanschreiben als eine Sache der Entschließung verdächtig
macht. Aber gerade ich, der auch weiß, daß er Vorurteile lieber
schluckt als Austern, bin oft von Reue über mein enthaltsames
Schlemmerdasein ergriffen, und ergreife dann einen Roman.
Wissend, daß man überall anfangen kann, ohne etwas zu verlieren
oder zu gewinnen, beginne ich in der Mitte, und das Ergebnis ist
immer, daß ich mir über meine Reue Vorwürfe mache. Und
mir sage: Was nützt es, in Gegenwart einer Zeit zu sprechen,
der diese Dinge eingehen! Und mich frage: ob denn wirklich ein
Krieg grausamer ist als diese Duldsamkeit, die die Gehirne mit
solchem Kleister verkleben läßt und eine Industrie fördert, die es
ihnen besorgt. Gewiß, Schnitzler ist immerhin. Aber was sind die
Andern, wenn er die Frau Beate, nachdem er auf zehn Seiten
beglaubigt hat, daß etwas in ihr vorgeht, auf folgende Art zu
folgendem Resultat gelangen läßt:
Mitternacht mußte vorüber sein. Sie war müde und überwach
zugleich. Was tun? Was half alles Uberlegen, alles Erinnern, alles
Träumen, was alles Fürchten und Hoffen? Hoffen? Wo gab es
noch eine Hoffnung für sie? Wieder trat sie zum Fenster hin und
verschloß sorgfältig die Läden. Auch von hier aus schimmerts in die
Nacht hinaus, in meine Nacht, dachte sie flüchtig. Sie versperrte die
Türe, die auf den Gang führte, dann nach alter vorsichtiger Gewohnheit
öffnete sie die Türe zu dem kleinen Salon, um einen Blick hinein¬
zuwerfen. Erschrocken fuhr sie zurück. Im Halbdunkel, aufrecht in der
Mitte des Zimmers stehend, gewahrte sie eine männliche Gestalt. .Wer
ist da?e rief sie. Die Gestalt bewegte sich heran, Beate erkannte Fritz.
Was fällt Ihnen ein? sagte sie. Er aber stürzte auf sie zu und ergriff
ihre beiden Hände. Beate entzog sie ihm: Sie sind ja nicht bei sich.
-Verzeihen Sie, gnädige Fraus, flüsterte er, vaber ich ... ich weiß nicht
mehr, was ich tun soll. Das ist sehr einfache, erwiderte Beate,</Unicode>
            </TextEquiv>
        </TextRegion>
        <TextRegion orientation="0.0" id="r3" custom="readingOrder {index:2;}">
            <Coords points="3067,4071 3067,4222 3177,4222 3177,4071"/>
            <TextLine id="r3l1" custom="readingOrder {index:0;}">
                <Coords points="3059,4181 3185,4180 3185,4117 3154,4123 3139,4131 3127,4131 3115,4123 3081,4135 3070,4128 3059,4129"/>
                <Baseline points="3067,4172 3094,4171 3122,4171 3149,4171 3177,4172"/>
                <TextEquiv>
                    <Unicode>agu n</Unicode>
                </TextEquiv>
            </TextLine>
            <TextEquiv>
                <Unicode>agu n</Unicode>
            </TextEquiv>
        </TextRegion>
    </Page>
</PcGts>
