3344 4352
244 196 1405 294 2. Guttings box 37/5
1715 514 2959 611 Legion in den Praterauen, mit ihren Mädchen, Kriegs= und
2957 540 3357 622 gearbeitet. Felix in
1714 587 2958 653 Liebeslieder singend, vor dem Auszuge? Kluge und verwirrte
2959 600 3335 660 nicht zur rechten Z
1720 614 2952 691 Worte erklingen in diesen Szenen, Worte der Liebe, der Be¬
2952 642 3358 695 komimen zu sein, als
1730 673 2956 737 geisterung und Verzweiflung, Bilder voll Glanz und innerer
2952 680 3348 738 heute nicht mehr w
1723 704 2964 773 Bewegtheit reihen sich aneinänder. Deutsche Theaterdirektoren,
2961 726 3357 787 aber, vielleicht die se
1723 747 2955 819 sucht ihr nicht in dieser Zeit nach ähnlichen Dramen? In
2952 764 3349 827 die Schnitzler gezei
1727 791 2959 863 wenigen wird den Zuhörern so stark bewußt, daß auch der
2955 805 3339 869 Klagen, wie mani
504 801 1458 910 Zeitung: Berliner Tageblatt
1718 828 2947 900 Krieg den großen und mächtigen Tendenzen des Lebens dient,
2947 846 3356 903 den letzten Jahren
1717 872 2951 957 in wenigen werden Todesschauer so siegreich übertönt vom
2950 890 3355 943 zusagen vor der D
1723 904 2111 973 Ruf des Lebens.
519 900 670 987 Ort
2939 928 3348 983 passieren, wie unse
1285 920 1539 1004 Berlin
1778 954 2957 1037 Doch nicht nur dieses hat uns dieser Dichter zu bieten; ein
2945 970 3345 1038 dreißig Jahre lang
1719 992 2951 1078 großes Stück der Psychologie der Schlachten ist in seinen
2948 1010 3345 1073 keine Advokaten, die
519 897 1233 1104 Parun .— 7. Sep. 1814
1719 1029 2938 1111 Stücken enthalten, wird im Publikum lebendig. Es ist sehr
3085 1059 3347 1114 — und soga
1718 1084 2953 1139 wesentlich, daß die Todesangst sich darin ebenso elementaren!
2947 1096 3350 1157 die wirklich an Him
1712 1132 2950 1196 Durchbruch erzwingt, wie die todesverachtende Kühnheit.
2954 1134 3357 1191 zwungen, meinen B
1726 1174 2949 1235 „Was wäre denn die ganze Courage wert, wenn man nicht
2948 1177 3355 1232 ich weiß nicht, was
1729 1209 2948 1284 Angst hätte?“ läßt der Dichter einen braven Soldaten, der
2952 1224 3359 1286 wenn's nicht endlich
487 1209 1716 1317 Der Krieg bei Arthur Schnitzler.
1719 1250 2948 1317 in vielen Schlachten seine Tapferkeit bewies, sprechen. Dieser
3000 1258 3351 1332 Schnitzler dürfte
1315 1304 1367 1348 —
1726 1295 2954 1366 Gesichtspunkt wird, für uns Zurückbleibende, die wir die Ge¬
2950 1294 3347 1372 Stellung einnehmen
1723 1330 2952 1415 fühle verstehen wollen, welche die Kämpfenden bewegen,
861 1315 1716 1405 Von Theodor Reik. (Nachdruck verboten.]
2938 1351 3349 1411 Duellfrage einnimm
1713 1370 1904 1433 wichtig.
2945 1396 3344 1448 licher Blödsinn ode
535 1391 1721 1474 Ws ist verwunderlich genug, daß in den Werken Arthur
1773 1415 2934 1480 Wir lernen ihre Kühnheit, ihren Mut besser verstehen
2943 1430 3349 1498 weder ein Verbreche
596 1451 1710 1510 Schnitzlers, des bedeutendsten österreichischen Dichters
1715 1450 2941 1530 und tiefer würdigen. Denn Mut heißt nicht Lebensverachtung:
2939 1474 3358 1534 der heute geführt
474 1478 1714 1548 244 unserer Tage, der Krieg eine so große Rolle spielt, denn
1727 1508 2937 1564 wer das Leben fortwirft wie ein wertlos gewordenes Kleid,
2944 1518 3347 1572 eine erlösende Tat:
482 1541 1713 1582 diesem Dichter, der gewohnt ist, den kompliziertesten und
1722 1543 2944 1595 hat weder Leben noch Tod verstanden. Nur wer alle Schrecken
2938 1556 3350 1620 ungeheurer Haß nich
476 1571 1717 1630 dunkelsten Vorgängen des Seelenlebens nachzuspüren, diesem
1716 1582 2935 1652 der Vernichtung erschauernd verspürt und besiegt hat, darf
2933 1595 3358 1664 Es handelt sich nich
479 1621 1713 1680 Dichter, sollte man meinen, läge nichts ferner als ein so grau¬
1722 1628 2939 1687 mutvoll genannt werden. Schnitzler hat manchmal geschildert,
2940 1641 3350 1703 um das Recht, da zu
482 1661 1704 1716 sames und wuchtiges Problem. Er, der anmutsvoll, sanft und
1721 1668 2944 1730 daß es gerade das Wachsein ist, das untätige Ausharren, dem
3004 1686 3357 1741 Unter den vielen
479 1709 1713 1762 gütig, Menschenschicksale zu formen weiß, hat seine Gestalten
1713 1709 2942 1770 die Todesfurcht entstammt. Der Rittmeister im „Ruf des
2942 1716 3358 1784 zweifelten, die wußte
466 1744 1719 1809 oft auf den blutigen Hintergrund gestellt, hat dadurch oft ihre
1718 1751 3342 1829 Lebens“ erzählt von der schrecklichen Episode, da seine Eskadron) verborgen trägt, die
463 1792 1716 1854 Tragik vertieft, ihre Komik umschattet. Mancherlei Gründe
1721 1790 2934 1856 stundenlang wartete, ohne sich zu rühren, vor sich eine weite,
2935 1800 3359 1870 heraufkomme, steht
478 1830 1721 1876 dürften dafür maßgebend gewesen sein. Hellsichtiger als andere
1716 1831 2939 1901 stille Ebene, in der Nähe knatterten die Gewehre, donnerten die
2939 1846 3335 1908 hat seine zornige
475 1873 1709 1921 hat Schnitzler erkannt, daß Oesterreich über kurz oder lang
1713 1876 2948 1935 Kanonen. Manche Schlacht hatte er tapfer mitgekämpft, doch
2935 1882 3353 1947 was er über Oesterr
465 1911 1700 1977 ein Krieg bevorsteht. Er hat die drückende, gewitterschwüle
1711 1915 2939 1973 keine Situation schien ihm furchtbarer als diese: „Seit vier
2935 1926 3347 1990 der Liebe. Denn vor
471 1948 1671 2012 Atmosphäre des letzten Jahrzehnts miterlebt und kei
1705 1949 2933 2016 Uhr morgens saßen wir zu Pferde, Stunde um Stunde ver¬
2928 1962 3355 2032 und zum „Weg ins
467 1990 1711 2049 Aufrichtiger in diesem Lande der sozialen Unaufrichtigkeiten
1715 2002 2929 2066 ging. Keiner redete mehr. Es war, wie wenn man unserer
2930 2011 3357 2074 Lande stark fühlbar
471 2036 1706 2088 (wie Schnitzler es einmal genannt hat) hat diesen Druck, diese
1716 2038 2932 2108 vergessen hätte. Wir sehnten uns alle nach dem Befehl zum
2938 2062 3356 2110 gelben Fahnen im
456 2082 1715 2158 stete Ungewißheit ableugnen können. Auch er konnte sich den
1708 2078 2933 2138 Vorwärtsgehen ..., nur vorwärts, und wenn wir gewußt
2944 2092 3359 2157 unverstandene Tüch
461 2130 1698 2176 Fragenseiner Zeit nicht entziehen, wenngleich sie sich ihm ge¬
1711 2122 2927 2185 hätten, daß unser Tod so gut wie gewiß war. Sich bewegen,
2937 2143 3351 2196 Wille ihnen den We
460 2158 1695 2225 dämpfter und ins typisch Menschliche erhoben ausdrängten.
1697 2161 2938 2232 sich rühren. Aber nicht das war unser Los — wir mußten
2931 2177 3358 2235 ein neues, wiederer
463 2201 1707 2250 Vielleicht liegt ein echt österreichisches Schicksal darin, daß man
1703 2206 2928 2261 warten Wann es kommen werde, das wußte keiner — aber
2930 2217 3329 2273 Arthur Schnitzler
457 2241 1701 2299 die Größe und Schwere seiner Probleme nicht erkannte, weil
1709 2247 2937 2306 es mußte kommen, das war gewiß.“ Man erinnert sich, wie
2929 2240 3357 2317 der jungen Generat
457 2280 1691 2345 seine Bücher und Dramen seltsam kluge und gelassene Worte
1704 2285 2933 2338 dieser früher so tapfere Offizier, zum erstenmal gepackt von
2934 2305 3356 2375 Soldat in diesem gr
463 2335 1700 2379 enthalten, weil sie, auch dort, wo Kanonen donnern, ruhig
1700 2330 2938 2376 einer entsetzlichen Angst vor dem Ungeheuren und Unbekannten!
449 2369 1701 2422 bleiben, auch dort, wo Begeisterung emporjauchzt, den Blick
1700 2367 2938 2441 des Todes, sein Pferd herumriß und seine ganze Eskadropf
462 2412 1294 2482 für die Zusammenhänge nicht verlieren.
1695 2412 2942 2465 in die Flucht mitnahm. Alte Soldaten haben des öfteren
510 2455 1699 2516 Man hat in diesen Tagen oft gesagt, daß die österreichische
1695 2463 2936 2524 versichert, daß nichts der Furchtbarkeit dieses Wartens gleich¬
1697 2498 2940 2557 komme. Man versteht es, wenn die Soldaten zum Zusammen¬
456 2482 1688 2570 Armee angenehm enttäuscht habe, man hat sich anscheinend
450 2543 1703 2587 nicht so viel von ihr versprochen. Konnte hinter diesem
1691 2536 2941 2611 stoß drängen, zum Vorwärts, sei es auch in den sicheren Tod.
455 2579 1705 2650 Sprachengewirr, hinter dieser nationalen Uneinigkeit, hinter
1740 2592 2947 2635 Noch etwas kann der aufmerksame Zuhörer und Leser
455 2626 1698 2691 dem beständigen „Raunzen“ Kraft sich bergen, Wille, das
1695 2617 2936 2698 Schnitzlerscher Werke hier erfassen: die menschliche, will sagen
448 2659 915 2730 Aeußerste zu leisten?
1699 2670 2928 2739 seelische Notwendigren des Soldatenberufes. Es handelt sich,
517 2689 1693 2760 Doch gute Kenner österreichischer Verhältnisse wußten,
1686 2706 2932 2780 wohlgemerkt, nicht um die Institution des Militarismus, die
448 2741 1683 2810 daß es nur der harten Prüfung bedurfte, um latente
1692 2755 2939 2819 Schnitzler oft einer unerbittlichen Kritik unterzogen hat, son¬
447 2788 1393 2849 Kräfte in dem alten Reich freizumachen.
1375 2790 1686 2851 Im Sturm¬
1693 2796 2943 2870 dern um die Befriedigung innerer Bedürfnisse eines be¬
450 2834 1687 2895 wind erst wird erprobt, welche Bäume morsch sind.
1694 2841 2932 2902 stimmten, gar nicht seltenen Menschentyps. Felix Wegrath
454 2862 1688 2916 Schnitzler steht vielleicht als derjenige, welcher das neue Oester¬
1700 2887 2925 2936 im „Einsamen Weg“ darf zu diesem Typ gerechnet werden.
446 2916 1692 2968 reich ahnte, an der Scheide zweier Epochen. Er war es, der
1684 2912 2931 2987 Vielleicht wäre es seinem Vater lieber gewesen, wenn er nicht!
446 2957 1696 3013 das Wort prägte von der jungen Generation Oesterreichs, die
1686 2957 2921 3030 Soldat geworden wäre, wenn er einen friedlicheren Beruf
449 3004 1687 3053 weniger Geist, mehr Haltung besitze, und er hat die ersten Ge¬
1691 2999 2929 3068 gewählt hätte. „Es gibt ja heutzutage gar keinen, der fried¬
442 3036 1682 3098 stalten dieses werdenden Reiches vor uns hingestellt. Künftige
1690 3036 2928 3106 licher wäre,“ bemerkt Herr v. Sala spöttisch. Das ist kein geist¬
452 3084 1686 3140 Kulturhistoriker werden unschwer in den späteren Werken
1680 3077 2924 3150 reichelndes Gelegenheitswort, sondern der Ausdruck einer Stim¬
441 3132 1678 3178 dieses Dichters die Anzeichen einer Neugestaltung öster¬
1678 3113 2934 3199 mung, die niemand schmerzlicher empfunden hat als der öster¬
439 3170 1683 3231 reichischer Dinge erkennen. Es ist kein Zufall, daß der Krieg
1679 3161 2922 3225 reichische Offizier. Der Kriegsminister der Doppelmonarchie
445 3211 1348 3269 in ihnen einen so breiten Raum einnimmt.
1686 3208 2915 3272 hat kurz vor Ausbruch des Krieges das Wort geprägt, die öster¬
499 3227 1684 3307 Kein Zufall auch, vom Wesen dieser Dichtung aus gesehen.
1682 3249 2923 3313 reichische Armee „verdorre“. Gott sei Dank, es ist nicht wahr,
447 3288 1675 3336 Denn das Hauptthema der Werke Schnitzlers ist die Ver¬
1675 3294 2916 3356 aber es hätte wahr werden können, denn es ist ungesund,
444 3336 1679 3391 änderung menschlicher Beziehungen durch die Todesaussicht.
1678 3336 2919 3388 jahrelang mit der geballten Faust in der Tasche dazustehen,
437 3376 1690 3428 Man darf von einem wiederkehrenden Motiv der durch die
1685 3380 2926 3449 ungesund für Menschen, die warmes Blut in den Adern ver¬
1679 3414 1879 3484 spüren.
442 3420 1679 3463 Todesaussicht vertieften Lebenslust sprechen. Wie oft haben
441 3456 1679 3520 wir seltsam erschüttert, auf der Bühne dieses Motiv in
1737 3444 2929 3510 Jeder, der österreichische Offiziere genau kennt, weiß,
435 3492 1684 3553 ernsten, starken und gebändigten Akkorden bei Schnitzler er¬
1672 3492 2931 3562 wie gut Arthur Schnitzler diese ihre Stimmung zum Ausdruck
441 3535 1669 3589 klingen hören. Die Liebesnacht in der belagerten Stadt vor
1674 3548 2921 3586 gebracht hat, weiß auch, wie viele von ihnen ihn gerade des¬
440 3588 1668 3641 dem verderbenbringenden Ausfall (im „Schleier der Beatrice")
1668 3585 2918 3648 wegen verehren. Schon in Schnitzlers Frühzeit da er
440 3626 1677 3691 taucht empor, die herbe und reizvolle Gestalt Mariens im
1678 3624 2919 3691 tendenziös die Schattenseiten des österreichischen Offiziers be¬
439 3662 1677 3714 Ruf des Lebens“ die zu dem Geliebten eilt, der morgen früh
1676 3670 2914 3729 tonte, war es sein Bestreben, ihn menschlich zu verstehen. Der
434 3709 1672 3762 in den sicheren Tod reitet, und ihre Base Katharina, die es
1671 3713 2920 3756 Oberleutnant Karinski in „Freiwild“ ist ein Mensch, der in
1679 3746 2904 3800 andere Verhältnisse hineingehört. Ein Regimentskamerad
432 3749 1676 3801 sich mit besonderer Befriedigung zum Bewußtsein bringt, daß
1667 3785 2920 3834 schildert ihn: „Um sich hauen müßt' er können. Was fängt
421 3791 1674 3850 keine Frau den geliebten Offizier mehr in den Armen halten
433 3843 2914 3888 wird. Stürmt nicht mit funkelnden Augen der österreichische so ein Mensch in ewiger Friedenszeit mit seinem Temperament
430 3877 2905 3924 Don Quichotte, Medardus Klähr, heran, kaum geschaffen, an? Wo soll er hin damit? Es ist ja wahr, solche Leute wie
424 3908 2908 3981 etwas anderes zu erleben, als den Klang von Worten, umher=] der Karinski sollen Soldaten sein, aber für solche Soldaten ge¬
422 3960 2887 4006 gerissen von geheimnisvollen Händen, zu Abenteuern der Liebe hört der Krieg, sonst haben sie überhaupt keine Berechtigung.“
437 3982 2908 4071 und der Schlacht, und seine Kameraden von der akademischen] Diese Anschauung wird bei Schnitzler immer schärfer heraus¬
