3392 4352
834 199 1317 314 box 37/5
142 199 755 325 2. Cuttings
1293 728 1551 804 Mitung.
1936 751 2418 832 #masmunumaunan
2812 812 3146 861 in so feiner Stil
1624 814 2805 873 sden Wiener Roman geben wollte ... Schnitzler ist ein Wiener
539 821 1631 886 [„Mosaik.“ Studien vo.  il Soffé. Druck und Verlag
2809 856 3142 907 Blute der Sterbl
1623 870 2804 912 Dichter, der seine Menschen aus dem Wiener Milieu herausholt.
448 876 1626 923 von Friedrich Irrgang, Brünn, K2.] Eine bunte Sammlung von
2810 890 3125 945 der Götter, das
1629 895 2813 948 Das ist auch in diesem Roman, der in der Donaustadt spielt, der
454 903 1635 965 Aufsätzen, die sich teils mit literarischen und Kunstfragen beschäftigen,
2812 921 3129 985 der Form mit di
1623 934 2813 1004 Fall, wenngleich es dem Dichter hier auf Größeres ankommt, als
446 957 1627 1000 teils kulturhistorischen Inhalts sind. In den „Christlichen Motiven
2806 966 3130 1016 nur in manche
1635 975 2813 1030 auf einen bloßen Milieuroman. Darum kann man auch nicht sagen,
448 983 1629 1049 in der bildenden Kunst“ behandelt Soffé die Krippe und das Abend¬
2809 996 3127 1058 manchmal durch
1633 1000 2808 1067 daß „Der Weg ins Freie" der Wiener Ghettoroman ist. Denn ab¬
454 1013 1638 1074 mahl auf Grund sorgfältigen Studiums und eigener Anschauung der
2813 1037 3130 1095 wohl bieten sie:
1635 1038 2806 1103 gesehen davon, daß der Held Georg v. Wergentin und seine Ge¬
445 1061 1636 1120 hervorragendsten Darstellungen der beiden Stosse in älterer und
2805 1072 3133 1130 sarbene Blut der
1624 1080 2815 1144 liebte Anna keine Juden sind, spielt doch der Roman auch in
441 1095 1628 1155 nauerer Zeit. Sehr ansprechend sind die englischen Skizzen, welche
2808 1119 3146 1184 aber dann plötzl
1638 1114 2812 1177 Kreisen, die dem Ghetto fernstehen. Schnitzler wollte in diesem
452 1138 1624 1207 den Tower, den „Hof Karls I.“ und den „Londoner Salon des
1631 1161 2815 1223 Werke an das Problem des Judentums als Bestandteil Oesterreichs
454 1173 1625 1233 achtzehnten Jahrhunderts“ schildern. Lebhaft interessiert hat uns die
1630 1207 2821 1261 und vielleicht auch des modernen Europa rühren. Er kommt aber
2898 1199 3133 1267 [„Plastis
449 1209 1627 1285 Abhandlung: „Der Dramatiker Schiller und die zeitgenössische
1628 1243 2812 1300 in der Judenfrage objektiv nicht weiter, denn sie ist ihm eine gant
2814 1234 3132 1316 Eugen Hollä
454 1263 1625 1321 Kritik.“ Soffé hat sich die Mühe nicht verdrießen lassen, in alten
1637 1286 2805 1333 persönliche Frage. Darum ist auch die Dichtung eine ganz per¬
2811 1283 3135 1345 1912.] Das vo¬
445 1287 1626 1342 Zeitungen und Zeitschriften die Kritiken über die meisten Dramen
1641 1320 2809 1378 sönliche, an die man mit der Unbefangenheit desjenigen, der ein
2821 1328 3136 1395 eine willkommer
452 1314 1630 1391 Schillers aufzusuchen. Er teilt die bezeichnendsten Stellen aus ihnen
1632 1355 2816 1406 Kunstwerk genießen will, herantreten muß, ohne Sensationsgeschrei
2814 1368 3109 1425 für jeden Ge¬
454 1367 1628 1426 mit, die meist erheiternd wirken. Die Kritik verfuhr mit Schiller oft
1646 1392 2811 1452 und ohne nach Aktualitäten zu suchen. Der Grundgedanke spricht
2815 1391 3133 1456 Weise einen Si
457 1416 1625 1467 sehr ungnädig. Rektor Karl Philipp Moritz zum Beispiel nannte in
1633 1442 2810 1486 sich in dem Satze aus: Jede Rasse als solche ist natürlich wider¬
2822 1444 3114 1496 kann, an der ##
451 1442 1632 1512 der „Vossischen Zeitung" „Kabale und Liebe" „in Wahrheit ein
1628 1469 2815 1530 wärtig, nur der einzelne vermag es zuweilen, durch persönliche Vor¬
2822 1482 3118 1538 Fülle kaum je
445 1486 1636 1541 Produkt, das unseren Zeiten Schande macht", ein Stück „voll pöbel¬
1647 1512 2802 1572 züge mit den Widerlichkeiten seiner Rasse zu versöhnen.“ Wie dieser
2803 1517 3108 1578 leitung über di
453 1518 1628 1586 haften Witzes oder unverständlichen Galimathias“. Sein Gesamturteil
1654 1543 2803 1604 Ausschnitt ist die ganze Studie: ein Gemisch von Richtigem und
2806 1548 3117 1613 und Entwicklui
458 1556 1629 1618 faßte er in den Worten zusammen: „Mit welcher Stirn kann ein
1649 1586 2816 1649 Falschem, von recht Naivem und Klugem. Das beweisen auch die
2807 1600 3118 1657 den Mythen di.
458 1588 1630 1667 Mensch solchen Unsinn schreiben und drucken lassen, und wie muß
1637 1629 2814 1678 Schlußzeilen des Hestes die alle Möglichkeiten offen lassen und in
2809 1635 3114 1693 Ausführlichkeitg
465 1618 1639 1695 es in dessen Kopf und Herzen aussehen, der solche Geburten seines
1636 1665 2814 1719 den Worten gipfeln: „Die Annahme ist nicht unberechtigt, daß der
2816 1678 3102 1726 wenden. Dars
454 1671 1638 1725 Geistes mit Wohlgefallen betrachten kann.“ Als ein Kuriosum ersten
1632 1700 2807 1756 Dichter wie wenig andere berufen ist, das moderne deutsche Lust¬
2811 1711 3113 1775 Körperdarstellut
458 1711 1636 1777 Ranges verzeichnet Soffé die Tatsache, daß noch heute — leider sagt
1646 1729 2801 1807 spiel zu schreiben. Doch auch im ernsten Drama wird er uns noch
2809 1750 3137 1808 Schröpfkopf, H#
459 1744 1628 1806 er nicht wo — an einer Bühne die „Räuber“ in der Tracht der
1647 1760 2815 1842 manches zu sagen haben, denn seine Themen sind noch lange nicht
2807 1783 3119 1842 und Patrone d
456 1787 1631 1856 Schiller=Zeit gegeben werden, auf dem Theaterzettel aber die Be¬
1640 1817 2808 1875 erschöpst" u. s. w. Immerhin läßt sich die Monographie zur
2823 1828 3094 1896 schmuck. Die
458 1827 1626 1891 merkung steht: „Das Stück spielt zur Zeit des Kaisers Maximilian,
1645 1855 2809 1925 Lektüre empfehlen, denn abgesehen von den positiven Daten, die sie
2816 1868 3096 1933 Untergruppen,
451 1854 1632 1926 der den ewigen Landfrieden in Deutschland stiftete.“ Eine Art Aus¬
1645 1894 2807 1964 gibt, geht sie auf Schnitzlers Schaffen mehr oder minder gründlich
2820 1916 3102 1961 Material vera
450 1899 1641 1963 grabung bildet „Ein Theaterdirektor in der Provinz“, ein Aussatz, der
1639 1941 2810 2003 ein und rust seine bunten, farbigen Werke wieder ins Gedächtnis,
2814 1944 3122 2007 illustrieren den
459 1941 1639 2008 das Leben und Wirken des längst vergessenen fürstlich Esterhazyschen und
1638 1976 2575 2035 denen man so manche lebendige Stunde froh dankte.
2815 1988 3101 2044 Quellenverzeich
458 1991 1632 2045 späteren Brünner Theaterdirektors Heinrich Schmidt schildert. Soffé
455 2029 1639 2084 benützte bei dieser Arbeit die Biographie Schmidts von Paul
2811 2013 3113 2081 Fleiß und sel
1734 2017 2809 2089 [Maria Gräfin Gneisenau=Bonin. „Requiem.“
2810 2058 3093 2116 Medizin in #
454 2072 691 2135 Schlenther.
1643 2070 2808 2131 Die letzte Aventiure des Herzogs Kindheart=Gant, Berlin. Verlegt
2810 2093 3109 2156 erschöpfend bel¬
556 2087 1637 2156 [„Artur Schnitzler.“ Eine Studie von Josef Karl
1638 2111 2803 2162 von Julius Bard, 1911.] Wenn man die schweren, schwermütigen
2815 2126 3114 2195 Alterium bese
467 2141 1644 2197 Ratislav. Hamburg, Verlagsgesellschaft „Hamburg“ m. b. H.,
1651 2150 2813 2204 Worte dieser Dichtungen liest, hört man wie die Stimme einer
2820 2169 3115 2231 großem Gesch
1645 2186 2816 2240 blonden Frau die sie voll und milde in eine große Stille spricht.
455 2194 1633 2243 1911.] Eine Monographie über Schnitzler. Aber Schnitzler hätte
2820 2210 3143 2285 Leistung stolz E
1651 2230 2816 2281 Es sind Rhapsodien, die etwas gan; Eigenartiges haben, oft sprung¬
465 2224 1646 2283 eine bessere verdient. Der gute Wille ist ja da, der Wille, den
1641 2265 2819 2318 haft und dunkel wie durch Jahrhunderte überlieferte Balladen, die
464 2271 1638 2321 Dichter zu erfassen, und weiter der Wille zur Gerechtigkeit. Aber
2904 2259 3084 2332 (Artur
1650 2296 2814 2359 ihre logischen Uebergänge verloren haben und sie allein ins Gemüt
465 2299 1646 2352 der Stil ist spröd und steif, es fehlt jede Kongenialität mit dem
2825 2301 3105 2368 anstalt, Stutts
1640 2331 2818 2397 versetzen, oft wieder mit suggestiver Bildkraft, die wie ein Fenster
468 2351 1648 2390 Dichter und aus dem Ganzen weht eine Trockenheit, die sich lähmend
2828 2349 3101 2407 und Märchen
1644 2373 2815 2439 auf einen Ausblick, eine Episode, eine Landschaft, eröffnet. Gräfin
465 2379 1639 2439 auf den Leser legt wie die Staubluft eines schwülen Sommertages.
2831 2396 3101 2446 den Namen dee
465 2405 1633 2478 In der allgemeinen Charakteristik sagt Ratislav von Schnitzler, er
1646 2416 2811 2471 Gneisenau ist eine tief moderne Dichterin, aber nicht in Bezug auf
2820 2432 3106 2485 die vorliegend
1634 2440 2812 2513 die Sprache allein — denn das ist Kleid, kann angelernte Manier
469 2464 1640 2510 habe „unier den modernen deutschen Autoren die meiste Verwandi¬
2828 2466 3144 2531 Form geschric
1647 2479 2821 2548 sein, ein Echo anderer Stimmen — sondern in dem Sinne
463 2493 1644 2550 schaft mit den Franzosen. In ihm kommen französischer Esprit und
2823 2502 3137 2568 erraten. Ins
2470 2512 2820 2582 nicht aus dem
465 2539 1646 2589 deutsche Skepsis zu einem angenehmen Ausgleich.... (Im Grunde ist
1637 2528 2488 2598 der ewigen Moderne: die Worte quellen
2815 2551 3094 2602 Briefform ges
1636 2569 2823 2636 kunstsiungen und kunstgeübten Verstand, sondern sie sind
919 2564 1638 2633 erscheint unter der Maske einer
473 2575 936 2647 er Philosoph und oft
2826 2567 3107 2641 nicht als stön.
1654 2593 2823 2662 eine zur Sprache gewordene innere Melodie, wie es Dante von der
971 2605 1639 2676 die ernste Faltenstirn des Philo¬
473 2605 981 2678 leichten, tändelnden Muse
2825 2620 3079 2681 lichen Note
1648 2631 2819 2697 Entstehung seiner Kanzone „Donne ch'avete intelletto d’amore“
466 2644 1643 2702 sophen, der über seiner Darstellung steht, dem diese Dar¬
2823 2663 3086 2725 Ein junger W#
1278 2683 1648 2743 Aus einem Schüler
1642 2657 2825 2741 berichtet: „Danach nun geschah es, daß mich, auf einer Straße
475 2687 1239 2752 stellung nur Mittel zum Zweck ist.
2820 2696 3083 2761 auf ärztliche
1655 2704 2826 2776 begriffen, längs welcher ein sehr heller Bach dahinfloß, ein solcher
467 2717 1648 2786 des Naturalismus hat er sich längst zu einem führenden Meister
2824 2736 3062 2795 Heimatsort
1656 2758 2824 2815 Drang zum Dichten ankam, iß ich die Weise, wie ich es hielte, zu
466 2768 1638 2807 herangebildet.... Seine Technik ist meisterhaft entwickelt, besonders was
2823 2769 3067 2831 drückt, wird
2061 2789 2822 2848 Darauf begann meine Zunge, gleichsam wie
471 2801 1645 2853 die Führung des Dialogs betrifft. Der Einakter ist seine unum¬
1654 2807 2078 2858 überdenken begann....
2832 2810 3074 2873 schreitender ##
1652 2821 2817 2892 von selbst bewegt (quasi come per 80 stessa mossa), zu reden und
465 2840 1642 2897 schränkte Domäne, vor allem der erotische, den er sich selbst als
2818 2851 3099 2917 lichen Alltats
1653 2872 2817 2935 sprach: Frauen, die ihr den Geist der Minne habt. ...“ Dieser
473 2879 1647 2936 ein neues Genre geschaffen hat. Im großen Theaterstück wird der
2822 2893 3108 2954 Neigung zu
1643 2910 2818 2977 geheimnisvolle Ursprung bedingt auch eine unabweisbare Notwendig¬
1508 2909 1642 2970 Auch
472 2914 1525 2964 Dramatiker oft vom Seelenmaler vollständig zurückgedrängt.“
2823 2932 3093 2993 fachsten Ges
1518 2950 1643 3002 seiner
1644 2948 2822 3009 keit der Worte in ihrer Wahl, ihrer Folge. Und sie wollen darum
467 2948 1517 3018 Schnitzlers ursprünglicher Arztberuf und der Einfluß
2831 2975 3107 3035 der Schwell
1644 2975 2834 3045 nicht allein gelesen, sondern gehört werden; das verlebendigt sie in
1518 2992 1657 3053 Josef
465 2980 1521 3051 Rassenzugehörigkeit wird nach Gebüyr erwähnt. Herr
2825 3012 3032 3069 Arzt nach
1645 3007 2832 3083 weit höherem Maße als andere Verse. Unverkennbar ist die Verwandt¬
479 3033 1637 3087 Karl Ratislaw gruppiert Schnitzlers Werke nach ihrer inneren Zu¬
2822 3033 3058 3107 einer mög
1640 3053 2821 3134 schaft mit Rainer Maria Riltes Dichtart. Aber Gräfin Gneisenau ist un¬
477 3073 1648 3131 sammengehörigkeit, und das mag man hinnehmen, obwohl ja über
2818 3086 3055 3146 Täuschung;
1654 3099 2818 3158 g eich parsamer mit ihren Wort n, während Rilke sie bis zur Unerträglich¬
3064 3102 3117 3175 00
467 3105 1648 3164 das Zutreffen dieser inneren Zusammengehörigkeit die verschiedensten
2829 3125 3061 3188 entsagen un
1645 3131 2822 3196 keit wiederholt. Eine engere Beziehung läßt sich vielleicht zwischen
480 3154 1639 3204 Ansichten denkbar sind. Wie handelt nun abev Herr Ratislaw
2820 3164 3078 3223 neugewonn
1639 3176 2811 3246 Rilies „Weise von Liebe und Tod des Cornets Christoph Rilke“
464 3192 1639 3242 in dieser Gruppierung die einzelnen Werke ab? Hier ein Bei¬
2833 3205 3069 3268 gerade vor
1649 3203 2814 3273 und der „Letzten Aventiure des Herzogs Kindheart Gant“ auf¬
475 3230 1643 3286 spiel: „Der Weg ins Freie“, sagt er, „ist in erster Linie ein Be¬
2835 3239 3115 3313 schmetternds
1649 3239 2821 3317 weisen. Doch besteht völlige Freiheit. Gräfin Gneisenau veröffentlicht
475 3260 1640 3317 kenntnisroman. Der Dichter und der Mensch Schnitzler reichen
2829 3274 3115 3342 Held — „1
1638 3286 2819 3353 nur wenige Bücher. Das erste war das köstliche, schmale Buch „Aus
472 3309 1640 3360 sich die Hände und die Vereinigung von Leben und
2838 3295 3131 3374 Er hat mit
1652 3331 2814 3388 dem Tal der Sehnsucht“, dem an dieser Stelle einige Worte ge¬
464 3343 1641 3401 Schafsen, von künstlerischem und menschlichem Empfinden ist eine
2821 3347 3097 3424 genommen #
744 3400 2816 3435 Der Weg ins Freie ist auch ein Wiener Roman.widmet werden konnten. Es gab wunderbar lustige Gesichte, die an
469 3385 741 3446 vollkommene.
474 3406 3073 3496 Ich möchte aber nicht behaupten, daß Schnitzler mit diesem Werte Bilder von Puvis de Chavannes gemahnten, so unleibhaft zatt, I erinnerunger
1182 3529 1600 3721 . fl.
2999 4115 3115 4176 AU
2722 4134 2813 4182 ———
