3344 4352
843 253 1300 351 box 37/5
154 260 789 364 2. Cuttings
713 1353 1047 1424 Vertretungen:
311 1400 1403 1456 in Berlin, Basel, Budapest, Chicago, Cleveland, Christiania,
310 1454 1399 1515 Genf, Kopenhagen, London, Madrid, Mailand, Minneapolis,
319 1488 1401 1564 New-Vork, Paris, Rom, San Francisco, Stockholm, St. Peters¬
717 1531 1009 1588 burg, Toronto.
607 1572 1107 1637 (Quellenangabe ohne Gewähr.)
315 1616 1155 1731 Ausschyitt aus: Dle Get, Wien
565 1692 961 1779 AUFUST 1912
311 1736 453 1789 vom:
466 1748 526 1835 1
1159 1815 1347 1870 gas
1061 1849 1135 1907 ——
645 1877 1066 1963 Arthur Schnitzler.
373 1920 1358 2034 Von Dr. Iülius Kapp. Leipzig. Tenienverlag.
396 2004 1333 2082 Eine vielleicht trockene, aber sehr verdienstliche und
364 2044 1327 2111 vor allem sehr orientierende Arbeit. Neues wird
371 2076 1333 2155 gerade nicht geboten, wenig, das man nicht schon
356 2127 1327 2192 wüßte, nicht schon da und dort gelesen hätte, aber
436 2155 1319 2216 ist sehr angenehm, das gediegene Resümee zu
367 2189 1318 2267 lesen und manche beschwerliche Arbeit selbst zu er¬
370 2227 1323 2310 sparen. Das Urteil des Verfassers über Schnitzler
361 2265 1315 2347 ist immer von aufrichtiger Liebe und kritischer Ehr¬
366 2306 1316 2389 lichkeit diktiert, und man kann jedes einzelne voll¬
360 2346 1317 2425 inhaltlich unterschreiben. Abgesehen davon, daß man
357 2383 1312 2453 nur schon das Gerede von der Wiener Schule von
339 2430 1312 2505 anderer Seite her überall hat und die Einleitung,
338 2469 1313 2541 die von diesem Kapitel handelt, zu sehr bessere
340 2501 1310 2580 Literaturgeschichte, zu sehr überkommene Schablone
339 2546 1299 2621 und übernorimene Schlagworte enthält, ist das Buch,
333 2569 1299 2652 wie gesagt, präzis und ehrlich, knapp und übersichtlich
333 2620 1309 2698 und wird besonders wertvoll dadurch, daß es sonst
339 2649 1303 2742 nur schwer zugängliche Jugendarbeiten Schnitzlers
332 2688 1302 2760 in beinahe vollstandigen Auszügen gibt und auch eine
325 2738 1292 2819 Kritik der letzten novellistischen Arbeiten Schnitzlers,
333 2768 1296 2860 deren Beurteilung dem Autor des vorliegenden Büch¬
324 2807 811 2883 leins völlig gelungen ist.
356 2853 552 2914 Wien.
880 2865 1352 2976 Erwin O. Kraus-
2157 908 2858 999 Bitte, Rückseite beachten ! !
2678 967 3045 1070 Telephon 12.601:
2109 1073 2804 1213 „OBSERVER“
1953 1193 3054 1286 . Asterr. behördl. ksez. Unternehmen für Zeitungs-Ausschnites
2089 1253 2931 1345 Wien, I., Concordiaplatz 4.
2290 1330 2718 1403 Vertretungen
1960 1380 3048 1450 in Berlin, Budapest, Chlcago.-Christianla, Genf, Kopen¬
1958 1443 3037 1494 kegen, London, Madrid, Maifand, Minneapolis, New-Yorh.
1993 1472 2981 1541 Parie, Rom, San Francisco, Stockholm, St. Petersburg.
2423 1513 2715 1568 gabe ehme Gowürig.
1948 1563 2244 1649 Ausschaltt
2098 1600 2973 1709 7 3·IENER ABENDPOST
1934 1681 2085 1753 ven:
1843 1714 2873 1797 Cr. Julius Kapp: „Artur Schnitzler.“ Leipzig,
1827 1797 2874 1849 Lenten=Verlag.) Zwaugig=Fahree Rm dürchschlagenden
1829 1842 2879 1905 Erfolge des „Anatol“, steht die Gestalt Artur Schnitzlers
1828 1888 2871 1938 im Vordergrund unseres literarischen Lebens. Unbekümmert
1838 1956 2881 2003 um der Menge Beifall und Mißgunst strebt der eigenartige
1822 1994 2880 2046 Tichter auf eigenen neuen Wegen zur Höhe. Auch in
1828 2040 2878 2103 Deutschland erfreut er sich einer immer anwachsenden Schar
1822 2089 2878 2138 von Bewunderern, die ihn jedoch nicht wie die meisten
1829 2138 2877 2213 österreichischen Dichter als Unterhaltungs=Schriftsteller be¬
1828 2176 2883 2259 trachten, für die man, wie Hermann Bahr sagt, stets ein
1826 2241 2868 2305 Kompliment oder eine Entschuldigung bereit hat, die
1826 2302 2875 2354 aber nicht strenge behandelt oder ernst genommen werden.
1830 2338 2874 2398 Am 15. Mai d. J. hat Schnitzler sein 50. Lebensjahr
1838 2395 2881 2450 vollendet. Da hielt man es an der Zeit, einen Rückblick auf
1830 2438 2870 2504 die Lebensarbeit dieses Mannes in ihrer Gesamtheit von
1835 2449 2980 2561 den ersten Anfängen bis zu seinen jüngsten Schöpfungen
1828 2539 2874 2582 zu unternehmen, sie kritisch=ästhetisch zu werten. Die vor¬
1827 2582 2875 2659 liegende ausführliche Monographie Kapps, der sich bereits
1828 2637 2874 2688 als Verfasser einer Studie über Frank Wedekind sowie durch
1841 2690 2884 2750 seine grundlegenden Arbeiten über Franz Liszt und Richard
1837 2738 2881 2807 Wagner weiten Kreisen bekannt gemacht hat, skizziert vorerst
1824 2793 2887 2868 die Entwicklung der modernen österreichischen Literatur¬
1853 2875 2910 2942 bewegung und läßt das plastische, wohlbegründete Schnitzlersche
1857 2914 2895 2984 Kunstwerk sich gleichsam herauskristallisieren. In chrono¬
1860 2964 2889 3035 logischer Reihenfolge ziehen sämtliche dramatischen und Prosa¬
1861 3015 2888 3084 werke des Dichters mit ausführlichen Inhaltsangaben
1851 3066 2899 3135 vorüber, wobei unparteiische kritische Würdigungen und Be¬
1854 3101 2887 3183 trachtungen den Leser zu selbständigen Urteilen und Ver¬
1863 3156 2898 3214 gleichen anregen. Besonderen Wert und erhöhten Reiz er¬
1856 3209 2899 3309 hält das Buch noch dadurch, daß die für die Anfänge des
1850 3264 2884 3343 Dichters so wichtigen, aber bisher in der längst ein¬
1850 3319 2875 3368 gegangenen Zeitschrift „An der schönen blauen Donau“
1851 3366 2889 3442 vergrabenen Jugendarbeiten einer eingehenden Betrachtung
1842 3409 2885 3486 unterzogen sind, eine nicht unwillkommene Ergänzung zu
1850 3450 2877 3520 der jüngst veranstalteten Ausgabe der „Gesammelten Werke“.
1842 3501 2896 3588 (Verlag S. Fischer, Berlin). Eine kurze Lebensskizze nebst
1838 3559 2879 3632 Aufzählung der Werke und ein Überblick über frühere
1843 3606 2883 3689 Würdigungen der Schnitzlerschen Kunst beschließen das mit
1843 3656 2517 3723 dem Bilde des Dichters gezierte Buch.
2653 3656 2890 3755 A. v. S.
