3344 4256
201 208 799 313 2. Cuttings
896 211 1358 297 box 37/5
1282 737 2143 807 Die Neugestaltung des deutschen Zivilprozesses
921 739 1049 837 306
921 864 2513 923 und Beobachtungstatsachen geliefert haben. Gerade den Traum, dieses so
925 922 2509 985 wunderbare Phänomen, hat die Wissenschaft sehr stiefmütterlich behandelt. Doch
927 982 2507 1052 das Problem der Deutbarkeit ist gar nicht das zuerst zu lösende. Es sind die
925 1044 2509 1105 Probleme der Vorstellungsverdichtung, des Zeitmaßes, der dramatischen Spaltung
915 1105 2507 1157 des Ich und viele andere, die zunächst ungleich wichtiger sind und im Zusammen¬
919 1180 2493 1234 hang mit dem somnambulen Tiesschlaf, dem Nachtwandeln, dem Wahrträumen usw.
924 1227 2500 1293 viel tiefer ins Unbewußte führen. Dabei dürfen nicht aus zünftlerischem Hochmut
923 1282 2501 1342 die Untersuchungen einees so hochbegabten Kopfes wie du Prel etwa nur deshalb
923 1343 2497 1394 beiseite gelassen werden, weil er zu okkultistischen Ergebnissen kam. Was du Prel in
926 1399 2506 1471 seiner „Philosophie der Mystik“ schon 1885 zur Traumforschung beigetragen
919 1474 2498 1527 hat, ist auch für den, der ihm ins Mystische nicht folgen will oder kann, be¬
916 1515 2496 1575 deutend wertvoller als die Freudsche Traumdeutung. Dasselbe gilt von seinen
913 1592 2493 1650 Forschungen zur „Psychologie der Lyrik“ und damit des künstlerischen Schaffens
919 1641 2503 1709 überhaupt gegenüber den Freudschülern. Die Freudschen Träume und die seiner
918 1699 2503 1764 Schüler über die Träume und über die Dichterträume im besonderen sind eine
917 1766 2499 1824 wissenschaftliche Frühgeburt. Oder sollten sie am Ende nur eine Schelmerei
920 1810 2506 1877 sein? Sollten Sexualität und Erotik kraft der Verschiebung vom Hauptsächlichen
914 1892 2508 1938 aufs Nebensächliche, in diesen Träumen über Träume mit Freud und mit uns
910 1941 2496 2005 nur ein loses Spiel getrieben haben? Dann ist es zur Aufhellung dieser Traum¬
907 1983 2513 2053 tücke durch die richtige Deutung höchste Zeit, und die wahre Traumwissenschaft
916 2046 1330 2133 kann beginnen. ...
1991 2120 2578 2284 W
1494 2233 1881 2355 S
976 2529 2418 2615 Die Neugestaltung des deutschen Zivilprozesses
1205 2611 2193 2689 Anregungen aus Anlaß des Richter= und Anwalttages
1364 2678 2038 2748 Don Amtsrichter Karl Häuschkel
1607 2739 1788 2823 (Schluß)
1009 2821 2502 2891 Die Grundzüge des künftigen Zivilprozeßverfahrens wären hiernach etwa
898 2878 1115 2955 folgende:
1008 2934 2483 3006 Der Richter teilt die Klageschrift, über deren Erfordernisse bereits gesprochen
910 3011 2488 3068 worden ist, dem Beklagten mit, unter der Aufforderung, sich in der gesetzlichen
908 3059 2478 3123 Frist — die aber auf Antrag des Klägers verlängert werden kann — zu
1642 3108 2488 3191 daß bei Versäumung der Frist Zahlungs¬
897 3115 1631 3191 äußern, und unter der Androhung,
897 3187 2493 3243 befehl ergehen wird, gegen den es kein Rechtsmittel mehr gibt. Schweigt der
1639 3225 2494 3300 Eine etwa eingehende Erklärung des Be¬
905 3232 1621 3309 Gegner, so ergeht Zahlungsbefehl.
892 3320 2498 3366 klagten, daß er dem Begehren des Klägers widerspricht, ist dem Kläger mit¬
3285 4110 3352 4177 2
