3344 4352
1829 59 1901 155 W
172 107 778 175 ner Charalterspieler vom
770 142 1977 202 ist durch „La massière“ durch glücklichste Exemplifizierung
1975 147 3185 196 rungenen Vermögen die Papiere eines im Elend verstor¬
158 162 775 234 nit einer schlecht zusammen¬
770 180 1973 250 in ein Kunstwerk umgesetzt worden. Leider verschwendete
1971 192 3185 252 benen Aristokraten kauft und als eleganter, schöner, tadel¬
165 217 778 272 ekommen und hätte den wan¬
788 229 1984 302 haller als Vater Marèze seine tiesdringende Kunst,
1967 244 3185 306 loser „Graf Festenberg“ die Komtesse Laurentin hei¬
155 259 776 322 Den alten Marêze in Jules
776 270 1975 351 Lili Marberg als Juliette ihre Schönheit und ihre dis¬
1973 289 3199 361 ratet, die er vor Jahren, noch als Kellner, kennen und lieben
162 306 772 372 médie „La massière“ vor¬
755 301 1978 417 krete Anmut vergebens an ein Publikum, das seinen schlech¬
1974 339 3199 416 gelernt hat Am Ziel seines Lebenskunstwerks wird er von
170 354 775 428 iderung der Snobs groß und
760 360 1684 437 ten Tag hatte und nicht mitgehen wollte.
1973 393 3202 446 einem eifersüchtigen Cousin seiner Frau gestürzt, als Hoch¬
158 399 775 463 heiten des Dialogs und der
845 412 1974 493 Mit größerer Berechtigung konnten sich die Gäste des
1970 435 3195 506 stapler der Polizei ausgeliefert. Aber noch in den letzten
168 448 773 516 ohne Grenzen gewesen, wie
770 442 1973 551 Volkstheaters gegen das Rühr= und Tendenzstück „Aller¬
1973 494 3198 539 zehn Minuten vor Ankunft des Kommissärs zeigt er in der
166 496 776 573 e“ von Suzanne Désprés
769 509 1975 583 seelen“ von Hermann Heijermans wehren. Es ist
1966 521 3195 589 Erzählung dessen, wie alles kam mehr Vornehmheit und
175 534 773 620 Weil „La massière“ aber
772 561 1975 643 heute über jeden Zweifel hinaus entschieden, daß Heijermans
1974 578 3199 635 persönlichen Adel als der Cousin, dem die Gräfin zuletzt
165 604 770 669 6 und weil „nur“ unser vor¬
768 606 1975 684 die Hoffnungen auf reichen Segen, die man nach seinem
1963 628 3196 684 nur ein verächtliches: „Du Schuft!“, zuschleudert. Der Kell¬
164 642 769 717 eife Kunst in den Marèze
769 659 1975 731 Eintritt in die Literatur auf ihn setzte, nicht erfüllt hat und
1967 682 3207 745 nergraf hätte es leicht gehabt, den gräflichen Namen gesetz¬
158 689 768 767 den die Komödie konstruiert
764 701 1978 791 nie mehr erfüllen wird. Heijermans ist einer mehr aus der
1971 718 3192 778 lich zu erhalten; von der fast ausgestorbenen Linie der
171 748 780 809 t dem redlichen Stück Arbeit,
771 760 1971 825 großen Zahl jener Beklagenswerten, die durch einen, mehr
1968 774 3205 837 Festenbergs lebt nur ein alter Spieler in Monte Carlo, der
163 798 775 858 ohne Erbarmen fallen. Arme,
767 804 1978 887 dem Zufall als eigenem Können geschuldeten glücklichen
1974 824 3195 903 unseren Mann öfter angepumpt hat und gewiß auch gern
160 842 773 902 e! Sie fragen, was das ist,
766 853 1977 932 Wurf die Blicke der nach einem dramatischen Messias sehn¬
1973 881 3202 930 adoptiert hätte ... Das Thema dieser Komödie ist ganz
164 897 763 952 ädchen, das dieses Ehrenamt
767 900 1974 977 suchtsvoll auslugenden Menschheit auf sich lenkten und dann
1976 907 3205 982 und gar nach Saltens Herzen, der, selber Selfmademan und
168 930 767 1006 einer das nämliche fragenden
762 946 1972 1009 unter ihrer Aufgabe und unter den fragenden Blicken er¬
1961 968 3197 1024 Autodidakt, sich in verschiedenen Berufen betätigt und aus
162 992 764 1051 e élève chargée de garder
756 999 1975 1078 schöpft zusammenbrachen. Die Fischertragödie „Die Hoff¬
1975 1017 3197 1073 eigener Kraft den Namen des brillantesten Wiener Jour¬
154 1047 768 1110 Eiment, de distribuer les
770 1056 1970 1121 nung auf Segen“, die ihren Siegeszug zu einer Zeit an¬
1960 1068 3192 1124 nalisten neben Bahr erworben hat. Hinterher entdecken wir
166 1078 768 1160 ordre etc.“ Diese Erklärung
763 1096 1981 1179 trat, wo der Naturalismus und seine Vertreter bereits zu
1967 1101 3204 1176 wohl, daß diese Eheschließung, ebenso wie das untadelige
165 1138 767 1207 sten Szene des ersten Aktes,
765 1150 1976 1224 weichen begannen, ließ eine Nachblüte, eine Nachernte er¬
1968 1153 3193 1228 Benehmen des Kellners, seine Aphorismen und die Abley¬
159 1188 768 1250 des berühmten Malers Ma¬
763 1196 1970 1268 hoffen. Doch ward diese Hoffnung enttäuscht. Alles, was
1971 1190 3211 1283 nung eines ihm angebotenen Rittergutes recht unglaub¬
148 1233 773 1297 ist. Unter seinen zahlreichen¬
755 1242 1970 1312 Heijermans nachher aus dem kleinen Holland ins große
1959 1253 3218 1326 würdig und theatralisch sind. Noch stärker sind unsere Hin¬
162 1284 760 1351 uy sein Liebling und sie ge¬
758 1291 1972 1358 deutsche Land sandte, versagte, war null und nietenhaft.
1962 1301 3199 1368 terher=Erwägungen nach dem zweiten Stück, betitelt „Der
153 1329 759 1400 Vertrauensstellung. Sie führt
756 1339 1974 1407 Mühsam und mühselig versuchte Heijermans, die launische
1969 1352 3217 1417 Ernst des Lebens“ Ein berühmter Arzt, nebenbei ein
167 1384 768 1440 kethode des Meisters ein, sie
753 1387 1974 1440 Menge, deren berauschenden Jubelruf er einmal verkostet
1968 1386 3197 1474 richtiger Plebejeremporkömmling, stellt seinem aristokrati¬
151 1430 764 1493 Meisters mit seinen anderen
752 1434 1982 1504 hatte, neuerdings zu zwingen. Dabei schreckte er vor keinem
1974 1450 3196 1517 schen Schwager, einem genießenden Lebenskünstler, die
163 1478 761 1538 r Abwesenheit die Oberauf¬
760 1484 1970 1545 technischen Mittel zurück. Einmal probierte er es mit einem
1972 1481 3201 1567 Diagnose, daß er nur noch sechs Monate zu leben habe und
173 1530 756 1595 auch zweimal in der Woche
751 1531 1973 1601 noch konsequenteren Naturalismus; umsonst! Das Publi¬
1971 1548 3189 1612 will dem Zerschmetterten etwas von sittlicher Kraft und
162 1575 760 1648 Privatwohnung besuchen und
753 1584 1975 1650 kum zog sich vor der Absichtlichkeit verstimmt zurück. Dann
1957 1597 3190 1657 männlicher Gefaßtheit vorschwätzen. Daraufhin sperrt der
149 1624 770 1699 rinnen zur Korrektur vor¬
750 1630 1972 1698 versuchte er es mit einer, bei der durchschnittlichen liberalen
1971 1641 3200 1716 Aristokrat das Zimmer ab, nimmt seinen Revolver heraus
155 1672 757 1737 nd schlägt sich mit Stunden¬
757 1679 1968 1751 Theatermenge und der durchschnittlich liberalen Theater¬
1961 1690 3190 1739 und eröffnet dem Schwager, er werde ihn binnen fünfzehn
159 1716 760 1787 elt, zugleich sich, ihre verwit¬
751 1734 1969 1783 kritik eines gewissen Wohlwollens sicheren Tendenz und
1967 1737 3192 1812 Minuten niederschießen, um dieses „Gefaßt=Sterben“ von
159 1773 753 1837 en Bruder versorgend. Aber
751 1779 1961 1842 benutzte die Schaubühne, um auf ihr Freisinn und Auf¬
1960 1784 3197 1862 ihm zu lernen. Natürlich bricht der Phraseur jämmerlich
154 1820 748 1885 nd fröhlich und das gefällt
754 1827 1965 1894 klärung zu predigen. Aber auch das schlug fehl: dem un¬
1961 1838 3190 1902 zusammen und der vom Schicksal zum Tod verurteilte Ari¬
175 1863 755 1939 fünfundfünfzig Jahre auf
752 1877 1966 1948 gebetenen, unerwünschten, unzeitgemäßen Vorkämpfer wurde
1969 1886 3187 1954 stokrat läßt ihn achselzuckend laufen, als die Uhr die Vier¬
160 1905 754 1991 ib sowie einen erwachsenen
747 1931 1965 1991 klar gemacht, wie weit der Abstand zwischen seinen gutge¬
1958 1934 3187 1995 telstunde schlägt. Für den Zuschauer ist diese Viertelstunde
171 1962 762 2045 ees ahnt, unterstützt Marèze
748 1980 1966 2034 meinten, jedoch schlechtgelungenen Produkten und einem
1966 1989 3184 2064 so aufregend, so nervenrüttelnd, so furchtbar, daß einzelne
159 2006 760 2093 durch den fingierten (aus
749 2024 1964 2089 weisen Nathan sei, worauf ihm die Tür gewiesen wurde.
1959 2036 3192 2096 Frauen dem Theater entflohen. Wenn aber die Gefahr vor¬
164 2058 755 2132 nes ihrer Bilder und, ohne
752 2073 1966 2131 Nun griff Heijermans zu einem letzten, zur Erreichung
1958 2087 3195 2158 über ist, dann urteilen wir nicht sehe mild über unseren
169 2121 752 2184 hdabei nach und nach in die
750 2121 1961 2188 seines Zweckes völlig untauglichen Mittel, er vereinigte die
1964 2135 3189 2208 Schrecken und dessen Urheber, den Schöpfer des grauenvollen
154 2163 763 2245 er Frau Juliettens häufige
754 2173 1968 2248 freisinnige Tendenz mit einem pathetischen, papiernen Dra¬
1956 2169 3185 2255 Effektes. Und wir erinnern uns jener Beate in „Es lebe
153 2196 751 2271 me Mareze, die gegen Ju¬
745 2217 1970 2284 menstil, wie er so schwulstig und lebenswidrig selbst in den
1956 2224 3193 2298 das Leben“, die fünf Akte lang zwar nicht von einem Pisto¬
174 2252 757 2326 hat, verbietet ihr kurzweg
750 2252 1968 2325 bösesten Zeiten nachschillerschen Epigonentums auf deutschen
1965 2282 3191 2355 lenschuß, dafür aber vom Herzschlag bedroht ist. Verschwin¬
171 2306 757 2382 tbei dieser Szene nicht zu¬
746 2320 1960 2384 Bühnen nicht zu gewahren war. So ist das dreiaktige Stück
1957 2324 3194 2414 dend gering sind unsere Bedenken nach dem fröhlichen Aus¬
153 2359 755 2434 doch kommt dazwischen und
754 2370 1957 2441 „Allerseelen“ — ein Spiel nennt es der Autor mit gezierter
1957 2383 3190 2442 klang, der „Auferstehung“. Hier, wo er verwegen,
152 2406 750 2480 slose arme Kleine in ritter¬
743 2416 1957 2479 Affektation — entstanden, das im Volkstheater genau zwei¬
1951 2430 3187 2490 witzig, frech, übermütig sein kann, ist Salten in seinem
159 2444 760 2526 es und Juliette im zweiten
754 2462 1964 2525 mal gegeben werden konnte, am Allerheiligen= und am
1960 2481 3190 2541 Element und restlos Herr der Situation. Es war einer von
165 2509 759 2580 kein Wunder, daß der Sohn
760 2505 1974 2572 Allerseelentag 1907. Es läßt sich übrigens die Vermutung
1952 2522 3185 2592 den Arzten aufgegeben und er hat sich auf dem Totenbett
159 2543 761 2637 hieden begründetem Entsetzen
742 2566 1956 2630 schwer abweisen, daß dieses unfrohe Spiel zu einer Zeit,
1952 2565 3196 2636 mit einem Mädel trauen lassen, von dem er, der verstockte
151 2600 764 2675 ärt, er wolle, müsse, werde
748 2596 1959 2667 als der Name Heijermans noch mehr Geltung besaß, er¬
1945 2611 3193 2690 Ehe= und Kinderfeind, vor zwölf Jahren ein Kind gehabt
163 2646 750 2720 und letzten Akt stellt sich
756 2644 1959 2737 worben und jetzt nur bei günstiger Gelegenheit, am offi¬
1951 2663 3184 2725 hat. Dieses Mädchen lebt samt dem Kinde schon sieben Jahre
142 2693 750 2768 #cques noch kein Liebeswort
747 2714 1954 2777 ziellen Tag der Rührung, des Ernstes, der Ergriffenheit ab¬
1953 2706 3182 2792 lang mit einem anderen Mann, der in eine solche Toten¬
154 2752 755 2823 it ist, zu verzichten, um dem
750 2762 1952 2819 gestoßen wurde. Eine Inhaltsangabe verlohnt kaum der
1957 2769 3171 2822 betttrauung nur der Erbschaft wegen willigt. Wider alles
154 2788 766 2868 erz zu ersparen. Dieses Opfer
752 2810 1952 2870 Mühe. Es sind zwei Pfarrer da, ein edler, toleranter und
1952 2813 3193 2887 Erwarten genest der Todeskandidat und erregt dadurch
170 2860 749 2917 d nach mancher zarten, feinen
745 2856 1963 2917 ein eifernder, intoleranter. Der edle öffnet einer schwan¬
1943 2850 3183 2928 lauter Verdruß und Arger. Nicht nur bei seiner nunmehri¬
158 2891 756 2976 denklichen, weltweisen Wort
752 2905 1959 2976 geren Landstreicherin den Pfarrhof in ihrer schwersten
1964 2919 3167 2978 gen Frau und ihrem Kind, die sich zu dem anderen „Vater“.
163 2951 750 3022 ein Paar, während Vater
748 2941 1958 3016 Stunde, wofür er auf eine Anzeige des unedlen hin vom
1949 2961 3174 3021 zurücksehnen, nicht nur bei dem in seinen Erb=Erwartun¬
156 2992 757 3074 igung einen freigewordenen
740 3003 1962 3066 Amte suspendiert wird. Und zum Schluß holt sich der Lieb¬
1957 3017 3186 3065 gen und in seiner Häuslichkeit sehr gestörten Manne, son¬
150 3053 751 3115 des beauxarts“ bekommt.
739 3055 1961 3122 haber sein Mädchen, nachdem das kaum geborene Kind wie¬
1953 3059 3179 3138 dern auch bei seinem besten Freund, der sich inzwischen
152 3087 742 3165 g leiser Wehmut schließt das
751 3103 1958 3163 der gestorben ist, und das volkstümlich=pantheistische Pärche.
1945 3096 3196 3176 mit seiner, des Sterbenden, letzter Geliebten getröstet hat.
170 3147 750 3214 dem resigniert und traurig
751 3133 1943 3209 sagt beim Abschied zum Pfarrer: „Sie gehören zu uns.“
1959 3145 3184 3229 Das wird gedankenvoll und ergötzlich zu dem Ende geführt,
147 3202 745 3262 erlauf der Handlung immer
748 3178 1958 3263 Bibelpredigten, die nicht auf der Kanzel, und philosophische
1953 3204 3178 3272 daß der Nichtgestorbene alle Legate seines Testaments an
158 3243 752 3314 te“ gesprochen hat, sagt die
748 3255 1955 3315 Deklamationen, die nicht ex cathedra oder äußerstens im
1953 3258 3178 3320 Freund, Frau, Kind und Geliebte einlöst und dann auf
142 3279 752 3373 keinen Nachsommer nachsichtig
748 3297 1954 3365 Volksbildungsverein vorgetragen werden, verfehlen ihren
1950 3305 2272 3371 Reisen geht.
150 3330 495 3409 vre Marèze!“
746 3350 1960 3410 Zweck. Auch wenn sie von einer so warm überredenden Für¬
2033 3348 3180 3419 Einer der begabtesten Köpfe unter den Berliner Kri¬
156 3374 746 3460 nnt, daß Lémaitre Kritiker,
745 3400 1951 3475 sprecherin, wie es Fräulein Hannemann ist, gesprochen
1945 3405 3166 3473 tikern, Felix Poppenberg, hat mit nicht zutreffender
751 3451 964 3518 werden.
165 3434 751 3509 t und auf diesem Wege Ein¬
1960 3440 3155 3504 Schärfe die Einakter als „Wiener Künste aus zweiter Hand“
150 3484 760 3567 n hat. Darum haben sie an
822 3469 1947 3563 Gegen Saltens drei Einakter „Vomandern Ufer“
1948 3503 3170 3579 verurteilt und Salten einen Augenblicksdramatiker genannt,
155 3537 753 3608 eglaubt und diesem Schau¬
741 3511 1952 3610 in Buchform vor wenigen Tagen im Verlag S. Fischer
1955 3553 3177 3625 einen „dramatischen Feuilletonisten, geschickt, fingerfertig,
147 3579 752 3655 csal bereitet als die Pariser
740 3598 1954 3662 in Berlin erschienen, wo auch im Oktober (mit Bassermann
1942 3585 3168 3660 unbedenklich, stets zweckbewußt auf Trumpf und Bluff aus“.
155 3617 749 3706 1905. Wenn bei Premieren
749 3644 1948 3700 in den drei Verwandlungen des am andern Ufer Gelandeten)
1953 3648 3167 3712 Seine Uhren seien Attrappen mit einem Schlagwerk, sie
162 3684 760 3752 wäre, ob der Verfasser ein
746 3691 1945 3751 die Uraufführung stattfand, — gegen Saltens Zyklus hätte
1946 3688 3175 3761 läuteten Sturm, wenn am Faden gezogen werde, aber sie
155 3716 745 3790 sei, dann hätten die Wiener
746 3741 1941 3797 das Publikum die gleichen Einwendungen erheben können,
1957 3745 3182 3833 hätten kein eigenes organisches Räderwerk. Und dann sei
153 3783 747 3850 Dichtung“ kann beim „Schütz¬
741 3784 1955 3840 wie gegen Lémaitre. Auch hier ein Monn von Geist, ein
1949 3792 2554 3863 der Lehrmeister zu kenntlich:
147 3824 756 3895 en als etwa bei einem Effekt¬
740 3830 1958 3897 Mann von Talent, ein Kritiker und Theoretiker, so recht
2020 3838 3163 3920 „Die nachdenklichen Themen Artur Schnitle#s,
136 3870 745 3952 e, Dumas fils, Feuillet oder
752 3891 1955 3947 das, was man einen grundgescheiten Kerl nennt, aber sicher
1945 3889 3182 3964 die Vorstellung von Lebens=Komödianterei und Rollenspiel,
144 3930 3169 3994 stück hat andere, sehr beach= kein Dichter. Auein diesmal hatte das hudralöpfige Unge= mit dem trügerischen Durcheinandergleiten von Wahrheit
165 3968 3169 4067 sind doch sonst gerade die #### # eimaun jnst keine Lust, ging vielmehr mit dem und Lüge nimmt; auf, und jene Gedanken der „lebendigen
