3392 4352
808 228 1274 353 box 37/3
120 251 716 367 2. Cuttings
450 430 799 664 Teedul
790 476 1192 742 „Mrct
1221 567 1467 783 00
1973 1104 2340 1231 R
2512 1133 2933 1270 s3e
1005 1125 1969 1351 ONN
2127 1219 2282 1306 des
1261 1420 1365 1522 —
2932 1404 3301 1571 — (O
1381 1426 2790 1559 " Sagesien
832 1532 960 1641 *
552 1593 667 1680 *
785 1618 3294 1730 aus Mähren und Schlesien.
1635 1782 2706 1881 Samstag den 12. September 1903.
533 1794 866 1881 Nr. 425.
2451 1845 2544 1926 Penenen
1433 1848 1585 1944 Keneneen enene
462 1851 564 1946 1
2783 1894 3304 1981 haber, dem die Schwäch
1615 1915 2790 2005 Gegebenen abfinden und sich mit moralischen Defekten recht
2786 1963 3295 2038 flüchtet vor der überlege
1613 1978 2299 2041 und schlecht durchs Leben schlagen.
555 1922 1485 2065 Moderne deutsche Dichtergestalten.
2860 2014 3298 2082 In einer Reihe von
1697 2008 2792 2084 Zu einer so vollen geschlossenen dramatischen Wirkung,
897 2048 1179 2126 (Neue Folge.)
2789 2059 3298 2133 rischer Farbe gespielt;
1605 2074 2793 2142 die sich auslebt, ohne zu zersplittern, zu einem Stücke von
2793 2115 3299 2181 ein unheimliches Bild au
718 2100 1332 2196 Von Prof. Dr. Alfred Klaar.
1620 2123 2793 2188 so starkem, natürlichem Atem hat es Schnitzler kaum später
2792 2154 3308 2232 zösischen Revolution gebe
1615 2170 2790 2236 wieder gebracht, wenn auch seine Virtuosität in der Zu¬
790 2173 1265 2277 Artur Schnitzler.
2786 2215 3299 2289 sode aus dem Leben d#
1625 2226 2791 2290 spitzung und überfeinerung der Bühneneffekte seither gewach¬
929 2249 1137 2326 (Schluß.)
2786 2259 3311 2333 an Bohème und Prole
1621 2272 2793 2341 sen ist. In den beiden Schauspielen, die sich an „Liebelei“
2790 2308 3302 2376 herandrängt; in „Para
507 2288 1617 2380 Schon an dieser ersten Arbeit Schnitzlers, dem „Ana¬
1626 2309 2789 2382 anreihten, klingt der Vorwurf der schutzlosen „kleinen Mäd¬
2786 2358 3292 2428 verschriene Gelehrte des
427 2365 1615 2426 kol“, zeigt sich, wie lächerlich es ist, ihn nach der Schablone,
1620 2371 2786 2437 chen“ in Variationen nach. „Vorwurf“ in mehr als einem
2794 2407 3291 2472 des natürlichen Zaubers,
426 2427 1620 2480 weil er modern ist, den Naturalisten beizugesellen.
1617 2419 2796 2488 Sinne des Wortes — Anklage gegen die Gesellschaft, dia¬
2795 2443 3304 2534 demütigt und die Frauen
439 2470 1617 2532 Die Seele all er Gespräche ist die Pointe, die mindestens
1616 2476 2801 2532 lektisch vielleicht noch kunstvoller als in „Liebelei“, aber nicht
2797 2509 3303 2574 mit dem Dolche“ ve
433 2517 1621 2583 so wirklichkeitsfremd ist wie der Vers. In diesem Idealis¬
1618 2520 2812 2582 mehr so volkstümlich echt, nicht so tie aus der Natur heraus
2801 2560 3313 2634 Vergangenheit, aus einen
437 2564 1622 2625 mus der Stichelrede sind die Franzosen, die überhaupt
1623 2562 2796 2627 empfunden. In „Freiwild“ handelt es sich um die
2798 2612 3304 2671 denschaft, von der eine
440 2610 1622 2673 das jüngere Wiener Literatengeschlecht stark beeinflussen,
1616 2620 2801 2677 „kleine Schauspielerin“, die als freigegebene Jagdbeute gilt
2795 2663 3307 2722 und warnend in einer zu
435 2669 1623 2722 lohne Frage die Lehrmeister Schnitzlers; aber er meistert
1618 2662 2791 2733 und deren Verteidiger sich in nutzlosem Kampfe verbluten
2806 2715 3309 2780 Drei kühne Phantasiestü
438 2712 746 2790 sseine Meister.
1623 2712 2798 2781 muß, obgleich er als moderner Mensch auch dem Vorurteile
2795 2762 3311 2816 schlag gibt. Dagegen en
540 2737 1616 2826 Gegen diese Vollendung im kleinen stehen die beiden
1629 2768 2802 2824 des ehrenreinigenden Zweikampfes zu trotzen sucht. Mit der
2801 2801 3291 2877 heit und der Puls der
427 2810 1630 2872 Versuche größeren Genres, die Novelle „Sterben“ und das
1635 2810 2802 2881 Frage der illegitimen Verhaltnisse, die bei Schnitzler von
2795 2849 3311 2928 folge „Lebendige
435 2864 1629 2930 Schauspiel „Märchen“, weit zurück. Sie leiden beide an dem
1626 2854 2808 2937 flüchtigen, brutalen Abenteuern bis zur lastenden wilden
2807 2903 3303 2978 liebte und der junge So
437 2923 1625 2974 (Gebrechen der fühlbaren Konstruktion, der störenden Ab¬
1639 2918 2793 2981 Ehe immer wieder den Fruchtboden der Konflikte bilden,
2800 2962 3299 3015 entfremdet werden, ohne
440 2967 1622 3023 sichtlichkeit. Im „Sterben“ wird in peinlich erschöpfen¬
1622 2964 2800 3017 ist hier das Duellmotiv verknüpft, vielleicht das ein¬
2810 3001 3300 3072 Sinne sich zwischen sie st
436 3011 1627 3084 der Weise das letzte Jahr einer wilden Ehe dargestellt, in
1632 3007 2804 3080 zige gesellschaftliche Problem, das der Dichter neben den
2804 3054 3297 3115 dem die Geschiedene ein
435 3049 1620 3130 dem der Mann dem Tode verfallen ist und in egoistischer
1637 3061 2803 3148 sexuellen bevorzugt und das er auch einmal abgelöst von der
2805 3098 3305 3168 bitter von der Wehmut
430 3109 1634 3171 Sinnlichkeit das Weib an sich ketten möchte, während die
1635 3121 2088 3189 Erotik behandelt hat.
2805 3154 3305 3222 einen Genuß und die G
434 3156 1638 3233 Frau mit einem Gemisch von Schauder und Lebensdurst
1713 3137 2805 3225 Ist schon in „Freiwild“, vieles künstlich zugespitzt, so
2811 3195 3317 3275 wandeln weiß. Die Iro
427 3215 1627 3296 ssich dagegen wehrt, durch ihre Hingebung in den Tod mit
1631 3218 2806 3281 ruht das „Vermächtnis“ völlig auf kasuistischer Grund¬
2803 3244 3313 3324 Mensch dicht am Grabe
436 3253 1627 3312 hhineingezogen zu werden. Viel Psychologie, aber auch viel
1643 3263 2803 3323 lage. Es ist die augenscheinlich nicht innerlich erlebte, son¬
2803 3302 3291 3373 doch nicht abstoßenden
444 3303 1632 3379 Künstelei. Jede Empfindung auf beiden Seiten dialektisch
1637 3304 2803 3370 dern erdachte Tragödie des Erb= und Witwenrechtes der
2801 3340 3301 3421 ihr eigentümliches Geprä
437 3373 1628 3420 emporgeschraubt, im ganzen ein quälerisches Buch, aber geist¬
1636 3350 2805 3422 Geliebten. Der auf einem Spazierritte verunglückte junge
2804 3402 3305 3461 gen sich da die Narren
437 3410 1625 3472 rreich und überaus charakteristisch für Schnitzlers Methode,
1639 3407 2802 3476 Lebemann verlangt sterbend von seinen Eltern, daß sie der
2801 3439 3288 3518 letzten Atemzügen nach
1636 3468 2803 3525 Mutter seines natürlichen Kindes dieselben Rechte ein¬
433 3462 1634 3521 sdie Sinnlichkeit gerade durch den Götzendienst, den sie mit
2796 3500 3302 3559 die des Weltglückes, die
1637 3505 2807 3562 räumen wie einer Schwiegen#chDas durch solche Be¬
445 3504 1630 3578 dem der Verwesung ausgesetzten Körper kreibt, ad ab¬
2135 3539 2223 3588 9.
2806 3545 3309 3618 gern, in starten Kouli
1648 3558 2799 3616 schwörung erzwungene Veryaltnis erhält sich in der Schwebe,
442 3559 898 3630 surdum zu führen.
2806 3594 3318 3660 Verurteilte, aus deren #
1629 3594 2802 3671 so lange das Kind der wilden Ehe die grundverschiedenen
532 3584 1639 3677 Ebenso trägt das „Märchen“, ein von den Bühnen
2804 3635 3320 3697 baren Krankheit hervor
1645 3648 2808 3715 Elemente notdürftig bindet; mit dem Tode des Kindes sinkt
441 3631 1635 3730 fbald verschwundenes, im Buchhandel vergriffenes, nicht mehr
2799 3692 3315 3760 Welt, die sich in dem de#
1637 3690 2797 3759 dessen Mutter in die Stellung der aufgedrungenen Haus¬
436 3704 1627 3773 neu aufgelegtes Stück, alle Keime späterer Schnitzlerscher
2809 3739 3302 3807 hüllt, nur daß da die
1639 3734 2808 3819 genossin zurück und die Familie entledigt sich ihrer mit einer
436 3762 1633 3825 Produktion in sich. Das Motiv ist durch das knappe Wort
2817 3796 3320 3857 lachen können und lachen
1640 3801 2806 3859 durch Redensarten schlecht verhüllten Härte, die die Ver¬
441 3811 1644 3876 aus Hebbels „Maria Magdalena“: „Darüber kann kein
2809 3835 3315 3919 Ahnung der inneren Ze
1644 3844 2811 3911 lassene in den Tod treibt. Eine Gestalt des Stückes, die
444 3866 1638 3929 Mann hinaus“ völlig gegeben. Die Behandlung ist insofern
2886 3877 3317 3952 Parallel mit diesen
1636 3891 2812 3960 des liberalen, aufgeklärten, redekundigen Vaters, der über
441 3908 1635 3974 eigentümlich, als der Mann, der „nicht darüber hinaus
2813 3923 3316 4008 zwei längere Novellen, i#
1641 3941 2801 4023 alle Merkworte vornehmer Empfindungen verfügt und dabei
445 3951 1629 4026 kann“ dem eigenen Aposteltume widerspricht. Des Stückes
2816 3985 3326 4049 lers ausgesponnen wer
1635 3992 2810 4067 allen egoistischen und engherzig philiströsen Instinkten folgt,
439 3994 1642 4081 Schwäche liegt in der Unnatur, in der die Menschen das
2816 4025 3308 4095 „Leutnant Gustl“.
1636 4041 2809 4120 gehört zum Eigenartigsten und Lebendigsten, das Schnitz¬
444 4061 1641 4123 Problem zergliedern, an dem sie zu Grunde gehen; während
2812 4081 3322 4148 bewußt, unter dem Einf
1641 4093 2807 4152 ler geschaffen hat. Das ganze Stück aber leidet unter der
450 4108 1641 4173 die Nebenpersonen fein und sicher charakterisiert sind, ist die
2819 4142 3303 4186 von Flaubert. Ein entac
1641 4133 2811 4209 Geshalisamkeit der Voraussekzuna, unter dem Drucke einer
452 4159 1333 4236 TVUNPTTAVWTT Are-ee —  1 —
