3392 4352
772 228 1265 323 box 37/3
124 236 700 346 2. Cuttings
336 1624 1295 1672 tastete. Dannjnäherte er seine Lippen dem Munde
341 1670 1296 1719 Carlos, der zuerst nicht wußte, wie ihm geschah
340 1711 636 1770 und küßte ihn.
673 1712 1293 1769 „Seid ihr verrückt?“ fragte der
340 1756 1292 1799 Gendarm. „Vorwärts, vorwärts!“ „Ich habe keine
337 1798 704 1860 Lust zu braten!“
758 1794 1292 1855 Geronimo hob die Gitarre
335 1837 1289 1885 vom Boden auf, ohne auch nur ein Wort zu sprechen.
339 1890 1291 1941 Carlo atmete tief auf, und er legte die Hand wieder
346 1932 1288 1977 auf den Arm des Blinden. Und er lächelte mit
335 1973 1297 2029 einem sonderbaren Ausdruck des Glücks vor sich
329 2023 1283 2070 hin. „Vorwärts!“ schrie der Gendarm, „wollt ihr
333 2061 1296 2105 endlich!“ — Und er gab Carlo eines zwischen die
335 2102 1291 2150 Rippen. Und Carlo, mit festem Druck den Arm
334 2144 1286 2188 des Blinden leitend, gieng wieder vorwärts. Er
336 2185 1288 2234 schlug einen viel rascheren Schritt ein als früher.
334 2230 1295 2278 Das Lächeln wollte von seinem Antlitz nicht ver¬
341 2263 1283 2337 schwinden. Ihm war, als könnte ihm jetzt nichts
338 2311 1292 2364 Schlimmes mehr geschehen, weder vor Gericht,
333 2359 1293 2420 noch sonst irgendwo auf der Welt. Er hatte seinen
339 2404 1297 2471 Bruder wieder. Nein, er hatte ihn zum erstenmale.
437 2443 1282 2504 Von den restlichen zwei Novellen dieses preis¬
329 2482 1286 2550 werten Bandes möchte ich noch „Andreas Tho¬
340 2533 1287 2579 meiers letzten Brief“ hervorheben, eines Mannes,
332 2576 1279 2626 der, da seine Frau sich an einem Neger im Prater
337 2621 1277 2676 „versehen“ hat, uns dennoch überzeugen will, daß
321 2653 1279 2727 seine Frau an dem Lästermunde der Menschen un¬
330 2702 1277 2761 schuldig sei. Und man ahnt das Ende. Um das
321 2755 1280 2808 Gerücht völlig zum Schweigen zu bringen, wird er
319 2792 1281 2848 hingehen und sich erschießen. Schon diese kueze
314 2827 1276 2891 Tragikomödie des kleinen Privatbeamten erhebt sich
319 2873 1293 2934 zum Schlusse in das Heldenhafte und Wunderbare
309 2925 1281 2968 empor. — Wer wagt es noch, auf den Dichter des
322 2952 1310 3031 „Reigen“ nach solcher „Rehabilitierung“ nur einen
1322 1631 2270 1694 Stein zu werfen? — Es ist mir unmöglich, auch
1325 1676 2269 1720 die übrigen erschienenen 19 Bände dieser billigsten
1313 1712 2259 1773 „Bibliothek moderner deutscher Antoren“ derart zu
1313 1760 2252 1815 charakterisieren, wenngleich ich wenigstens die wirk¬
1312 1797 2254 1863 lich feinhumoristische „Kunstreise nach Hümpeldorf“.
1319 1850 2261 1894 von Otto Ernst, dem bekannten Theaterdichter, unb
1317 1883 2261 1947 des Münchners O. J. Bierbaum Novelle „Das
1322 1932 2260 1999 höllische Automobil“ als derbhumoristische Probe
1305 1977 2256 2021 hervorheben muß und Davids „Wunderliche Hei¬
1313 2008 2269 2081 lige“ später ausführlich würdigen will. Andere
1324 2064 2260 2118 werden die anderen Bände preisen, zu deren Lek¬
1310 2104 2262 2157 türe mir aber gegenwärtig die nötige Zeit fehlt,
1310 2145 2074 2202 da ich nur Erinnerungsbilder auffrische.
2102 2157 2144 2203 —
2156 2152 2259 2205 Die
1315 2186 2262 2252 Liste der markantesten Wiener Dichter wäre aber
1319 2237 2253 2276 entschieden unvollständig, wenn man nicht wenig¬
1320 2276 2251 2327 stens die in dieser Sammlung gleichfalls vertretenen
1314 2322 2248 2375 Musternovellen des so heißumstrittenen Wiener
1310 2362 2252 2419 Künstlers Hugo von Hofmannsthal, „Das
1315 2409 2264 2452 Märchen der 672. Nacht“ betitelt, kurz er¬
1320 2444 2254 2504 wähnen würde. Daß dieser Dichter, der als Dra¬
1319 2471 2265 2560 matiker und Lyriker Formvollendetes leistet, sich nur
1306 2536 2258 2579 an ein auserlesenes Publikum wendet, braucht
1315 2591 2245 2634 nicht erst hervorgehoben zu werden, denn er ist und
1313 2624 2249 2673 bleibt immer ein moderner Kulturpoet, in dessen
1318 2668 2253 2723 und Schnitzlers Fußstapfen kürzlich der Wiener
1311 2712 2245 2766 Richard Beer=Hofmann mit seinem erfolgreichen
1315 2749 2251 2794 Schauspiel „Graf von Charolais“ und seiner
1319 2793 2190 2862 Erzählung „Der Tod Georgs“ getreten ist.
1745 2840 2200 2919 Robert Reinhard.
2288 1542 3236 1629 Aborstehende=Eindringung des Rter
2519 1610 3024 1691 gierungsentwurfes.
2395 1674 3234 1751 Wie verlautet, wurde in der Audienz des¬
2289 1721 3174 1797 Ministerpräsidenten Baron Gautsch am 7.
2288 1784 3231 1839 den Wahlresormvorlagen vom Kaiser die Vor¬
2284 1830 3236 1902 sanktion erteilt. Die Einbringung der Wahlre¬
2292 1882 3236 1939 formvorlagen ist für Mitte der nächsten Woche
2275 1922 2749 2000 in Aussicht genommen.
2457 1975 3044 2060 Das Frauenwahlrecht.
2390 2042 3238 2123 Eine Abordnung sämtlicher Frauenvereine
2276 2108 3245 2162 Oesterreichs sprach im Abgeordnetenhause beim
2288 2160 3243 2210 Ministerpräsidenten von Gautsch vor und
2277 2200 3232 2264 stellte an ihn die Bitte, sich für das Wahlrecht
2275 2254 3240 2305 der Frauen einzusetzen. Der Ministerpräsident
2277 2305 3240 2361 erklärte jedoch, daß dies unmöglich sei. Er werde
2273 2338 3243 2420 jedoch den Frauen in anderer Beziehung gern
2272 2395 2624 2473 entgegenkommen.
2638 2454 2871 2535 Ungarn.
2378 2514 3235 2586 In Besprechung der Publikation des Ak¬
2287 2577 3241 2644 tenmaterials seitens des Koalitionsausschusses
2282 2624 3225 2689 schreibt der „Pester Lloyd“: Man kann es be¬
2273 2672 3219 2739 greifen, ja unter Umständen auch billigen, wenn
2269 2725 3232 2781 der Ausschuß sagt, wir verharren auf unseren
2279 2771 3234 2824 Forderungen und geben kein Jota davon frei,
2271 2818 3222 2866 komme, was kommen mag. Aber das als Kon¬
2282 2863 3231 2934 zession für die Bedenken und Ueberzeugungen
2287 2894 3242 2982 der Krone eine Formel hingestellt wird, durch¬
2266 2961 3238 3036 welche der König auf einem Umwege wieder
