3392 4352
772 203 1294 311 box 37/3
124 219 737 314 2. guttings
1790 779 2247 867 Reunge gedontien I1.
1859 813 3036 892 ** Symphoniekonzert des Konzertvereins.
111 808 1802 907 ser Lazarettpflege be= Beide gaben Beweise zarter Rücksichtnahme auf die gegen¬
102 881 3035 952 hren. Da außer den seitige besondere Stellung, und wenn auch an eine völlige Wie aus dem gestrigen Inserat ersichtlich ist, veranstaltet
110 945 3029 995 ei vollkommen ver=Aussöhnung in absehbarer Zeit nicht zu denken sein mag, der Konzertverein Sonntag den 13. November sein
119 991 3020 1039 den sind, von denensso dürfte doch ein Modus der Verträglichkeit sich finden erstes Symphonie=Konzert, vermutlich aus wohl erwogenen
105 1018 3017 1078 ndere, Feldlazarett 6,lassen. Von welchem Gesichtspunkt aus man also das Er= Gründen nicht als erstes, sondern als zweites Konzert.
557 1047 3010 1141 gebnis der italienischen Kammerwahren betrachten mag — Ein Blick auf das Programm deutet darauf hin, daß der
104 1071 568 1136 gesorgt, daß bei wei¬
1762 1095 3022 1156 Leiter des Konzerts, Universitäts=Musikdirektor Traut¬
117 1112 567 1187 tte an die Gefechts¬
564 1114 1792 1190 die Absicht der Regierung, die politische Situation zu klären,
1783 1140 3025 1200 mann, beabsichtigt, uns in historischem Rahmen einen
553 1182 1785 1233 erscheint erreicht. Da Italien zudem auf dem Gebiete der
1777 1176 3016 1247 kurzen Ueberblick über die Entwicklung der Symphonie von
112 1180 566 1261 storben: Reiter Wietz¬
566 1222 1791 1282 auswärtigen und kolonialen Politik sich nicht vor kostspielige
1786 1220 3032 1300 Haydn zu Beethoven zu geben. Jedenfalls dürfen wir nach
107 1252 577 1311 kiter Jordans ist an
128 1272 3035 1354 eiwillige Bur Swadt Ausgaben gestellt sieht, kann es bei gesunder Finanzpolitik, der Auswahl der Symphonien uns auf einen genußreichen
553 1319 3019 1384 für die die neuen Handelsverträge wertvoll sein dürften, auch Abend gefaßt machen. Haydns G=dur=Symphonie, die
550 1373 3027 1417 an den Mitteln nicht fehlen, die zur Lösung der wichtigen'sg. „mit dem Pankenschlage“ (The surprise“, wie die Eng¬
1357 1405 1792 1482 r
743 1412 1168 1490 B
1790 1461 3028 1522 Da er aber dem allzu ahnungsvollen Kinde den entsetzlichen Schlag
538 1466 1788 1532 Millerin, nächst Hanntmanns Hannele die poetisch#e Mädchen¬
115 1474 459 1557 ene Triesch.
561 1501 3034 1573 gestalt der deutschen Modernen. Würde ihr statt des wilden der auf die zarteste Weise beibringen will, da waren's Worte nichts
1791 1545 3030 1600 als flügellose Worte, die Herr Livpert dem Kastengeiste nachsprach.
120 1529 544 1608 10. November 1904.
568 1544 1684 1614 milde Typus des hingebenden kleinen Mädchens gelingen?
1797 1589 3029 1640 Das Schwerste war gestern abend Herrn Lüttjohann aufge¬
662 1571 1793 1640 Seien wir ehrlich: die Erscheinung der Triesch entspricht im
113 1582 573 1660 Erlin die Uraufführung
1792 1613 3027 1679 bürdet. Er spielte den Fritz zwac mit verhaltenem Atem und
572 1618 1786 1683 Aussehen nicht unserer Vorstellung von der süßen kleinen Christine,
117 1630 566 1698 lte sich dem Publikum
1793 1660 3028 1716 der vom Dichter gewollten sentimentalen Schwäche, aber seinem
565 1650 1800 1723 diesem lieblichen, zarten Pflänzlein, das uns an Goethe's wunder¬
119 1665 572 1735 eter Fülle vor. Jüngst
1800 1694 3028 1759 Spiel fehlten doch neben der Triesch alle fei. eren Schattierungen,
564 1706 1803 1773 holdes Lied vom Veilchen auf der Wiese“ erinnert. Und in den
122 1713 564 1787 es“ in Frankfurt zeigte
1784 1733 3034 1795 und die Versuche, Uebergänge von Dunklem zu Lichtem zu finden,
575 1744 1789 1799 ersten Szenen hätte sie vielleicht wie Goethe's Schäferin „mit
113 1746 570 1822 ichter der sog. „süßen
1784 1782 3026 1834 blieben eben nur Versuche. Und schließlich war's Stein statt Brot,
573 1782 1790 1838 leichtem Schritt und munterm Sinn“, das Heim ihres Geliebten
124 1800 584 1854 n will. Doch sein ernst
1784 1823 3022 1871 was er gab; man spürte zu wenig von innerlichem Miterleben.
569 1813 1794 1894 betreten können. Schon in diesen Szenen deutete sie leise den
121 1825 589 1895 fiel den guten Frank¬
1793 1848 3043 1916 Der Theodor des Herrn Andreas war so leichtlebig und humor¬
572 1856 1687 1932 Gleichklang mit Goethe's Liedlein und dessen Ausgang an:
113 1861 584 1939 Etten wohl den liebe¬
1783 1891 3029 1963 voll, als er sein sollte, dabei von dem liebenswürdigen, un¬
804 1893 1558 1972 Und nicht in acht das Veilchen nahm,
140 1902 575 1963 und sahen einen müd
1791 1950 3033 1995 gezwungenen Selbstbewußtsein und der leicht überlegenen Ironie!
784 1940 1361 2004 Ertrat das arme Veilchen!“
124 1942 582 2016 alladenhafter Klagefang
1787 1983 3033 2038 des eleganten Flaneurs. Am frischesten von allen aber war Frl.
664 1966 1794 2049 Und noch eins: die Jugend, die diese intime Wiener Dichtung
124 1987 585 2049 om Verzichten brachte.
1794 2011 3036 2084 [Ruf, so keck und fesch und resolut als Wiener „Fratz“, wie sie
567 2016 1437 2092 verlangt, hat Irene Triesch wohl nie besessen.
117 2028 581 2098 zeit den gleichen herben
1791 2054 3027 2110 auf der Ringstraße und im Prater zu Dutzenden herumlaufen,
657 2054 1787 2112 Und doch hat nur durch sie die dramatische Elegie Schnitzlers
132 2067 574 2134 Liebesidyll aus seiner
1796 2085 3042 2159 daß eine angenehmere Ueberraschung nach ihrer verfehlten Lydia
564 2092 1799 2154 gestern Gestalt erhalten. Und selbst in ihren ersten Szenen hatte
113 2099 577 2174 ütigen Akkorden aus¬
1794 2131 3037 2193 im „Traumulus“ nicht möglich war. Die alte Binder ist wohl
560 2134 1799 2190 sie Recht. Ist es nicht natürlich, daß dieses junge Kind voll banger
121 2138 577 2210 hige Welt einer städti¬
1799 2163 3027 2232 immer noch etwas kokett, trotz der ehrbaren Maske, die sie trägt.
575 2190 1803 2234 Schen das Zimmer ihres Freundes betritt? Zumal es das erste
115 2180 587 2245 ku dringen“, wie Herm.
1793 2212 3039 2276 Frau Fischer zeigte nichts davon, und leider auch keinen Humor.
579 2224 1807 2277 Mal ist, daß sie in eleganten Räumen sich besinde, noch dazu bei
119 2217 583 2291 . Fischer) sehr richtig
1803 2244 3031 2309 „Ein Herr“ hat nur eine einzige kurze Szene und kaum ein
576 2246 1808 2320 einem Manne. Mizis leichter Sinn ist obendrein wahrlich nicht der
127 2266 570 2320 sind überdies gab „der
569 2283 3042 2355 ihre; ihr Empfinden ist bei aller Zärtlichkeit doch von herber Dutzend Worte zu sprechen, und doch erfordert viese Rolle einen
122 2298 575 2363 Gelegenheit zum Erweise
1803 2321 3038 2394 ersten Darsteller, weil sie das Stück am Rande des Abgrunds
567 2338 1802 2392 Keuschheit, und in ihrem Herzen ist nicht nur die ichlichte Schwer¬
120 2342 584 2405 Premiere der „Liebelei“
1787 2360 3037 2427 vorüberführen muß. Herr Sandorf zeigte vielleicht allzu große
121 2379 1794 2443 n, und ich erinnere mich mut der ersten jungen Liebe, so idern der Todestrübsinn aufgegangen,
570 2404 3036 2473 das dämmernde Bewußtsein, daß sie zu denen zählt, „welche! Erregung, als hätte er soeben erst, vor der Schwelle, den Buben¬
126 2421 579 2488 lle Stimmung herrschte
581 2468 2964 2511 sterben, wenn sie lieben“. Ihrem Herzchen war von Jugend auf streich erfahren. Doch seine Worte wirkten wie Donnerschläge.
125 2455 582 2529 Schumunnstraße. Später
1865 2478 3032 2558 Eenst ist das Leben, heiter die Kunst — nach diesem Schiller¬
572 2494 1811 2556 das frohlebige „Carpe dieum“ der Mizi, dieses en-tout-cas-Mädels,
125 2495 586 2565 herin, auf ihren Reisen
1789 2518 3045 2594 schen Worte schienen die beiden Gaben des gestrigen Theatervereins¬
579 2538 1811 2592 etwas Fremdes. Unmittelbar nach den Momenten höchster Selig¬
132 2535 585 2616 e Christine auch zu den
1795 2571 2287 2642 abends zusammengestellt.
564 2581 1810 2643 keit steht ihr die bange Frage vor Augen: Ist er mir morgen
124 2580 371 2643 der Triesch.
1870 2607 3033 2666 Vor zwei Jahren versuchte Schnitzler in vier Einaktern, die
572 2612 1807 2670 noch treu? Wie Holzamers „armer Lukas“ ist auch sie ein Mensch,
129 2607 571 2679 se Triesch seit Jahren
1790 2642 3039 2709 er unter dem Titel „Lebendige Stunden“ zusammenfaßte, die
580 2658 1801 2716 der Freuden nicht ertragen kann, der im Hellen immer an das
132 2662 573 2727 der Galerie Ibsenscher
1793 2689 3043 2751 Frage nach dem Verhältnis der Künstlernatur zu ihren Erleb¬
579 2688 974 2762 Dunkle denken muß.
114 2701 585 2754 en vermag wie keine
1801 2725 3043 2787 nissen anzuschneiden. Der erfolgreichste, wenn auch nicht der,
662 2715 1807 2790 Aus tiefster Empfindung, mit einer solchen Natürlichkeit ver¬
126 2735 586 2795 fühl, sie die ungewöhn¬
1799 2771 3034 2828 gleich dem „Einsamen Wege“, an unsere tiefsten Stimmungen
580 2775 1805 2829 körperte Frau Triesch das Schicksal Christinens, daß uns bald schon
129 2784 576 2841 t einen ganz seltsamen
1803 2815 2003 2869 rührende
2038 2809 3031 2854 das tat in diesem vierblättrigen Kleeblatt „die
572 2819 1807 2869 der Atem stockte. Jedes Wort, das leise und schwer und warm¬
131 2813 594 2886 Hedda „der ihre Nora,
2315 2855 3039 2910 war „Literatur“. Hier verstieg
1799 2847 2270 2919 Frau mit dem Dolche“
567 2855 1799 2919 zitternd von ihren Lippen quoll, war ein Stück Seele, jeder Blick
126 2863 590 2920 ziehen, daß in ihr selbst
1803 2893 3035 2953 sich Schnitzler zu einer Parodie des Literatentums und lieferte
581 2894 1802 2948 ihrer tiefen dunklen Augen von unsäglicher Wehmut. Und welche
121 2907 578 2964 Pie sie das geradezu un¬
1811 2914 3043 2982 damit eine Selbstkarikatur seiner ersten glücklichen Schritte
574 2934 1802 2993 herzzermalmende Kraft hatten die großen tragischen Momente der
119 2936 576 3005 ualität mit den klugsten
1798 2956 3041 3021 auf dem nichts weniger als einsamen Wege zum noch unerreichten
133 2976 1799 3037 . das vermag ihr nie¬ seelischen Vernichtung Christinens im letzten Akte! — Das ist das
2612 3002 2766 3061 jener
2742 3010 2906 3069 Zeit,
2154 3004 2611 3070 Selbstkarikatur aus
1798 3001 2132 3070 Parnaß, eine
1391 3008 1807 3067 und das ist der Tod,
127 3009 1355 3073 igleich das Gesühl, daß Leben — da sind wir, die Lebendigen!
1808 3048 3043 3101 er noch seine subjektiven Empfindungen aussprach, statt, wie
139 3052 1802 3121 zu steigern vermag bis und da sind die Toten! Wie das nebeneinander liegt! Nie hat
2623 3074 3037 3147 eine Selbstkarikatur
1800 3093 2615 3143 er es heute tut, die Welt sich anzueignen -
148 3094 1807 3142 daß dabei der aus=uns von der Bühne herab dieses schandervolle Nebeneinander so
1796 3126 3034 3178 von so brillantem Wurf, von so kecker Schalkhaftigkeit und geist¬
119 3121 1807 3207 nd böse zu kurz komm# tiefsten aufgewühlt. Nie ist von der Bühne herab ein solcher
1795 3163 3041 3229 sprühendem Witz, daß man im Reiche der deutschen Dramatik
567 3160 1441 3247 Schmerz in die Herzen der Hörer eingekehrt.
130 3168 590 3234 ahrheit und wider die
649 3205 3050 3264 Unsere heimischen Künstler gaben sich die größte Mühe, neben nach einem Seitenstück vergebens suchen dürfte. Der Schotte
131 3217 591 3284 hwer nur um den Sieg
573 3238 3039 3310 einer Triesch nicht gar zu klein zu scheinen. Und doch klang das] Shaw soll neulich, wie man unlängst aus London erfuhr, zur
138 3257 591 3312 Schicksal des Mannes.
575 3269 3045 3346 meiste, was von ihren Linven kam, seelenlos auswendig gelernt —größten Verblüssung des britischen Publikums dasselbe getan
133 3298 590 3355 Frau auf Persönlichleit.
133 3345 3049 3396 r dämonisch=destruktioe sobald die Triesch unter ihnen weilte. Fanden sie sich unter sich, haben, doch niemand dachte daran, daß Schnitzler diesen Scherz
133 3364 3044 3432 namentlich der Hedda, dann gings ganz flott und leicht und echt. Das war vornehmlich in köstlicher Weise ihm vorgemacht hatte. Wohl nie aber sind
1809 3395 3052 3453 die Insassen eines literarischen Scheunenviertels, die im Café
183 3415 1809 3464 hre stärkste Kunst, ihref beim alten Weirich des Herrn Lippert der Fall. Wie er sich
1802 3437 3052 3505 halbe und gan: Rächte mit ihrer seelischen Schamlosigkeit ko¬
584 3442 1823 3506 mit der Madame Binder unterhielt, da hatte er etwas Rührendes,
129 3439 604 3532 diese Rollen scheinen
574 3471 3051 3540 da fühlte man des guten Alten Herz von einsacher Größe, der die kettieren und jede, wenn auch noch so unbedeutende Gemüts¬
139 3515 3043 3591 stine, die kleine, schwär¬ Anschauung einer Künstlerserle vom Leben hat und seiner Tochters aufwallung zu einem lyrischen Erguß, jeden auch noch so faden¬
149 3543 3057 3638 von Schillers Luisel das bißchen Liebelei in ihren kurzen Mletentagen gern görnt. I.scheinigen Gedanken zu einem Romanbande aufblähen, so über¬
