3344 4352
930 306 1374 396 box 37/3
230 309 926 412 2. Cuttings
2149 679 2630 859 601- S
2757 801 2857 863 810
2233 829 2516 958 1440
1422 902 2082 986 SCHATTENSPIELE.
2314 935 2490 1047 22
1378 977 2113 1054 Noch ein Wort über Schnitzler.
1505 1036 2015 1096 Von Dr. H. Friedemann.
2505 1033 2855 1097 Nachdruck verboten.
725 1079 1747 1139 Das Mai-Juni-Heft dieser Zeitschrift brachte über
1759 1110 2855 1159 Jahrhundertelange Jnnenschau hat der Phantasiewelt des
645 1138 1744 1192 Arthur Schnitzler einen Aufsatz, der das Schaffen des
1758 1148 2860 1209 jüdischen Dichters das seltsam Körperlose gegeben, ein
648 1184 1749 1228 Wiener Dichters von den Problemen der Liebe und des
1760 1191 2858 1237 Gebilde aus haarscharfen Abstraktionen, Lichten, Farben
639 1225 1115 1285 Todes aus beleuchtete.
1764 1239 2853 1286 und Tönen, flimmernd wie in heisser Luft ... Seinem
740 1266 1745 1317 Hier sei eine andere Seite dieser eigenartigen Dichtung
1760 1293 2856 1339 Auge, das in naturalistischer Zeit nach gestaltbarer
637 1315 1739 1369 gezeigt, die mir für die Kultur des Jungwienertums
1765 1316 2865 1384 Wirklichkeit verlangte, zeigte die Aussenwelt ein fremdes
644 1361 1323 1416 besonders charakteristisch scheint.
1754 1372 2862 1420 und unheimliches Antlitz. Der Fuss scheint ins Leere
725 1399 1749 1454 Eigenartig und seltsam beherrscht ein Empfinden
1755 1414 2867 1460 zu treten, die suchende Hand nach Schatten zu greifen.
638 1453 1739 1505 die ganze Gr.ppe, und sie sucht ihm immer neue Formen
1763 1458 2854 1506 Der Gestalter verlangt nach Dingen und sieht Er¬
640 1494 1505 1539 zu finden; das Gefühl des Unwirklichen.
1759 1499 2854 1541 scheinungen. Die Brücke, die der naive Sinn vom Ich
736 1538 1740 1586 Ist vordem alle Poesie bestrebt gewesen, dem traum¬
1751 1547 2852 1596 zum Mitmenschen schlug, ist zerbrochen; auch der Mensch
646 1584 1739 1630 haft Enteilenden Wirklichkeit zu geben, so versuchen
1765 1590 2853 1640 wird zum Bilde unter Bildern, zu einem fremdartigen Stück
650 1635 1743 1684 diese Dichter, gerade das geheimisvoll schreckende
1761 1626 2860 1675 Aussenwelt. Seine Worte und Geberden, zum ersten
647 1669 1751 1716 Empfinden darzustellen, dem die realste Aussenwelt in
1760 1673 2855 1726 Mal in einfacher, physischer Tatsächlichkeit empfunden,
642 1711 1743 1753 wankende Schatten zerfliesst. Was hat diese Gefühlsweise
1759 1723 2854 1767 wirken als sinnliche Erscheinungen wie alle anderen,
654 1758 1737 1816 möglich geinacht? Zweierlei: Romantik und Judentum.
1759 1763 2858 1821 inkommensurabel und unverständlich in ihrem Innenwesen
738 1800 1326 1860 „Schattenküsse, Schattenliebe.
1761 1808 2856 1863 wie Windesrauschen und Lichtreflexe. Das Innenleben,
738 1818 1735 1899 Schattenleben wunderbar.“ — Heine hat den Ton
1759 1849 2857 1893 das den Automaten bewegt, wird zur ungreifbaren
645 1890 1740 1940 wieder angeschlagen, der schon in der Illusionskomödie
1762 1896 2858 1956 Hypothese; denn kein Weg führt zur fremden Seele
646 1938 1735 1988 Tiecks erklungen war — der heute so oft erklingt. Am
1760 1939 2857 1993 hinüber. Ein Orchester ohne Melodie, ein Farbenspiel
645 1975 1471 2036 wundervollsten in Hoffmannsthals Versen:
1767 1984 2852 2039 ohne Körper, erscheint die Aussenwelt wie absurde Laune,
1764 2036 2852 2086 das Wirkliche Richt sinnvoller noch wahrscheinlicher als
765 2043 1647 2094 „Dies ist ein Ding, das keiner voll aussinnt.
1758 2072 2855 2114 das Unwirkliche. Diese Dichter sehen die Welt gleichsam
766 2095 1641 2139 Und viel zu grauenvoll, als dass man klage:
1759 2132 2855 2173 zweidimensional, in Bilderreihen; das mimmt den Vor¬
757 2136 1554 2195 Dass alles gleitet und vorüberrinnt...
1762 2157 2858 2212 gängen ihrer Dichtung die Wucht des Wirklichen; erlaubt
644 2193 1745 2242 oder in der dämmerhaft versinkenden „Ballade des
1761 2205 2733 2260 ihnen, das Leben als Schattenspiel zu behandeln.
647 2240 1738 2292 äusseren Lebens“, Hoffmannsthals Verse, die so verblüffend
1847 2249 2853 2307 Aus solcher Stimmung gestaltet Schnitzler. Von
637 2293 1745 2334 genial zu Schnitzlers Dramoleter die Ouvertüre spielten,
1752 2293 2850 2346 hier aus erklären sich auch seine schwachen Schöpfungen:
647 2335 1742 2386 haben ihre Stimmung und Melodie über das Gesamtwerk
1762 2335 2674 2388 der „Ruf des Lebens“ und die „Marionetten“.
652 2388 1748 2432 des älteren Dichters gebreitet: sie haben ihn in Musik
1850 2375 2849 2432 Schnitzler fiel im Kreise der Jungwiener die Auf¬
648 2422 1741 2477 gesetzt, und wenn sie in den Zwischenakten erklingen,
1759 2422 2853 2482 gabe zu, die etwa Tieck bei den Romantikern hatte.
640 2453 1747 2528 scheint der feinste Reiz dieser Dramatik in ihnen
1756 2458 2867 2522 Die Stimmungen und Ahnungen der Dichtergruppe zu
650 2503 872 2560 verdichtet.
1763 2521 2865 2571 gestalten; Aufschlüsse zu geben; als dramatisch begabter
743 2541 1737 2606 Jedenfalls enthalten sie die Stimmung, die Schnitzler
1764 2554 2867 2605 Konferencier zum Publikum zu sprechen. Er ist unter
651 2603 1744 2653 und dem ganzen Jungwienertum gemeinsam ist: das
1762 2602 2864 2647 den wesensverwandten Poeten der bewussteste; am meisten
646 2642 1744 2699 Zerfliessen des Wirklichkeitsbewusstseins. Diese Dichter
1752 2660 2858 2705 Artist. Sein Verhängnis in den letzten beiden Dramen
645 2686 1745 2728 haben eine letzte menschliche Naivität verloren: Das
1762 2687 2859 2749 war der Wunsch, zu verdeutlichen; der Trieb, an einem
645 2733 1742 2784 Gefühl des Realen. Sie stehen vor der Welt mit Hoff¬
1758 2737 2861 2791 P’aradigma die selbsterkannte Wesensart zu demonstriefen;
640 2783 1742 2831 mannsthals tiefem Erstaunen. Das Wirklichste wird
1764 2777 2858 2831 und, zumal in den „Marionetten“, die Zuschauer hinter
651 2824 1741 2873 zur Illusion; das Sinnfällige unwahrscheinlich. Alles
1757 2822 2850 2870 die Kulissen dichterischen Schaffens blicken zu lassen:
645 2864 1751 2917 Seiende scheint sich mit rätselvoller Willkür in den Raum
1756 2865 2863 2912 psychologische Aufschlüsse zu geben. Schnitzler ist, nach
650 2910 1742 2967 zu drängen; die Menschen regen sich sinnlos wie Automaten;
1764 2915 2851 2966 Novalis feinem Wort, zu sehr sein eigener Leser gewesen,
639 2955 1749 2998 ihre Worte schlagen als leere Schallwellen an die un¬
1762 2948 2863 3012 so dass er die „literarische Unschuld“ darüber verloren
646 2997 1753 3040 durchdringliche Einsamkeit des Ich. Und dieses Ich
1761 3001 2864 3056 hat. Das künstlerische Bild, das ihm die Lektüre seiner
640 3040 1740 3090 selbst, seiner Einheit beraubt durch die Kritik des
1769 3046 2859 3084 Werke spiegelte, musste etwa dies sein: Dichter der
646 3080 1749 3146 Philosophen, betäubt im Chaos unbegriffener Erscheinungen,
1759 3084 2872 3133 Grenzfälle. Heimisch im Zwischenreich, um das Illusion
646 3132 1745 3175 sicht sich mit fassungslosem Erstaunen reden, handeln
1770 3133 2857 3178 und Wirklichkeit schaukeln. Der Künder verschwiegener
652 3175 1749 3224 und dahingleiten, sich selbst „wie ein Hund unheimlich
1766 3175 2849 3235 Währheiten und sekundenlanger Erkenntnisse. Der ver¬
649 3213 1055 3267 stumm und fremd“
1752 3217 2857 3263 hüllte Gebieter über Schatten und Masken. Das ist es,
740 3248 1735 3312 So grübelt Hloffmannsthal über die Seltsamkeit der
1767 3260 2857 3316 was in populärer Vergröberung vor den Kulissen der
649 3294 1747 3364 Dinge. So vertauscht Schnitzler in Dramen und Komödien
1760 3313 2838 3368 „Ruf des Lebens“, hinter den Kulissen die „Marionetten“
655 3351 1739 3406 Wahrheit und Illusion. So überfällt in jedem Roman
1770 3352 2071 3410 zeigen sollten.
654 3391 1749 3436 Wassermanns den einen oder anderen dies jähe Gefühl.
1846 3381 2859 3460 Stärker hat andere, aus Judentum und Romantik
648 3435 1749 3483 das den Boden unter dem Schreitenden wanken macht:
1770 3447 2855 3497 gemischt, das Gefühl unlebendiger Erstarrung der Aussen¬
646 3483 1742 3520 „Sein Anblick war unglaubwürdig, dass er sprechen
1760 3486 2865 3535 welt bezwungen. Schnitzler ist es auferlegt, dies Gefühl
649 3523 1322 3574 konnte, war erstaunlich
1325 3521 1751 3587 Plötzlich erscheinen
1768 3533 2863 3587 zu gestalten. Und er tut es mit der überwachen Bewusst¬
639 3577 1743 3627 alle äusseren Dinge wie etwas Niegesehenes, sinnlos und
1761 3575 2858 3617 heit, die immer in romantischen Zeiten gerade der
643 3616 1739 3659 zufällig, und doch von der unabweisbaren Tatsächlichkeit
1767 3620 2859 3673 feinsten poetischen Erkenntnis die Quellen unmittelbaren
650 3657 1059 3713 der Sinneseindrücke.
1763 3665 2524 3721 dichterischen Schaffens verschüttet hat.
737 3710 1734 3762 Dies Seltsame, das auch Schnitzler immer wieder
1856 3695 2863 3763 Dennoch: wenn er seine Puppen tanzen lässt und
637 3750 1740 3796 zu gestalten sucht, ist jüdisches Erbteil. Die modern
1763 3748 2862 3803 seine Masken vorbindet, schreiten auch über seine bunte
639 3785 1745 3848 verfeinerte Eigenart der Rasse, die bei allem praktischen
1761 3806 2862 3849 Bühne die seltsamen Schatten des Unwirklichen, die einer
645 3840 1745 3881 Sinn im kontemplativen, künstlerischen Anschauen der
1767 3838 2872 3910 sensiblen Dichtergeneration das grosse Rätsel des
647 3883 1741 3942 Aussenwelt wie keine andere wirklichkeitsfern ist.
1768 3880 2150 3951 Seienden bedeuten.
