3392 4352
1344 736 1508 883 e
926 899 1418 1016 de
1477 874 1557 1027 9
1572 934 1769 1039 G
1837 935 1920 1046 *
1964 957 2566 1158 e
1116 1022 1253 1120 des
2649 1165 2823 1258 2
1932 1203 2009 1300 4
2049 1224 2170 1337 (
520 1059 1875 1342 Cagesbote
110 1266 319 1374 5)
2267 1311 2466 1425 N
2535 1328 2893 1455 52332
2390 1414 2459 1492 S
124 1393 2394 1519 aus Mähren und Schlesien.:
2399 1561 2880 1649 53. Jahrgang.
615 1578 1681 1669 Samstag den 12. September 1903.
2130 1641 2351 1710 I S  M
608 1663 878 1736 —
1775 1691 2973 1781 haber, dem die Schwäche der Gattin schon verfallen war,
602 1707 1771 1796 Gegebenen abfinden und sich mit moralischen Defekten recht
1789 1737 2647 1827 flüchtet vor der überlegenheit des Gatten.
603 1771 1296 1838 und schlecht durchs Leben schlagen.
1860 1770 2970 1865 In einer Reihe von Einaktern wird mit histo¬
115 1769 474 1885 tergestalten.
672 1795 1779 1884 Zu einer so vollen geschlossenen dramatischen Wirkung.
1776 1844 2969 1916 rischer Farbe gespielt; im „Grünen Kakadu“ wird
594 1863 1783 1949 die sich auslebt, ohne zu zersplittern, zu einem Stücke von
1783 1886 2975 1959 ein unheimliches Bild aus der Vorbereitungszeit der fran¬
603 1913 1781 1989 so starkem, natürlichem Atem hat es Schnitzler kaum später
126 1899 325 2004 Klaar.
1783 1947 2972 2019 zösischen Revolution geboten; eine mit Witz gesteigerte Epi¬
602 1968 1782 2035 wieder gebracht, wenn auch seine Virtuosität in der Zu¬
1788 1987 2982 2075 sode aus dem Leben der überreizten Aristokratie, die sich
115 1973 263 2083 ler.
613 2022 1781 2091 spitzung und überfeinerung der Bühneneffekte seither gewach¬
1777 2037 2975 2125 an Bohème und Proletariat wie die Motte ans Feuer
605 2066 1786 2144 sen ist. In den beiden Schauspielen, die sich an „Liebelei“
1785 2086 2974 2174 herandrängt; in „Parazelsus“ erscheint der als Magier
614 2110 1783 2194 anreihten, klingt der Vorwurf der schutzlosen „kleinen Mäd¬
116 2099 601 2192 Schnitzlers, dem „Ana¬
1791 2131 2983 2213 verschriene Gelehrte des sechzehnten Jahrhunderts im Lichte
616 2164 1776 2235 chen“ in Variationen nach. „Vorwurf“ in mehr als einem
124 2172 612 2245 ihn nach der Schablone,
1786 2187 2984 2259 des natürlichen Zaubers, durch den das Genic den Philister
609 2226 1786 2282 Sinne des Wortes — Anklage gegen die Gesellschaft, dia¬
124 2224 600 2294 kalisten beizugesellen.
1786 2238 2978 2315 demütigt und die Frauengemüter verwirrt. In der „Frau
613 2265 1790 2333 lektisch vielleicht noch kunstvoller als in „Liebelei“, aber nicht
136 2270 613 2339 ePointe, die mindestens
1782 2287 2980 2371 mit dem Dolche“ vermählt sich die Gegenwart mit der
623 2311 1789 2392 mehr so volkstümlich echt, nicht so tief aus der Natur heraus
125 2322 610 2388 rs. In diesem Idealis¬
1797 2330 2983 2411 Vergangenheit, aus einem Renaissancegemälde steigt die Lei¬
611 2360 1788 2445 empfunden. In „Freiwild“ handelt es sich um die
122 2371 615 2442 kzosen, die überhaupt
1793 2381 2977 2465 denschaft, von der eine Frau bedrängt wird, verheerend
614 2411 1791 2497 „kleine Schauspielerin“, die als freigegebene Jagdbeute gilt
113 2422 612 2502 echt stark beeinflussen,
1799 2428 2986 2512 und warnend in einer zusammengedrängten Tragödie herauf.
609 2467 1783 2532 und deren Verteidiger sich in nutzlosem Kampfe verbluten
122 2467 611 2557 hlers; aber er meistert
1802 2480 2982 2561 Drei kühne Phantasiestücke, in venen die Farbe den Aus¬
612 2512 1793 2575 muß, obgleich er als moderner Mensch auch dem Vorurteile
1805 2523 2992 2615 schlag gibt. Dagegen entscheiden die physiognomische Fein¬
620 2563 1794 2638 des ehrenreinigenden Zweikampfes zu trotzen sucht. Mit der
107 2545 619 2640 kleinen stehen die beiden
1794 2562 2989 2655 heit und der Puli, der Empfindung für die zarte Szenen¬
627 2607 1801 2687 Frage der illegitimen Verhaltnisse, die bei Schnitzler von
120 2615 625 2682 gelle „Sterben“ und das
1798 2615 3000 2713 folge „Lebendige Stunden“, in der der alte Ge¬
635 2662 1801 2739 flüchtigen, brutalen Abenteuern bis zur lastenden wilden
115 2667 623 2749 Sie leiden beide an dem
1792 2684 2993 2764 liebte und der junge Sohn einer Dahingegangenen einander
615 2714 1793 2785 Ehe immer wieder den Fruchtboden der Konflikte bilden,
114 2719 617 2789 ion, der störenden Ab¬
1805 2731 2991 2810 entfremdet werden, ohne daß ein Konflikt im herkömmlichen
607 2768 1799 2833 ist hier das Duellmotiv verlnüpft, vielleicht das ein¬
141 2766 617 2835 in peinlich erschöpfen¬
1812 2764 2992 2859 Sinne sich zwischen sie stellt. Aber die Trauer des Mannes,
632 2814 1803 2889 zige gesellschaftliche Problem, das der Dichter neben den
109 2814 623 2893 älden Ehe dargestellt, in
1800 2829 3004 2914 dem die Geschiedene ein Stück Leben geblieben, wendet sich
633 2869 1799 2945 sexuellen bevorzugt und das er auch einmal abgelöst von der
139 2867 621 2943 ist und in egoistischer
1802 2881 3003 2969 bitter von der Wehmut des Künstlers, der den Schmerz in
631 2927 1086 2996 Erotik behandelt hat.
103 2922 629 2988 ken möchte, während die
1807 2934 3001 3010 einen Genuß und die Erinnerung in ein Schattenspiel zu
710 2941 1814 3027 Ist schon in „Freiwild“ vieles künstlich zugespitzt, so
108 2963 627 3051 Hauder und Lebensdurst
630 2984 3001 3086 ruht das „Vermächtnis“ völg auf kasuistischer Grund= wandeln weiß. Die Ironie der letzten Hoffnungen, die der
114 3014 637 3084 ggebung in den Tod mit
628 3026 3006 3132 lage. Es ist die augenscheinlich nicht innerlich erlebte, son= Mensch dicht am Grabe aufpflanzt, gibt der bizarren und
112 3062 629 3145 ##chologie, aber auch viel
1812 3070 2986 3154 doch nicht abstoßenden Spitalskizze „Letzte Masken“
636 3110 1799 3178 dern erdachte Tragödie des Erb= und Witwenrechtes der
129 3115 629 3177 eiden Seiten dialektisch
1804 3126 2993 3206 ihr eigentümliches Gepräge; auf einem engen Raume drän¬
642 3154 1808 3229 Geliebten. Der auf einem Spazierritte verunglückte junge
116 3166 627 3240 flerisches Buch, aber geist¬
1810 3169 3008 3257 gen sich da die Narren der Verkommenheit, die noch in den
628 3200 1808 3287 Lebemann verlangt sterbend von seinen Eltern, daß sie der
127 3216 635 3283 für Schnitzlers Methode,
1813 3225 3006 3302 letzten Atemzügen nach versagter Genugtuung lechzen und
635 3246 1816 3331 Mutter seines natürlichen Kindes dieselben Rechte ein¬
134 3273 633 3335 Wötzendienst, den sie mit
1813 3279 2995 3363 die des Weltglückes, die im Gefühle ihrer Nichtigkeit hun¬
636 3304 1811 3370 räumen wie einer Schloleg### Das durch solche Be¬
139 3314 635 3398 Körper kreibt, ad ab¬
1814 3308 3013 3400 gern, in starken Konkrasten gusammen, alle miteinander
645 3354 1808 3427 schwörung erzwungene Verhältnis erhält sich in der Schwebe,
1813 3368 3004 3440 Verurteilte, aus deren Masken der hohle Blick der unhen¬
650 3388 1819 3477 so lange das Kind der wilden Ehe die grundverschiedenen
147 3399 643 3496 “, ein von den Bühnen
644 3454 3013 3516 Clemente notdürftig bindet; mit dem Tode des Kindes sinkt baren Krankheit hervorleuchtet. Im Grunde ist's dieselbe
154 3457 636 3548 vergriffenes, nicht mehr
1815 3461 3005 3545 Welt, die sich in dem kecken Capriccio „Literatur“ ent¬
639 3493 1814 3567 dessen Mutter in die Stellung der aufgedrungenen Haus¬
1815 3514 3005 3600 hüllt, nur daß da die Streber hinter ihren Masken noch
151 3523 633 3589 späterer Schnitzlerscher
645 3553 1811 3627 genossin zurück und die Familie entledigt sich ihrer mit einer
1811 3563 3015 3641 lachen können und lachen machen, weil ihre Frivolität jede
149 3574 639 3633 durch das knappe Wort
644 3593 1816 3667 durch Redensarten schlecht verhüllten Härte, die die Ver¬
167 3623 637 3689 „Darüber kann kein
1819 3623 2721 3716 Ahnung der inneren Zerstörung ausschließt.
654 3640 1815 3719 lassene in den Tod treibt. Eine Gestalt des Stückes, die
144 3667 646 3741 Behandlung ist##sofern
1901 3650 3009 3743 Parallel mit diesen dramatischen Studien laufen noch
647 3689 1831 3773 des liberalen, aufgeklärten, redekundigen Vaters, der über
151 3723 645 3789 „nicht darüber hinaus
1818 3723 3011 3796 zwei längere Novellen, in denen Lieblingsprobleme Schnitz¬
650 3742 1816 3827 alle Merkworte vornehmer Empfindungen verfügt und dabei
134 3768 639 3840 biderspricht. Des Stückes
1825 3757 3021 3846 lers ausgesponnen werden: „Berta Garlan“ und
651 3790 1820 3869 allen egoistischen und engherzig philiströsen Instinkten folgt,
131 3813 651 3890 in der die Menschen das
1821 3815 3008 3894 „Leutnant Gustl“. Die eine steht, bewußt oder un¬
647 3847 1816 3921 gehört zum Eigenartigsten und Lebendigsten, das Schnitz¬
150 3869 641 3927 Grunde gehen; während
1823 3861 3003 3936 bewußt, unter dem Einflusse der „Madame Bovary“
655 3886 1827 3969 ler geschaffen hat. Das ganze Stück aber leidet unter der
144 3908 653 3990 harakterisiert sind, ist die
1826 3900 3010 3999 von Flaubert. Ein entgegengesetzter Hauptcharakter freilich,
655 3933 1827 4019 Gewaltsamkeit der Voraussetzung, unter dem Drucke einer
134 3965 654 4037 tlichkeit: der Ankläger der
1830 3956 3010 4039 aber dieselben Verhältnisse der Kleinstadt, die im Zwange
659 3980 1831 4077 Forderung, die Gegensätze, die sich nur durch das Gefühl
134 4024 648 4088 nerwährend in die Rede;
1831 4006 3009 4091 der Heuchelei alle Leidenschaften pervers werden läßt und
653 4039 1822 4118 ausgleichen lassen, vertragsmäßig überbrücken möchte. Ein
147 4070 574 4135 woran sie scheitern.
1828 4045 3010 4142 gegen deren Dumpfheit die erwachende Leidenschaft einer
660 4087 1829 4165 Toter will da vom Leben erzwingen, was es nicht halten!
140 4102 658 4180 schlagenen oder weggewor¬
1834 4099 3006 4187 temperamentvollen Frau reagiert. Berta Garlan ist indes,
651 4137 1817 4216 kann, und das Gefühl, daß Unerschwingliches verlangt wird,
1834 4172 3018 4246 wie gesagt, keine Bovary. Sie sinkt nicht in den Taumel
136 4151 657 4239 gsdramas der Geist aller
653 4185 1825 4265 tritt unserer Teilnahme für die betrogene Erbin hemmend
2247 4200 3028 4297 K
147 4206 667 4272 ervor: immer kehrt das
