3392 4352
2708 316 2909 409 SO
1373 303 2080 422 mnnen r   Senernnnerereee
336 277 613 453 2
1482 364 1811 467 632•335
344 412 544 506 20
492 476 642 595 24
760 670 2751 757 AonlgteWacrane
2787 815 2869 867 GN
2661 846 2887 914 mndtrngengnsemen
405 883 466 958 g
544 997 2774 1109 Glätter für Welehrung und Anlethattung.
869 1086 2406 1191 Beilage der „Badischen Landeszeitung“.
2407 1190 2948 1283 7. Oktober 1903.
1245 1212 2022 1306 — Erscheint zweimal wöchentlich.
323 1223 625 1319 Nr. 80.
1653 1290 2970 1375 da sind auch die Hälfte Juden . . . nicht einmal ein Oratorium
1663 1357 2404 1440 kann man mehr mit Ruhe genießen.“
540 1349 1416 1441 Artur Schnitzler als Epiker.
1742 1410 2965 1468 Auch in der Novelle „Sterben“ die 1895 bei S. Fischev in
550 1433 1420 1487 Eine literarische Studie von Wilhelm Wéla.
1655 1445 2972 1520 Berlin erschien, ist es nicht etwa eine große, welterschütternde
407 1466 1649 1539 Als Ergänzung des Aussatzes über den Dramatiker Artur
1655 1492 2972 1560 Handlung, die den Reiz des Ganzen bildet, jondern vielmehr ein
332 1518 1638 1578 Schnitzler sei hier in kurzen Strichen das Porträt des Epikers ent¬
1655 1531 2983 1609 sehr einfaches, fast dürftiges Sujet, nur drei Personen, ein Wiener
334 1577 530 1651 worfen.
1655 1575 2996 1649 Hintergrund natürlich, — aber eine Feinheit in der psychologischen
421 1592 1653 1667 In Wien geboren, von Beruf praktischer Arzt, hat Schnitzler
1665 1621 2974 1689 Entwicklung, die man mit ihrer detaillierten Darstellung am lieb¬
338 1649 1650 1712 auch als Fachschriftsteller Bedeutendes geleistet. Bei Braumüller
1657 1667 2984 1734 sten mit den Radierungen Chodowieckis vergleichen möchte. Felix
336 1688 1650 1759 in Wien erscheint auch sein medizinisches Werk „Ueber sunktionelle
1666 1703 2980 1781 ist sehr leidend, er weiß es von einem Professor, daß er höchstens
329 1730 1646 1803 Aphonie und ihre Behandlung durch Hypnose und Suggestion“.
1667 1760 2981 1821 ein Jahr noch leben wird. Alfred, der ihn stets behandelt hat,
326 1771 1648 1842 Holla, sagt da einer, das gehört nicht in die literarische Porträt¬
1656 1800 2982 1869 war zu sehr sein Freund, als daß er's dem Kranken enthüllt hätte.
561 1813 1657 1891 Beruhigen Sie sich gefälligst, mein Bester, Schnitzler
327 1833 532 1894 studie!
1667 1832 2990 1930 Im Prater drunten sagt es Felix seinem Mädel, seiner Marie:
339 1862 1656 1940 verleugnet auch als Dichter den Arzt nicht, und darum wäre
1663 1880 2991 1958 „Es ist erbärmlich, daß ich Dir's überhaupt sage, und sogar
328 1903 1647 1960 es geradezu eine Lücke, hier über Schnitzler als Arzt und Fach¬
1663 1924 2988 1988 dumm. Aber weißt Du, es ganz allein zu wissen und so ein¬
339 1946 1652 2015 schriftsteller nichts zu sagen. Er schrieb auch kritische Aussätze in
2564 1969 2980 2022 — ich hätte es ja
1673 1974 2569 2044 sam herumzugehen, ewig mit dem Gedanken
331 1988 1650 2059 der „Internationalen klinischen Rundschau“, als deren verantwort¬
1661 2007 2991 2077 wahrscheinlich doch nicht lange ausgehalten. Vielleicht ist es sogar
332 2033 1662 2099 licher Redakteur er tätig war, ferner veröffentlichte er „Londoner
1676 2047 2990 2130 gut, daß Du Dich daran gewöhnst.“ Aber es kommt die Stunde,
335 2082 1655 2151 Briese“ 1888 und beteiligte sich an der Herausgabe des „Klinischen
1673 2101 2982 2168 wo Felix es nicht nur nicht allein wissen will, wo er
333 2127 1204 2200 Atlas für Laryngologie und Rhinologie“.
1662 2135 2982 2210 auch nicht allein sterben will. Es kommt die Zeit, wo
418 2148 1663 2232 Daneben war aber der Arzt auch Dichter. Er schrieb als
1674 2181 2987 2256 Marie ansängt, sich vor dem Geliebten zu fürchten. Sie hat es
346 2212 1665 2288 Mitarbeiter der Zeitschriften „Blaue Donau“, „Moderne Dicht¬
1674 2241 3004 2304 ihm freilich oft versprochen gehabt, ihn nie zu verlassen, aber
346 2257 1654 2328 ung“, „Moderne Rundschau“, „Franksurter Zeitung“ und „Freie
1664 2274 2997 2343 jetzt, wo sie täglich das Sterben sieht, das langsame Sterben, da
346 2307 1655 2371 Bühne" Gedichte, Erzählungen und dramatische Arbeiten. Aus
1662 2311 3001 2375 ist in ihr die Liebe zum Leben mehr #ewacht denn je. Es kommt
343 2361 1662 2431 jener Periode sind „Alkandis Lied“, „Episode“, „Frage an das
1662 2356 2990 2426 der Augenblick, wo sich Marie in der fürchterlichen Umklammerung
342 2415 1386 2459 Schicksal“, „Denksteine“, „Anatols Hochzeitsmorgen“.
1677 2400 2983 2467 des Sterbenden fühlt und seine Worte hört: „Zusammen, zu¬
433 2419 1668 2522 In seinen Dichtungen zeigt sich, wie der Dichter aus seinen
1678 2444 2989 2521 sammen! Es war ja Dein Wille! Ich hab' Furcht, allein zu
333 2496 1660 2561 Kenntnissen, die er als Arzt gewonnen, reichen Nutzen für die
1685 2482 2990 2561 sterben!“ Aber sie entwindet sich und flieht. Als sie mit Alfred
336 2545 1663 2592 Poesie zu ziehen weiß, — im Gegensatz zu jenen, leider nur all¬
1674 2541 2996 2597 wiederkehrt, finden sie Felix auf dem Boden liegen, „im weißen
335 2570 1666 2653 zuvielen, denen das medizinische Studium den Rest jeder edleren
1676 2578 2996 2650 Hemde, lang ausgestreckt, mit auseinandergespreizten Beinen und
343 2623 1670 2687 Empfindung genommen, und sie, um mit Hyrtl zu sprechen, zu
1673 2619 2998 2683 neben ihm ein umgestürzter Sessel. Vom Munde floß ein Streifen
343 2662 1660 2734 Folterknechten der Wissenschaft gemacht hat. Freilich so zarte
1683 2659 2994 2727 Blut über das Kinn herab . ..“ In keinem anderen Werke spricht
347 2705 1670 2767 Regungen, wie sie Schnitzler in seinen Werken bloßlegt, sind
1677 2707 2997 2776 soviel der Arzt mit, aber nicht der Arzt, der über dem Studium
341 2744 1666 2821 keine Bissen für jene Moralisten, denen ein allgemein=menschlicher
1674 2752 2988 2818 der Materie für die Regungen der Seele blind geworden ist, nein,
341 2802 1666 2861 Standpunkt überhaupt fremd ist — oder sein muß. Solche Leute
1679 2785 2996 2862 der Arzt, der die Empfindungen des Herzens nicht minder kunstvoll
347 2835 1664 2899 werden freilich nie ein Verständnis für die Analyse der menschlichen
1672 2856 2771 2921 zu zerlegen weiß, wie etwa die Objekte am Seziertisch.
336 2874 1670 2947 Leidenschaften, wie sie Schnitzler durchführt, haben wollen, denn
1757 2891 2996 2964 Spricht hier Schnitzler in der gewöhnlichen Form des Er¬
349 2919 1676 2984 wer von der Dummheit anderer lebt, hat gewiß ein Interesse
1680 2931 2997 3005 zählers, so begegnen wir ihm als Tagebuchschreiber in „Die Frau
338 2969 1080 3059 daran, daß dieselbe erhalten bleibe.
1681 2979 2997 3041 des Weisen“. Ein unendlich zarter Hauch liegt über dieser Novelle
444 3003 1656 3075 Den Künstler erkennt man am besten in seinen Werken, den
1677 3024 3002 3085 und wieder ist das Sujet mehr innerlicher als äußerlicher Natur.
354 3046 1667 3127 Dichter in seinen Schriften. So betrachten wir denn heute
1679 3070 3004 3137 Ein junger Doktor, — fast in jedem Werke Schnitzlers finden wir
355 3099 1679 3155 Schnitzler als Epiker. — Am bekanntesten ist wohl seine novellistische
1683 3118 3002 3169 einen Doktor der Medizin, — und die schöne Frau eines Pro¬
347 3132 1681 3199 Studie „Leutnant Gustl“, wegen der Schnitzler, da er Oberarzt
1682 3153 2999 3221 fessors, in dessen Hause der junge Mann einst als Gymnasiast
349 3177 1686 3249 in Evidenz war, im Sommer 1901 von einem militärischen
1679 3198 3012 3258 gewohnt, treffen sich nach sieben Jahren in einem Seebade. Sie
348 3238 1681 3295 Ehrenrate seiner Offizierscharge verlustig erklärt worden ist.
1688 3239 2999 3306 ist schöner als je und hat nun einen kleinen vierjährigen Buben.
360 3264 1683 3334 Der Inhalt der Studie ist sehr einfach, aber für die Verhältnisse
1679 3297 3001 3354 Jetzt steigen dem Doktor Erinnerungen auf an jene Stunde, als er
360 3311 1677 3381 ungemein bezeichnend. Leutnant Gustl hat im Konzert ein Renkontre
1687 3330 3009 3402 abreisen sollte und schon seine Koffer gepackt standen, als jene Frau
356 3355 1676 3422 mit einem energischen Zivilisten, einem Bäckermeister. Es kommt zu
1696 3374 3010 3441 zu ihm herauf ins Zimmer gekommen, ihn geküßt und in stummer
351 3391 1687 3480 Beschimpfungen, der Offizier will den Säbel ziehen, aber der Zi¬
1694 3421 3005 3482 Sehnsucht zu seinen Füßen gesessen hatte. Damals hatte er mit
351 3443 1685 3515 vilist hält ihm mit eiserner Faust den Griff und meint: „Herr
1698 3458 3006 3517 Schrecken bemerkt, wie sich die Tür öffnete und der Professor
352 3488 1685 3551 Leutnant, wenn Sie das geringste Aufsehen machen, so zieh' ich
1695 3506 3006 3573 eintreten wollte. Wollte, denn im nächsten Augenblicke war
363 3521 1674 3598 den Säbel aus der Scheide, zerbrech' ihn und schick' die Stück' an
1686 3544 3006 3606 er verschwunden gewesen. Jetzt hörte die Frau ein Geräusch,
352 3562 1674 3641 Ihr Regimentskommando. Versteh'n Sie mich, Sie dummer Bub'?“
1692 3587 2926 3653 angsterfüllt springt sie auf und der junge Mann reist ab...
355 3600 1686 3677 Leutnant Gustl verbringt eine qualvolle Nacht, er irrt im Prater
1694 3629 3011 3689 Nun liegt dieses Geheimnis wie ein süßes Fluidum zwischen
364 3656 1684 3723 umher und schläft auf einer Bank ein. Wenn das Regiment von
1692 3682 3009 3734 beiden. Bei einem Ausflug nach einer benachbarten Insel bricht
364 3696 1681 3779 der ganzen Geschichte erfährt, muß er quittieren. Es bleibt ihm
1699 3719 3018 3777 die Liebe wieder hervor. „Heute abend fahren wir zusammen aufs
369 3738 1691 3809 nur ein Ausweg, eine Kugel durch den Kopf. Als der Leutnant
1691 3767 3010 3820 Meer hinaus“, ladet die Frau ihn ein, „wir werden uns aufs
370 3777 1687 3861 sein letztes Frühstück im Caféhause zu nehmen meint, erzählt ihm
1695 3817 2946 3866 Meer hinaus — treiben lassen — und werden allein sein —
371 3826 1679 3891 der Kellner, den Bäckermeister hätte gestern abend der Schlag ge¬
2241 3846 3007 3910 „Ich bin glücklich“, sagt er, aber er
1691 3847 2254 3913 Warum redest Du nicht?“
365 3879 1346 3958 troffen, er sei tot. Nun ist Gustl gereilet ....
1692 3901 3011 3950 schandert im Innern vor dem, was er aus ihren Reden entnommen.
462 3895 1691 3989 Aber wie das gemacht ist. Wie originell. Das Ganze ein ein¬
1708 3950 3008 3995 Er hatte gedacht, der kleine, vierjährige Bub' bedeute eine Ver¬
371 3961 1688 4040 ziger Monolog von zwölf Stunden. Eine wunderliche Mischung
1700 3979 3019 4051 söhnung zwischen Mann und Frau seit jener Szene. Aber sie
376 4016 1696 4084 von epischer und dramatischer Form, äußerst lebendig und wirk¬
1692 4032 2791 4096 wußte es bis heute nicht, daß er sie damals gesehen.
375 4047 1698 4123 sam. Und welche beißende Satyre zwischen den Zeilen! „O die
1778 4079 3014 4132 Der Weise hatte ihr verziehen, — und sie ahnte es nicht ein¬
367 4089 1700 4169 Nase!“ meint Gustl im Gewühl nach dem Konzert, als er die
1686 4117 3022 4183 mal. Um neun Uhr abends sollten sie sich am Strande treffen.
381 4135 1698 4208 Leute betrachtet, „Jsdin! Noch eine ... Es ist doch fabelhaft,
2870 4166 3095 4238 #raa
