3392 4352
756 321 1221 414 box 37/3
75 328 697 425 2. Cuttings
1518 935 2800 1012 Feuilleton-Beilage des Tagesbote aus Mähren und Schlesien
487 936 681 1022 Seise 2
2749 1033 3248 1117 Sterben niederlegte, kon
1568 1060 2746 1119 zialität als ein führender Geist. Kommt er darüber nicht
370 1040 1577 1114 Buch einen Schatten auf alle früheren Bucher zurückwerfen!
2742 1096 3248 1175 nicht ein Genie dieser
1567 1108 2749 1166 hinaus, so bleibt er lediglich ein interessanter Sittenschil¬
384 1123 1570 1174 und manches, was nur natürlich ist, in den Verdacht des
2836 1153 3239 1218 Mit Salis' Tod b
1574 1153 2756 1221 derer, der der Zeit, für die er zeugt, untertänig ist, der
374 1157 1571 1226 Zynismus bringen. In Wahrheit ist „Reigen“ nur das dem
2749 1192 3247 1270 fall. Die Ungezählten, di
1573 1203 2744 1268 vollendete Typus einer geistreichen und dekadenten Jugend,
387 1206 1576 1277 Mange nach letzte Werk Schnitzlers, aber schon vor Jahren
2751 1253 3247 1317 Ville kamen, hatten imm
1576 1252 2743 1336 die noch stark genug ist, den Genuß zu zerfasern, aber doch
374 1273 1562 1321 entstanden und ursprünglich nicht für die Öffentlichkeit be¬
2747 1300 3157 1365 lionen vor Augen.
1565 1306 2553 1366 zu schwach ist, sich über ihn zur Tat zu erheben.
378 1307 1560 1389 sstimmt. Es handelt sich um Erfahrungen aus dem niedrig¬
2749 1339 3249 1411 konnten den spitzenbesetzt
1658 1344 2734 1413 Die Elemente der Größe, der Freude und der Lebens¬
378 1356 1569 1426 ssten Gebiete der Erotik, die in verschiedenfarbige Dialoge
2756 1395 3253 1469 standhalten. Von Tingel
1578 1402 2739 1456 bejahung sind ihm bisher versagt. Erhebt sich seine unleug¬
380 1424 1572 1467 eingekleidet sind und dadurch zusammenhängen, daß der
2765 1443 3252 1513 einmal da. Aber diesel
1572 1456 2739 1513 bare dichterische Kraft über die Welt, in die sie bisher ge¬
385 1446 1557 1513 Held oder die Heldin des brutalen Abenteuers immer wieder
2759 1494 3256 1559 Glieder nichts waren, wer
1575 1502 2744 1561 bannt war, dann ist Starkes von ihm zu erwarten; denn
380 1503 1562 1573 sin eine zweite gleich verfängliche Beziehung hinübergreift,
2756 1542 3248 1608 Meter breiten Bühne ei
1572 1549 2750 1614 die Kraft des Gestaltens liegt in seinen novellistischen und
376 1554 1566 1631 sso daß ein Reigen von Faunen und Mänaden gebildet wird.
2753 1590 3246 1661 Riviere zu schauen oder
1584 1597 2741 1657 dramatischen Kleinodien; in seiner gelassenen, ernst=liebens¬
387 1614 1563 1677 Die gute Beobachtung verleugnet sich auch hier nicht, aber
2754 1635 3250 1709 Fragerolle zu hören, die
1574 1648 2741 1716 würdigen Persönlichkeit, die äußerlich stark an Daudet er¬
377 1660 1567 1724 was dargestellt wird, ist die entseelte physische Lust in ihrer
2749 1691 3255 1756 sie doch auf veritablen
1580 1691 2743 1762 innert, liegt viel Kraft stiller Anspannung und verschwie¬
380 1708 1564 1775 täppischen Begehrlichkeit und in ihren kleinlichen Ränken, so
2760 1732 3249 1812 wie im Cabaret „Au ne
1576 1739 2745 1832 gener Innerlichkeit, die sich zu geschlossenen Wirkungen
381 1753 1558 1814 daß das Ganze sich trotz der künstlerischen Fassung den Niede¬
2757 1791 3259 1857 nen Cypernwein in antic
1576 1799 1793 1867 sammelt.
392 1790 1568 1859 nungen jener pikanten Literatur nähert, die der schmutzigen
2751 1837 3247 1912 ten wie in „Au ciel";
1667 1823 2733 1912 So ist er, wie ich im Eingange sagte, ein Prätendent
379 1851 1578 1915 Neugierde entgegenkommt. Immer damit beschäftigt, die
2753 1884 3236 1956 Süßigkeiten noch die „
1579 1896 2748 1958 für einen Fürstensitz der Literatur; sicherlich ein Prinz
393 1897 1569 1976 tragischen Wirkungen der Sinnlichkeit auf den Organismus
2755 1939 3258 2008 des Inferno vermochten
1573 1957 2738 2028 aus Genieland, aber im höchsten Sinne bis jetzt doch nur
389 1950 1564 2009 einer dekadenten Gesellschaft darzustellen, mochte Schnitzler
2753 1993 3238 2050 P. T. Pariser Publiko
1588 1992 1902 2076 ein Prätendent.
394 1996 1564 2054 diese Studien entworfen haben — das war sein Künstler¬
2829 2036 3257 2099 Und von den Bata
396 2056 1572 2121 recht, vielleicht für ihn eine künstlerische Notwendigkeit, um
2713 2059 3263 2153 P Montmartre war von An
391 2120 1586 2170 des Elements, das durch so viele menschliche Beziehungen
2747 2136 3251 2211 gewesen — wieviele sind
389 2145 1587 2224 hindurchwirkt, völlig Herr zu werden. Aber er durfte diese
2835 2177 3252 2249 Vier Mann im gan
392 2194 1578 2262 Blätter, diese ganz einseitigen Studien, diese dürren Ge¬
1913 2168 2426 2272 Montmartre 7.
2746 2229 3265 2287 wenn man denken müßt
379 2242 1587 2325 rippe der Erotik, die zusammen wie ein Totentanz der Ge¬
1957 2253 2373 2341 Von Eugen Schick.
2757 2278 3245 2348 des Kunstzigeunertums
383 2295 1583 2379 meinheit anmuten, nicht aus der Künstlermappe hervorholen,
2837 2335 3258 2390 Willette ist der erste
384 2331 1584 2421 um sie vor der Öffentlichkeit auszubreiten — ihr Erfolg
1656 2320 2739 2434 Monkmartre liegt im Sterben. Vielleicht ist es schon
2748 2376 3241 2445 von Montmartre, der
395 2390 1567 2469 ruht auf einem unkünstlerischen Nebeninteresse, dem sich
1576 2395 2743 2458 tot. Ein wehmlitiges: „Es war einmal . . .“ Und es war
2750 2422 3270 2494 Leben erweckt hat. Aber
395 2455 1380 2518 dichterische Gaben nicht dienstbar machen dürfen.
1577 2447 2417 2521 etwas Schönes .. . Und heute: „Aus is!“
2751 2477 3266 2556 Knabe, dem seine Colom
476 2482 1565 2549 Der „Reigen“ ist indes, wie gesagt, nicht von heute,
1664 2500 2740 2559 „Also haben wir doch recht gehabt!“ werden sich nun
2827 2525 3264 2592 Dann kommt Stein!
398 2538 1570 2597 wöhrend „Der Schleier der Beatrice“, unzweifel¬
1581 2558 2755 2608 viele Leute sagen — denn, „recht zu haben“, darauf kommt
2753 2567 3261 2646 der vollgepfropften Omn
397 2587 1573 2664 haft ein Hauptwerk Schnitzlers, seiner letzten Schaffenszeit
1574 2598 2746 2644 es doch im Leben an . . . Leute aus dem Lande der Gottes¬
2753 2623 3257 2693 der kleinen Mädchen, die,
395 2644 1562 2712 angehört. Dieses Drama ist ein im Grundtone hochgestimm¬
1571 2642 2741 2706 furcht und frommen Sitte werden es sich sagen, Leute, die
2752 2674 3269 2750 das Pariser Pflaster tä
400 2687 1571 2747 tes Werk, das auf einen übergang hinzudeuten scheint.
1581 2700 2738 2759 mit gemsbartversehenen Lodenhüten und Touristenjoppen zur
2759 2728 3257 2796 stadtgassen, in denen das
395 2737 1569 2820 (chnitzler macht da zum ersten Male den Versuch, aus dem
1580 2750 2741 2811 Zeit der letzten Pariser Weltausstellung in der schweißtrei¬
2837 2774 3266 2843 Als dritter ist sodan
379 2790 1566 2849 Genremäßigen und Epigrammatischen herauszukommen und
1576 2794 2754 2861 benden Atmosphäre unterschiedlicher Montmartre=Künstler¬
2750 2814 3264 2889 katurist allerersten Rang
390 2833 1572 2894 ein breiteres Weltbild aufzurollen. Die Renaissance, die
1578 2845 2743 2922 kneipen einherstiefelten, jedes Kabarett mit einem Fluche ver¬
2755 2883 3261 2938 Scharfblicke für körper
394 2891 1552 2952 gelegentlich schon wie durch eine Luke in seine kleinen Szenen¬
1579 2895 2740 2961 ließen, der nach „Schwindel!“, „Humbug“ „Mumpitz“ oder
2748 2919 3267 2991 Künstler demgemäß, welch
386 2932 1571 3002 folgen hereinleuchtete, überglänzt da die ganze Breite der
1578 2944 2743 3017 etwas Ahnlichem klang, um hierauf, ein, zwei Hausnummern
2752 2970 3254 3043 keine größere Lust kennt,
391 2977 1565 3052 Szene. Ernste Kämpfe und Staatsinteressen werden in das
1574 2997 2220 3064 weiter, vom neuen 'reinzufallen
2752 3023 3264 3081 ten voran, so abzubilden
395 3029 1578 3125 Toben der Leidenschaften hineingezogen und die Sprache,
1674 3049 2746 3117 Freilich: das Montmartre der letzten Exposition
2765 3080 3264 3141 Spiegeln unserer „Lachk
388 3095 1572 3163 grillparzerisch angehaucht und dabei doch nicht ohne ori¬
1586 3095 2747 3176 universelle war gar nicht das eigentliche. Es war ein für
2844 3129 3274 3188 Und der Vierte ist
391 3140 1567 3212 ginelle Klangfarbe, erhebt sich im Verse zum glücklichen Aus¬
1581 3150 2138 3223 die Fremden hergerichtetes.
2751 3162 3274 3240 Huysmans des Montmar
398 3185 1583 3272 drucke des Bedeutsamen. Sicherlich ist in diesem Drama
1672 3179 2755 3251 Aber auch das „eigentliche“ Montmartre liegt im Ster¬
2763 3219 3265 3285 Der letzte Sproß des b
399 3230 1573 3299 mehr Reichtum der Vorstellungen und der Charakteristik als
1590 3238 2751 3305 ben. Oder ist vielleicht schon tot. Herr Erich Klossowski
2757 3272 3274 3330 schlechtes, der seine Mode#
386 3280 1572 3363 in irgendeinem vorhergegangenen Werke Schnitzlers, aber
1582 3292 2741 3360 sagt es, ein Kenner der Pariser Bohème, wie man sich ihn
2757 3320 3278 3391 cafés findet, der seine B
398 3326 1581 3402 auch weniger Sicherheit der Technik, und wenn man näher
1580 3349 2740 3404 unterrichteter gar nicht mehr vorstellen kann. Und Herr
2752 3373 3265 3435 schweifungen skizziert, de
390 3377 1573 3459 zusieht, auch noch keine überwindung der Motive, an die
1581 3390 2744 3463 Klossowski, der ein Kritiker bester impressionistischer Manier,
2753 3413 3251 3482 Scheines, die tausend
394 3425 1577 3504 die ganze dichterische Jugend des Autors gekettet erscheint.
1579 3442 2736 3517 ja vielleicht ein Dichter ist, hat dem Leben auf der „butte“
2750 3449 3250 3537 Menschen verhöhnt und
383 3487 1576 3556 Die tolle Sturmnacht der Schwelgerei, in die das anschei¬
1583 3486 2746 3555 flugs einen Epilog geschrieben, der als fünfzehnter Band
2765 3508 3275 3574 keit medizinischer Arbeiten
403 3525 1566 3614 nend dem Untergange geweihte Bologna untertaucht, dient
1580 3541 2737 3613 der von Richard Muther unter dem Sammeltitel „Die
2754 3558 3260 3629 sen in die Menge wirft
406 3570 1571 3645 doch nur dazu, das alte Thema von dem „süßen Mädchen“,
1578 3596 2753 3652 Kunst“ herausgegebenen illustrierten Monographien im
2835 3613 3267 3699 Das ist die künstleri
398 3625 1576 3685 ddas durch die Leidenschaft der Männer zweifach, durch über¬
1587 3645 2747 3722 Verlage Julius Barv inBerlin eben erschienen ist.
2763 3652 3038 3730 Montmartre.
386 3677 1580 3746 schätzung und Verachtung, mißhandelt wird, noch einmal
1662 3686 2748 3769 Der Märtyrerhügel als Sammelpunkt moderner Kunst¬
2841 3695 3274 3782 Montmartre ist tot.
401 3717 1575 3817 gründlich abzuhandeln. Der bedrohte Staat, der verant¬
1587 3738 2750 3800 beflissenen zählt erst ab 1881. In diesem Jahre gründete
405 3765 1571 3834 wortliche Herzog, das Tosen und Schwanken des Volkes,
1582 3769 2762 3849 Rodolphe Salis sein Kabarett „Au chat noir“, das Kneip¬
400 3817 1580 3889 sdas ist alles nur schöne Dekoration, diese ganze aufgewühlte
1590 3848 2203 3909 lokal „Zum schwarzen Kater.“
391 3870 1578 3950 Welt dreht sich um ein kleines, sinnliches Geschöpf, das,
1670 3873 2764 3962 Dieser Salis muß ein närrischer Kumpan gewesen sein.
2982 3887 3281 3998 Des Haup
403 3911 1581 3997 halb Weib, halb Dirne, von großer Hingebung und klein¬
1588 3929 2755 4001 Etwas von Don Quixote, etwas von einem Jahrmarkts¬
402 3965 1570 4054 lichen Begehrungen hin= und hergeworfen wird, bis es in
3034 3975 3271 4049 Skizze von
1599 3982 2759 4051 buden=Ausrufer und etwas von einem amerikanischen Trust¬
396 4027 1571 4101 seiner Gebrechlichkeit, die für die Freiheit nicht geschaffen
1583 4052 2765 4102 Kommandore up to date stak in ihm. „Gott hat die Welt
2974 4037 3281 4131 Deutsch von S
407 4067 1571 4142 ist, zu Grunde geht. Die überreizte Leidenschaft des Poeten
1588 4080 2764 4159 gemacht, Napoleon hat die Ehrenlegion gegründet, ich habe
2833 4114 3289 4189 Die soeben aufgehende
403 4108 1583 4200 und des Fürsten sucht in dem Kinde eine Größe, die das
1600 4129 2754 4201 Montmartre gemacht“ —so hat er sich selbst einmal einge¬
403 4159 1585 4240 Flitterwesen nicht aufbringen kann; unschuldig=schuldig geht
1591 4174 3290 4254 schätzt. Die längste Zeit hat dieser Rodolphe Salis sein Le¬ Kreisstadt, die Hähne warch
411 4210 1583 4288 diese Geldin, die keine ist, an den Enttäuschungen der wilden
1941 4239 2013 4306 G
