3344 4352
172 231 765 346 2. Cuttings
1288 150 1468 223 —.—
858 234 1333 327 box 37/3
813 944 2486 1016 402 Wsssesee Prof. Nich. M. Meyer: 188
1663 1017 2483 1071 Bernard Shaw, die realistische Milieukomö¬
826 1008 1652 1072 Schriftsteller so weit getrieben hat wie Eli¬
1662 1063 2490 1104 die aus, und es entsteht ein an blitzenden
818 1061 1654 1115 gius Reichsfreiherr von Münch=Bellinghausen
1665 1102 2493 1149 Einfällen reiches Drama: „Josephine“ (1898);
826 1111 1652 1159 genannt Friedrich Halm! — mitgebracht und
1675 1139 2489 1187 er stellte der Zerrissenheit und Scheinsucht
825 1144 1657 1195 verstärkt. Aber das Entscheidende haben
1676 1184 2486 1229 moderner Literatur die altmodische Einfach¬
831 1182 1653 1234 nicht sie bewirkt, sondern eben die notwendige
2229 1215 2497 1271 des altöster¬
1668 1215 2177 1265 heit eines „guten Mannes“
834 1224 1656 1272 Weiterentwicklung jener Tendenzen, die mit
1677 1262 2439 1308 reichischen Dialektdichters Stelzhamer
823 1261 1659 1304 dem alten Österreich zusammenbrachen, ohne
1673 1301 2504 1348 gegenüber und bildet die Idee zu dem liebens¬
821 1303 1657 1347 zu verschwinden. So ist denn auch der erste
1665 1329 2493 1391 würdigen Fünfakter „Der Franzl“ (1900)
836 1341 1660 1389 Sturmvogel des neuen Wien in der Literatur
1673 1364 2488 1423 aus; er kritisiert wiederum die philiströse
826 1381 1663 1428 ein „reinblütiger“ Österreicher gewesen, frei¬
1661 1414 2496 1461 Genieschen, indem er aus dem Schicksal des
832 1418 1652 1465 lich aber auch kein Sohn der Kaiserstadt,
1665 1450 2489 1497 Komponisten Hugo Wolf die tragische Szenen¬
832 1455 1659 1505 sondern ein Kleinstädter, der an dem Boden
1674 1491 2490 1550 reihe „Der arme Narr“ (1906) herausspinnt.
827 1496 1661 1549 seiner Heimat nicht so fest haftete, wie noch
1675 1527 2497 1584 Ein Schauspieler — Talma —, ein Dichter
821 1533 1659 1585 heut viele Wiener Schriftsteller — Schnitzler
1699 1572 2490 1628 — Stelzhamer —, ein Komponist — Hugo
819 1575 1472 1632 z. B. oder gar Peter Altenberg.
1783 1608 2488 1655 — die kann er dramatisch rezensieren;
1671 1604 1791 1665 Wolf
877 1595 1662 1667 Hermann Bahr aus Linz (geb. 1863) hat
1679 1650 2496 1694 will er allgemeiner politische Verhältnisse
835 1646 1663 1695 als Nationalökonom und Sozialdemokrat
1670 1691 2490 1738 („Der Apostel“, 1901), kulturelle Zustände
840 1694 1660 1737 angefangen und ist (1886) mit einem Pam¬
1679 1726 2478 1773 („Der Athlet“, 1899), „Der Klub der Erlöser“,
824 1727 1663 1782 phlet gegen den bekannten konservativen
1668 1770 2492 1811 1905) oder auch selbst theatralische Zeitbilder
836 1762 1668 1816 Sozialpolitiker Schäffle zuerst hervorgetreten.
1681 1803 2495 1856 („Der Star“ 1898) und künstlerische Lebens¬
830 1817 1660 1863 Der hatte „Die Aussichtslosigkeit der Sozial¬
1681 1827 2501 1890 ausschnitte („Das Tschaferl“, 1897) vergegen¬
837 1844 1659 1896 demokratie“ geschrieben — Bahr schrieb „Die
1678 1878 2507 1930 wärtigen, so entstehen leblose Figuren, die
835 1887 1650 1928 Einsichtslosigkeit des H. Schäffle“ und offen¬
1676 1914 2498 1970 mühsam in Situationen gebracht werden,
828 1928 1654 1974 barte sofort schon im Titel sein Talent zu
1678 1958 2498 2010 aus denen man Pointen und Paradorien
833 1966 1661 2010 geistreichen Worten und effektvollen Um¬
1670 1997 2440 2058 hervorziehen kann („Ringelspiel“, 1905).
838 2002 1660 2053 kehrungen. Er reiste viel, und als in Berlin
1717 2031 2506 2083 Man pflegt zu sagen, der Dramatiker sei.
834 2050 1672 2100 mit der „Freien Bühne“ ein Schauplatz für
1672 2066 2506 2126 vor allem durch die Kraft gekennzeichnet,
830 2081 1634 2129 wirklich moderne Dramatik geöffnet schien —
1666 2114 2502 2168 mit der er sich in fremde Seelen hinein¬
839 2119 1661 2170 wir dürfen, nachdem die Phasen der Über¬
1672 2164 2500 2207 zuversetzen verstehe. Aber es gehört dazu
836 2157 1660 2207 schätzung und der Unterschätzung vorbei¬
1672 2191 2498 2243 noch ein anderes: er muß die Seele erst
824 2196 1658 2248 gegangen sind, ruhig sagen: auch geöffnet
1675 2228 2509 2287 schaffen, in die er sich einfühlen soll! So¬
841 2241 1666 2278 ward —, da war Bahr als eifriger journa¬
1684 2269 2502 2317 leidenschaftlich muß er sich in den Hamlet,
832 2273 1662 2323 listischer Helfer an Stelle. Er vervielfältigte
1677 2308 2513 2362 den Tasso den Tell hineinuersenken, daß ein¬
835 2315 1671 2367 sich, und als in der zur Unterstützung jenes
1674 2341 2513 2388 neues Wesen gezeugt wird, ähnlich ver beien.
832 2348 1668 2399 Theaters gegründeten Zeitschrift der bei uns
1677 2376 2510 2425 Eltern: der überlieferten Figur — und dem
837 2386 1667 2442 nie fehlende „häusliche Krach“ erfolgte, trat
1684 2419 2514 2471 Dichter. Dies ist Bahr versagt. Er kommt
837 2431 1661 2474 Hermann Bahr gleich, wenn ich nicht irre,
1674 2458 2508 2502 nicht so weit, er bleibt zu fest in seine Atmo¬
842 2465 1670 2528 in vierfacher Gestalt auf: auch noch als
1678 2484 2509 2552 sphäre gebannt; nur über die Mauer spricht
839 2517 1669 2566 „Hermann Linz", „Globetrotter“ usw. (Es
1679 2533 2515 2584 er mit den Gestalten seiner Phantasie. Ge¬
837 2548 1661 2599 war die Zeit, in der andere Journalisten von
1688 2576 2512 2624 nügte jene Bedingung, so wäre Bahr einer
834 2572 1668 2633 etwas weniger Talent und sehr viel weniger
1684 2611 2518 2663 der ersten Dramatiker unserer Zeit. Denn
842 2624 1669 2671 Charakter in ein paar Organen ihren ver¬
1684 2654 2504 2705 in fremde Seelen sich einzufühlen, einzu¬
844 2658 1673 2706 schiedenen Seelen diametral verschiedenen
1677 2683 2514 2739 wühlen, ist seine Leidenschaft und seine Vir¬
839 2705 1671 2755 Ausdruck liehen; bei Bahr war jeder solcher
1681 2723 2520 2794 tuosität. Doch aber — es bleibt auch hier
841 2742 1672 2792 Widerspruch vor der letztgeäußerten Meinung
1687 2774 1883 2827 ein Aber.
845 2782 1675 2831 stets durch die Auslandsfrist einer Entwick¬
1726 2788 2515 2852 Schon in dem alten Wien spielte die
849 2813 1680 2867 lung gettennt.) Dann zeigte er in einem
1678 2840 2509 2910 Literatur eine unverhältnismäßig groß
836 2860 1674 2905 den Skandinaviern nachgebildeten Drama
1688 2886 2489 2937 Rolle. Die Talente und Halbtalente sitze
841 2894 1675 2955 („Die große Sünde“ 1889) und einem noch
1685 2928 2484 2977 zu dicht aufeinander; fortwährend treff
853 2939 1679 2988 viel stärker von französischen Mustern ab¬
1689 2955 2499 3022 sie sich im silbernen Kaffeehaus — und
847 2971 1675 3025 hängigen Roman („Die hohe Schule“, 1890)
1689 2997 2493 3051 reden Literatur. Selbst bei Grillparzer, vi
844 3011 1673 3059 seine gefährliche Anpassungsfähigkeit. Ich
1690 3042 2482 3095 stärker noch bei Schreyvogel oder Bauer
839 3056 1676 3108 habe eben den, für mich wenigstens, un¬
1692 3077 2483 3134 feld — wovon ist in Tagebüchern und Brief.
850 3081 1670 3147 sympathischst Mann von Alt=Wien genannt:
1687 3115 2478 3171 die Rede? Von Büchern und vom Theat¬
852 3133 1679 3206 Friedrich Halm; etwas von dessen bösem
1696 3155 2467 3211 Von Politik darf man ja nur mit Vorst
851 3173 1677 3220 Talent, Tendenzen der Zeit sich anzueignen
1684 3193 2473 3250 reden; sie wird aber auch fast nur unter d
849 3206 1677 3275 und vergröbert wiederzugeben, lebte in dem
1692 3232 2456 3291 Gesichtspunkte der Zensurfreiheit und :
846 3251 1416 3310 damaligen Bahr wieder auf.
1690 3270 2441 3327 verbesserten Buchhandels aufgefaßt.
911 3277 1678 3338 Dann entdeckte er sich selbst — und ward
1691 3309 2443 3378 Immerhin: das lebendige Theater stand
848 3331 1685 3373 ein in seiner Art unvergleichlicher Kritiker.
1695 3342 2449 3415 ein Stück künstlerischer Qualität neben
851 3368 1679 3414 Eine lange Reihe von packenden, geistreichen,
1686 3390 2454 3451 abstrakten „Literatu.“. Jetzt ist diese Re¬
849 3404 1685 3455 aber auch gemütvollen Essays und Kritiken
1686 3425 2459 3484 tät zerflattert; das Burgtheater beden
854 3446 1682 3501 zeugt für ihn gegen seine vielen mißglückten
1687 3483 2462 3520 unter Laube und Dingelstedt nicht mehr ge
850 3481 1679 3525 Dramen. Auch diese gewinnen die rechte
1685 3506 2466 3568 unter den Späteren gar nicht mehr, was
850 3524 1680 3576 Beleuchtung erst, wenn man sie als drama¬
1689 3543 2526 3597 für die Wiener Dichter zur Zeit Schreyvogel¬
847 3560 1683 3620 tisierte Kritiken auffaßt. Er spielt gegen den
844 3583 2513 3653 Herrenkult, wie gleichzeitig der Irländer bedeutete. Die einzige künstlerische Wirklich¬
2500 931 3353 1025 1888888a Das literarisch
2503 1008 3318 1071 keit, die geblieben ist, ist — das Kaffeehaus,
2511 1063 3329 1111 der Treffpunkt geistreicher Meinungen, wirk¬
2510 1091 3329 1158 samer Paradorien, die Versuchsbühne für
2503 1136 3324 1194 merkwürdige Ideen, das eigentliche Theater
2507 1177 3325 1240 geradezu, in dem die ehrgeizigen Autoren
2506 1217 3324 1278 ihre Szenen vor einem kongenialen Publi¬
2501 1260 2962 1315 kum zum besten geben.
2547 1277 3351 1335 Man hat die Wichtigkeit dieses Eitelkeits¬
2504 1341 3328 1386 marktes wohl überschätzt: Karl Kraus, Leo
2505 1362 3350 1426 Hirschfeld in ihren Satiren auf das „Café
2506 1411 3349 1466 Grienstadel“ und Rudolf Lothar in seinem“
2509 1434 3342 1500 Kaffeehausroman „Halbnaturen“, denen
2506 1481 3353 1545 dann in Berlin analoge Parodien auf unser
2507 1512 3352 1577 „Café Größenwahn“ gefolgt sind. Das aber
2503 1559 3336 1621 ist richtig: eine Zeitlang hat sich die jung¬
2511 1593 3350 1657 wienerische Literatur nur für das Café stili¬
2501 1634 3353 1704 siert. Dahin gehören jene sonderbaren kleinen
2510 1688 3340 1736 Unarten: die Leidenschaft, mit der Kennt¬
2506 1719 3343 1776 nis von Kognakmarken und Zigarettenfirmen
2512 1758 3351 1812 zu renommieren, wobei man so nüchtern sein
2500 1806 3276 1850 kann wie der letzte — hoffentlich letzte!
2508 1833 3351 1894 in dieser Reihe: der prätentiös=wichtige Lud¬
2514 1872 3343 1938 wig Hirschfeld, der richtige Epigone in der
2501 1909 3352 1977 dritten Potenz. Dahin gehören aber auch
2515 1958 3351 2007 Eigenheiten des inneren Zuschnitts wie
2520 1996 3353 2048 die, alles nur sub specie literaturae anzu¬
2522 2034 3340 2099 sehen. Ihr offizieller Repräsentant ist der da¬
2513 2076 2796 2130 malige Bahr.
2556 2087 3352 2172 Man kann sagen: es ist seine Größe, daß
2509 2158 3352 2209 er überall Menschen sucht, daß er warm¬
2515 2187 3352 2247 herzig Menschen zu fördern strebt — und
2514 2223 3342 2279 dies ist seine Tragik, daß er nur Bücher
2513 2260 3340 2322 findet. Die Seele, in die er sich einzufühlen
2511 2305 3345 2352 versteht, die er künstlerisch umgebildet uns
2515 2342 3351 2385 wiedergibt — es ist nie die Seele eines
2520 2370 3351 2422 Menschen, immer die eines Buches. Das
2525 2424 3345 2471 macht diese Essay=Sammlungen so inter¬
2527 2456 3354 2513 essant („Zur Kritik der Moderne“, 1891; „Die
2526 2500 3340 2545 Überwindung des Naturalismus“, 1891;
2519 2540 3343 2582 „Renaissance“, 1892; „Premieren“ 1901, u.a.):
2523 2573 3348 2625 die Bücher werden lebendig, erzählen von
2522 2607 3352 2660 ihrem Wollen und Werden; ihre Gedanken,
2520 2644 3352 2701 dort erstarrt, werden wieder flüssig, die Ge¬
2530 2693 3352 2743 stalten neugeboren. Oft sieht Bahrs Dar¬
2520 2730 3334 2785 stellung dem Original so wenig ähnlich wie
2526 2766 3352 2816 Schillers Wallenstein dem historischen — oft
2524 2807 3353 2858 hat sie eine höhere Wahrheit als ein refe¬
2523 2851 3353 2894 rierendes Porträt geben könnte. Vor allem
2523 2878 3352 2929 baber: es sind Kunstwerke, weil das Eckchen
2515 2925 3352 2988 Literatur stets durch ein Temperament aus¬
2523 2963 2765 3025 geebnet ist.
3135 2990 3348 3054 nicht nur
2564 2991 3136 3059 Und dies Temperament ist
2728 3033 3346 3091 — es ist auch individuell. Mag
2507 3039 2726 3096 „modern“
2499 3081 3346 3129 sich Hermann Bahr mit Eugen Wolff um
2519 3119 3343 3176 'die Priorität des so unschönen als unent¬
2529 3156 3343 3208 Zehrlichen Wortes „die Moderne“ streiten,
2515 3193 3352 3255 mag er das Wort „suggerieren“ eine Zeit¬
2526 3226 3336 3285 tang zu einem unvermeidlichen Modeartikel
2518 3274 3353 3334 gemacht haben — die Hauptsache ist doch,
2527 3307 3351 3361 aß hier ein Mensch war, für den es ein
2531 3356 3351 3409 Glück war, wirklich oder scheinbar Morgen¬
2531 3393 3353 3443 Wten aufgehen zu sehen, die noch nicht ge¬
2538 3426 3341 3475 Ruchtet hatten; für den es eine Seligkeit
2534 3467 3352 3514 dedeutete, neue Sensationen zu empfinden
2540 3509 3351 3564 and durch das Weitergeben das Gefühlsleben
2529 3548 3343 3596 anderer zu bereichern. „Denn edlen Seelen
2518 3590 3336 3648 vorzufühlen ist wünschenswertester Beruf“
