3392 4352
846 226 1309 318 box 37/3
165 235 752 343 2. guttings
2460 570 2874 647 gerrtan
1130 597 2002 654 Taf starka händer och kastades omkull 1 sangen,
2015 592 2466 679 tjudrad vid trapprücket.
1145 653 2003 699 där tre bofvar, sedun de stoppat en näsduk 1
324 643 1146 708 Dottern trodde sig vid deras inträde höra nä¬
2046 643 2890 729 Hon berättade dd under harmens tärar, att
1153 689 2002 751 hennes mun, mieshandlade henne pä ett sält,
289 692 1142 751 got buller frün öfra väningen, men modern pä¬
2004 685 2483 766 Inbrottstjut tar varlt där.
1150 731 1655 783 som icke här kan nämnas.
136 725 1144 780 Skott Istod att detta blott var inbillning, ty dörrarne
2034 728 2874 813 Nägon uppgift, nom kan leda till deras gri¬
1187 752 2011 823 Efter utfördt däd släpade de henne sedan ut
146 777 1154 847 dagarhade ju varlt omsorgsfullt stängda, och da läsen
2003 791 2886 856 pande, kunde hon dock icke lämna, ty de hade
1148 799 2006 851 1 trappuppgängen, där de bundo henne vid räc¬
302 822 1143 877 vore förträffliga ansäg hon det omöjligt att nä¬
2016 841 2807 885 varit maskerade, när de begingo sitt illdad.
145 837 281 895 scen,
1138 828 2019 900 ket, hvarefter de brôto upp skäp och byräar och
413 853 821 899 ulle kunna komma in.
285 857 369 911 gon
138 871 285 948 errans
2012 928 2865 998 förbjudet att se Beyerleins bekanta pjäs „Tap¬
1193 944 1999 994 Som människa är Arthur Schnitzler nägot af
298 943 1146 1022 Hos Österrikes mest framstäende
2021 977 2213 1038 penstregs.
142 961 291 1045 hätek
1146 971 1994 1037 det alokvärdaste och mest rättframma man kan
1150 1027 2003 1073 tänka sig. Diktaren bor 1 en villa i en uf
128 1024 286 1086 odium
430 1010 1027 1097 dramatiska författare.
2041 1025 2883 1087 Och siutligen blek Schnitzler 1 anledningkaf
1168 1062 2005 1129 Wiens mäleriska utkanter, hvarest han-kan ar¬
144 1074 303 1138 herden
459 1082 1007 1149 (Bref till „Fäderneslandete.)
2021 1096 2869 1137 „Lieutenant Gustle beröfvad ein officersvärdig¬
1155 1103 1475 1164 beta 1 ostörd ro.
128 1118 299 1189 röder,
2016 1119 2893 1178 het, hvilket den berömde författaren naturligtvis
1190 1125 2004 1192 Da Fäderneslandetss korrespondent under ett
2017 1167 2875 1212 tog mycket lätt. Schnitzler, som är jude, häna¬
1158 1179 2009 1226 besök hos Schnitzler sporde, om han nu slagt
2015 1209 2875 1252 des likväl pä grund düraf, af den antisemitisk:
1160 1219 1995 1287 medicinar'n helt och hället pa hyllans, nvarnde
130 1202 303 1284 m sitt
2020 1242 2887 1304 tdningspressen, hvilken 1 Wien öfver hufvud
1153 1266 1506 1309 författaren leende:
138 1267 296 1334 ämjan
677 1245 878 1364 2
2011 1278 2679 1342 taget inte generar sig för nägonting.
1188 1279 2004 1342 — Nej, viest inte. Kanske önskar ni en liten
153 1319 298 1384 äter¬
2058 1310 2891 1371 I sammanhang därmed bör det ju ej sakna
1158 1336 1998 1390 konsultation? Jag har just i dag köpt ett in¬
2012 1363 2881 1416 sitt intresse att höra nägra uttalanden af nämda
1161 1368 1978 1427 strument för att undersöka dallga halsar med —
2000 1400 2148 1463 prees:
1155 1410 2003 1465 min hustru lider nämligen af en halsäktomma —
162 1411 300 1475 detta
2112 1416 2890 1502 Judarne ha, som bekant, alltid känt sig
1155 1446 2011 1502 och jag känner en egendomlig ohemlängtane när
168 1453 298 1522 stor
2022 1472 2882 1531 dragne till häringsfriheten (freie Beruf). Wie¬
756 1503 834 1551 •
1154 1494 2007 1542 jag säledes kommer 1 beröring med min gamia
146 1510 298 1572 nfort-
361 1487 755 1578 K
2017 1525 2886 1569 nerjournalistiben räknar därför ett stort judlekt
1151 1527 2009 1594 vetenskap. Hvad som synnerligen intresserar
741 1538 965 1618 An
2016 1559 2890 1602 öfverskott. I Wien är det en atäende regel att
136 1557 306 1624 brdet;
1163 1581 2012 1632 mig, är för öfrigt de modärna nervsjukdomarne.
2020 1599 2880 1651 vara ovettig mot journalisterna och enkannerli¬
1185 1607 2015 1654 Schnitzler-har under 1896 besök: aila de skan¬
138 1609 299 1674 sön-
2025 1637 2897 1685 gen mot judiska sädana. Till och medi en sä
1151 1631 2009 1696 dinaviska landen och är uppfyild af beundran
129 1655 296 1727 n pä
2022 1670 2891 1724 erkänd talang som Herman Bahr framställes ofta
1158 1685 2004 1748 för deras natur och frodiga litteratur. Han räk¬
169 1701 299 1769 som
2020 1711 2893 1757 som typen för en judisk journalist.-Men folk
1164 1723 2006 1785 nar till sina vänner sädane män som Georg
2020 1753 2890 1799 som man pä ett eller annat sätt har nägot emot
146 1737 291 1821 ärtans
1163 1764 2017 1818 Brandes, Peter Nansen etc. och följer med stör¬
2019 1789 2886 1845 kallar man 1 allmänhet 1 Wien för sjudar-, och
1170 1803 2007 1848 sta intresse i synnerhet den nordiska dramatieka
315 1776 796 1888 SWu
2024 1834 2893 1879 dette med en viss föraktfull betoning. Motstän¬
1167 1843 2014 1890 litteraturen, I gengüld är ock ett urval af Schnitv¬
164 1841 287 1915 för-
2025 1871 2885 1919 darne glömma likvät därvid att just de själtve
855 1784 1004 1945 10
1162 1873 2015 1932 lers egen produktion (-Ur lifvets komedis) öf¬
2021 1906 2894 1960 äga alle de fel som de anklaga de judiska jour¬
136 1898 308 1975 nsin
1167 1924 2006 1973 versatt ich utkommet hos Gyldendal i Köpen¬
2030 1946 2900 1996 nalisterna för, utan att de äga en gnista af de¬
144 1944 304 2017 n pre¬
1169 1960 2019 2011 hamn. Afven vära nordiaka okulinariska feno¬
2020 1982 2885 2033 ras stora medryckande talang. Inom Wiener¬
1166 1996 2015 2046 mene erinrar sig den kände författaren med väl¬
153 2001 294 2062 ut in¬
379 1999 626 2096 W 3T N
2026 2019 2890 2095 journalistiken finnas mänga talanger af första
1159 2034 2010 2085 behag. Han har idel loftal öfver det svenska
150 2049 302 2121 er de¬
2034 2066 2187 2114 rangen.
1158 2072 2021 2121 smörgäsbordet och stationsfrukostarne till 1:75!
2065 2083 2887 2159 Dä talet föll pa de förut berörda militära öf¬
149 2093 306 2175 s au¬
1158 2117 2018 2182 Han beundrar nordbornas vänlighet och välvilja
439 2089 1033 2178 Arthur Schnitzler.
2024 2139 2893 2191 vergreppen i Tyakland, frägade jag Schnitzler
1166 2152 2020 2200 och finner mänga likbeter mellan sin egen fö¬
327 2157 1158 2223 Bland det modärna Osterrikes dramatiska för¬
2023 2165 2899 2241 huru en sädan tidning som „Simplicissimuse 1
1174 2198 2011 2248 delbestads och de nordiska hufvudstädernas folk¬
146 2194 1161 2265 Pum: # Ufatture Intager Arthur Schnitzler en absolut le¬
2028 2213 2892 2265 München vecka efter vecka kunde häna office¬
1165 2238 1322 2300 gewyt
151 2237 1156 2313 Kyrko-darställning. Hans författareskap, som endast är
2036 2257 2894 2303 rare, präster och de krönta hufvudena utan att
1196 2245 2018 2318 Schnitzler lefver ett mycket regelbundet lif,
298 2277 1159 2336 elfva är gammalt, omfattar massor af noveller
2030 2296 2577 2354 bli förbjuden och konfiskerad.
162 2295 292 2356 väld¬
1168 2313 2017 2364 deladt mellan arbete, läsning (1 synnerhet we¬
306 2322 1165 2375 och skädespel, hvilka i hög grad fängala genom
2119 2330 2251 2385 Jo! —
2248 2322 2896 2393 nvarade diktaren, — tryckfriheten
159 2335 291 2410 att af¬
1179 2334 2025 2396 moarlitteratur och historia) och länga spatser¬
311 2359 1158 2423 de ypperliga sbildringarna ur människolifvet
2025 2369 2898 2421 kon man ju inte afekaffa, men tidningen kan
1178 2386 2011 2435 turer, hvilka, som bekant, áro ytterst gagneliga
297 2396 1160 2448 samt den präktiga tehoieka byggnaden, som ür
2033 2415 2891 2464 trakasseras pä mänga sätt; sd var det, t. ex.
1168 2429 2012 2484 tiga för vinspirationene! Han äter endast en
300 2438 1161 2485 kännetecknande för Schnitzler. Han är pä samma
2027 2449 2896 2503 med Albert Langens utviening. Och tycker ni,
1174 2467 2009 2526 hufvudmältid (midt pä dagen) och gär pä af¬
311 2476 1156 2528 gäng post och framstäende dramatiker, hvilken noga
2035 2497 2889 2540 för öirigt att =Simplicissimuss är sd -Aktas 1 sin
160 2486 307 2558 under
1168 2501 2013 2554 tonen gärna á teatern. Den franska seden att
314 2517 1159 2571 känner acenens kraf. Hans skädespel ha upp¬
2031 2531 2895 2582 indignation. Jag har snarare fätt det intrvcket
1171 2547 2018 2597 äta middag kl. 7 och sedan ga pa teatern kl.
163 2539 295 2610 #niet 1
304 2554 1156 2599 förts rundt om pa Europas förnämsta Itterära
2026 2568 2895 2625 att tidningen säger till sina läsare sà här: „Diese
1170 2581 2021 2635 ½9 med öfverfylid mage, finner han vosköns,
308 2597 1157 2646 scener. Burgtbeatret har spelat =Das Vermächt¬
2029 2606 2887 2663 Entrüstung gefällt Euch — seien wir weiter
1172 2611 2021 2685 Pa eftermiddagen förtär han endast litet chokolad.
171 2627 1160 2685 min- #nisse, -Liebeleie samt de tre enaktarne -Par¬
2025 2650 2246 2699 entrüstetn.
1196 2663 2020 2712 Schnitzler gör en otrolig massa anteckningar
157 2670 1160 2743 h därcelsus-, „Die Gefährlins och „Der grüne Kaka¬
2064 2682 2884 2749 Jag frägade Schnitzler om han inte orkad äg¬
1173 2692 2026 2754 innan han börjar skrifva. I regeln arbetar han
315 2710 1162 2767 dus. Af Schnitzlers andra skädespel har -Frei¬
2037 2727 2448 2794 nat sig ät journalistik.
1174 2740 2014 2786 samtidigt eiler A cllka dagar pä Mere verk.
158 2741 1164 2805 tolen. 1wilde uppförts pä Atskilliga tyaka scener, likasa
2122 2740 2890 2822 Jo, som redaktör af medicinska veckoskrif¬
1169 2777 2032 2830 Först längsamt, allt mer och mer blir han för¬
182 2789 1168 2859 visat 1Schleier der Beatrices zamt -Lebendige Stun¬
2026 2802 2898 2860 ter och sá i mina dagliga anteckningar. 1 det
1182 2816 2025 2866 trolig med personerna i bina siycken. Ofta lá¬
191 2821 1166 2890 inte1 den-, en serle af högst fängslende enaktare. Hans
2036 2839 2892 2892 fallet är jag nog en mycket arbetsam journalist,
178 2852 2026 2936 bädasnaste verk -Der einsamme Wege har apelat# #ter hen ett arbete oligga till sige i flere mäna¬
2030 2880 2899 2928 men för öfrigt saknar jag den speciella, journa¬
1170 2892 2026 2948 der och tager sä äterigen fram det. Bland sina
314 2900 1170 2958 bl. a. 1 Berlin utan att dock slä eig riktigt ige¬
2036 2927 2894 2972 listiska fackkunskapen. Jag är till ytterlighet
1173 2937 2027 2993 dramatiska arbeten syura han själf tycka bäst
184 2938 297 2995 mma
318 2936 1171 3002 nom. Mycket känd är ock monologen -Lleute¬
2033 2963 2898 3018 nervös, ná fort en tidning kommer med en af
1174 2975 2025 3025 om de senaste: „Der einsamme Wegs och
305 2975 1162 3036 nant Gustl-, som akildrar en ung officers sin¬
2027 2994 2899 3054 mina noveller. Nej, jag är nog en dälig jour¬
1183 3014 2025 3059 =Die Frau mit den Dolche (af enaktsserien oLe¬
322 3018 1158 3082 nesatämning natten innan han — pa grund af
180 3014 307 3094 äbö-
2034 3042 2901 3095 nalist, men jag beundrar ert fack och den ta¬
1175 3053 1536 3112 bendige Stunden=).
322 3069 1066 3118 en väpig väressak — beröfvar sig lifvet.
2033 3074 2644 3143 lang, hvarmed det oftast utöfvas.
177 3078 319 3156 ating
1198 3081 2029 3134 Schnitaler har flere gänger haft elyckane att
345 3098 1180 3147 Denna höget intressanta, modärna författare¬
1185 3131 2024 3186 förstä utmana och sära särskildt utpräglade
183 3131 306 3196 aliet;
310 3141 1168 3194 personlighet är endast 42 ür och har näleden
2073 3138 2895 3214 Till sist frägar Schnitzler mig med störste
1179 3173 2024 3220 bsedligas künslor, senast bl. a. 1 „Der grüfe
316 3175 1170 3237 säkert en vacker framtid för sig med Annu män¬
189 3179 315 3240 kosi¬
2036 3198 2893 3259 intresse angäende Ermannsdrama', i Köpenhamn.
1181 3212 2027 3255 Kakadus, hvars uppförande plötaligen blef för¬
317 3220 1164 3282 ga fullödiga arbeten. Arthur Schnitzler, som är
188 3226 316 3287 kan¬
2038 3243 2903 3287 Han kände väl till Eamanns arbeten, af hvilka
1174 3246 2018 3298 bjudet pä Burgtheatret, enär en af käjsarhusets
313 3264 1165 3309 son till en läkare, var ursprungligen själf medi¬
2042 3265 2909 3326 flere öfversatts till tyaka. Tack vare n Fäder¬
1182 3293 2028 3337 damer känt sig ssittlich entrüstets och demon¬
320 3294 1185 3353 cinare. Ar 1885 tog han doktorsgraden. Men
2044 3313 2906 3367 neslandetse uttömmande meddelanden om det
1184 3321 2035 3368 strativt lämnat teatern. Naturligtvis kan Schnits¬
204 3318 319 3379 och
308 3331 1180 3399 litterära intressen lade suart beslag pä honom,
2039 3348 2910 3408 ohyggliga dramat är jag i tillfalle att gifva
1184 3359 2029 3417 ler inte förlata -Burges direktör, dr Paul Schlen¬
323 3379 1176 3427 och han uppgaf resolut vetenskapen för att ägna
186 3368 311 3439 skil¬
2042 3390 2911 3440 Schnitzler alla möjliga detaljer angäende Es¬
1186 3402 2034 3457 ther, att han fogade sig 1 detta förbud. Alven
320 3409 1183 3471 sig ät konsten och poesien. Schnitzler var en
2040 3422 2907 3481 mann, Karin Hammerich och Sylvia Bjerring.
1179 3452 2027 3496 „Freiwilde stötte spublikens- gode känslor —
327 3448 1178 3505 mogen man dä han utgaf sin första bok; mä¬
2031 3472 2902 3531 Och den bekante dramatikern lyesnar till min
190 3467 319 3531 lken
1188 3479 2032 3531 denna gäng de militärcs, hvilka, som bekant, 1
314 3494 1181 3554 hända gör just därför hans förtattarepersonlighet
2682 3504 2895 3551 Gaspard.
2036 3511 2616 3564 berättelse med spändr Istresse.
1178 3520 2036 3577 Tyakland och Osterrike &ro synnerligen särbara.
302 3538 985 3612 1ett sà heigjutet, harmoniskt intryck.
2625 3525 2705 3611 1
2352 3544 2458 3613 We
1166 3549 2246 3621 Men vet bl. u. att det 1 Tyskland är offi erarne S
188 3560 287 3645 u.)
2167 3641 2749 3818 TedGn
1639 3638 2171 3848 Ee
2422 3757 2963 3972 Dn 70
3005 4101 3140 4157 Snee
