3344 4352
913 247 1380 345 box 37/3
212 251 824 365 2. Cuttings
474 541 683 619 Seite 2
1522 557 2846 653 Feuilleton=Beilage des Tagesboien aus Mähren und Schlesien
364 669 1568 765 Stunden“ und der „letzten Masken“ jener menschlichen
1569 710 3340 778 ter zugleich ein fesselndes Lebensdrama, das in seinen Kon= gewöhnlichen Wortsinne, es
368 737 1564 812 Schicksalssituationen, die zwischen Tod und Leben hangen.
1584 759 2767 824 flikten die zartesten Seiten der Psyche berührt und eine
2781 773 3353 844 „Du“, dies sichere Merkmal
357 785 1563 861 Schnitzler umwebt diese Nachdenklichkeiten mit einem lyrisch¬
1577 804 2771 875 Lösung findet, die über kühne Vorstellungen der Poeten
2776 824 3355 880 dern auch sonst jede Art er
358 842 1565 905 melancholischen Duft. Sein Boot fährt zwischen den beiden
1566 851 2764 926 hinausgeht. Fast jeder einzelne Brief enthält etwas Inter¬
2779 870 3353 936 die Briese einer Frau, die un
365 883 1564 962 Gestaden, dem des Lebens und des Todes, in weiche Däm¬
1568 905 2764 974 essantes oder Ergötzliches, einen intimen Aufschluß über
2779 916 3353 987 hört; aber ein Strom von
355 917 1554 1002 merungsnebel gehüllt, mit leisem, träumerischem Ruder¬
1572 954 2765 1012 Zeitverhältnisse oder eine überraschende temperamentvolle
2773 964 3345 1033 Fülle von Sorge, Mitemp
359 973 1559 1038 schlag, und am anderen Ufer weht ein Schattenreigen, ge¬
1568 997 2757 1066 Wendung, alle zusammen aber haben Bekenntniswert, bilden,
2774 1011 3353 1083 und eine Art neckischen Hum
354 1015 1552 1101 heimnisbang. Salten aber fuhrwerkt in einem zischenden,
1573 1045 2767 1123 um ein oft mißbrauchtes Modewort anzuknüpfen, ein mensch¬
2778 1060 3355 1131 die intime Teilnahme an d
354 1075 1547 1144 Fauchenden Motor mit grellem Scheinwerfer die gleiche
1573 1095 2765 1164 liches Dokument, und zwar eine Urkunde stärkster, aus
2781 1103 3353 1181 bezeichnet. Es ist nicht bloß d
351 1114 1562 1201 Bahn, und statt lyrische Schleiertransparenz zu breiten,
1567 1152 2769 1228 Kampf und schweren inneren Konflikten hervordrängender
2782 1160 3347 1228 es ist eine eigene Tonsarbe,
352 1171 1554 1242 sumpt er die Stoffe der Stille mit effektvoller (Dramatik
1558 1188 1885 1264 Menschlichkeit.
2775 1205 3346 1267 ein besonderer Klang, der m
343 1214 1565 1295 lauf, mit den Mitteln der Spannungskatastrophentheatralik
1654 1232 2760 1309 Jeanette Wohl — dies ihr Familienname — ge¬
2780 1257 3349 1342 harmoniert und doch versch
353 1277 1233 1341 und mit denen der Puppen=Possenbühne.“
2776 1300 3341 1372 Gegenklang zu reizen. Und
1564 1281 2768 1374 hörte nicht zu den vom Schicksal begünstigten Frauen. Was
444 1320 1556 1393 Dies ist viel zu schroff, aber etwas Wahres ist damit
2771 1352 3351 1421 Charakteren. Sie sind wie d
1563 1351 2767 1420 sie an Glück für sich und andere erreichte, das hat sie im
343 1350 1547 1441 doch erkannt. Den lebenskräftigen „Grafen Festenberg“
1564 1404 2764 1464 Feuer der Energie geschmiedet. Mit 22 Jahren wurde sie,
2773 1399 3347 1459 Paul für die Freundschaft
347 1406 1549 1480 könnte Hermann Bahr, der Verfasser des „Meister“ ei¬
1559 1450 2755 1519 wie es dem älteren Brauche bemittelter jüdischer Familien
2782 1448 3343 1526 die in den Sekunden differ
338 1477 1548 1543 funden haben, der Autor der Pistolengeschichte „Der Ernst
1559 1497 2761 1568 in Frankfurt und in anderen Gemeinden entsprach, an einen
2767 1500 3354 1562 menschlagen übereinstimmen.
352 1515 1556 1583 des Lebens“ könnte Sudermann, der Dichter der ironi¬
1559 1541 2756 1626 reichen Mann namens Oppenheim (alias Otten) verhei¬
2764 1550 3344 1613 wie ihr Freund und fühlt ih
349 1576 1544 1634 schen „Auferstehung“ Schnitzler („Literatur“) sein. Ein
1559 1599 2758 1666 ratet, den die Eltern für sie gewählt hatten, an einen Mann,
2765 1597 3347 1667 freiheitlichen Gesinnung, in
346 1616 1558 1672 spezifischer Saltenscher Ton, der den Autor verriete und
1558 1636 2755 1710 der weder ihrem Herzen nahe stand, noch ihrem lebhaften
2763 1642 3353 1705 und Kriecherischen, in der A
337 1660 1548 1733 kennzeichnete, erklingt nicht. Das gleiche ist auch über die
1559 1687 2757 1765 und feingebildeten Geiste genügen konnte. Ihre wehrhafte
2779 1694 3353 1763 Charakteren, in alledem ist 2
345 1718 1544 1776 in der Form meisterhafte Novelle „Herr Wenzel auf
1563 1737 2761 1819 Natur sträubte sich gegen die Verbindung mit dem un¬
2768 1741 3344 1810 jektivität, hegt und pflegt si
339 1757 1545 1821 Rehberg“ die Wassermann gedichtet haben könnte, über
1558 1792 2767 1860 gleichen Genossen, und sie trug früh auf Scheidung an. Wäh¬
2774 1798 3355 1864 Selbst. Dagegen ist sie in al
335 1816 1546 1879 die Maupassantsche Novelle von der armen „kleinen Ve¬
1567 1844 2758 1895 rend die Verhandlungen darüber schwebten, erkrankte Otten
2767 1839 3346 1914 bensweg so wichtig ist, übe
332 1862 1551 1912 ronika““ oder über den geradezu an Schnitzlers „Ab¬
1567 1885 2752 1958 schwer und Jeanette pflegte ihn — auch dies ist höchst be¬
2763 1889 3346 1951 sichtiger und ordentlicher al
333 1901 1548 1971 schiedssouper“ erinnernden Einakter „Schöne Seelen“
1557 1931 2757 2009 zeichnend für ihr Wesen — mit der größten Aufopferung,
2772 1941 3342 2004 Regsamkeit des täglichen Ha
344 1972 1546 2024 zu sagen. Salten gibt wie Bahr das Höchste, was ein ge¬
1554 1993 2753 2047 die die strengste Auffassung der Gattenpflicht nur verlangen
2766 1992 3353 2044 führung persönlicher Entschl
340 2016 1549 2074 scheiter Theoretiker der Bühne abringen kann. Das ist nicht
1562 2030 2751 2090 kann. Aber da er genesen war, kam sie — ebenso konsequent
2763 2038 3354 2103 richtungen, die zu einem be
343 2061 1536 2114 wenig. Im Gegenteil, seine Arbeiten überragen das Durch¬
2761 2075 3346 2151 dem ist sie Börnes Erzieher
1558 2088 2752 2152 und energisch in der Pflicht gegen sich selbst wie gegen den
334 2101 1537 2176 schnittsniveau unserer Bühnenwerke um ein beträchtliches.
1547 2133 2764 2204 anderen Teil — auf die Scheidung zurück und setzte sie
2770 2131 3353 2201 spornt sie ihn zum Fleiße,
329 2151 1540 2227 Erfindungsgabe, Herrschaft über die Technik, erlesener Ge¬
1540 2190 2757 2245 durch. Bei der Trennung nahm sie nichts von ihrem Gatten
2771 2182 3354 2249 sprochenen Hefte der „Wage
330 2203 1543 2263 schmack und virtuoses Geschick, sie geben zusammen ein
1551 2229 2749 2296 an. als was sie in die Ehe mitgebracht hatte. Kein Schatten
2774 2232 3326 2301 legern und Zeitungen, zu
331 2243 1533 2315 durchaus erfreuliches Resultat und es wäre unseren Bühnen
1551 2273 2759 2359 blieb auf der geschiedenen Frau haften, die in das Haus ihrer
2766 2272 3345 2342 entsprechende Einkünfte. All
328 2291 1541 2375 nur zu wünschen, daß mehr solche Werke den hypertrophischen
1552 2332 2752 2394 Eltern zurückkehrte und da, wie später in den Familien
2766 2326 3353 2396 sprühender Laune, die das
322 2351 1530 2411 Operettensingsang und die Possenalbernheit vertrieben.
1547 2377 2751 2431 ihre Schwestern, denen sie sich abwechselnd anschloß, den
2763 2375 3342 2444 einem Grundton der Zartheit
330 2400 1544 2469 Aber auch die bestgemachte Perrücke kommt, so wertvoll und
1547 2420 2751 2495 Mittelpunkt eines geistig anregenden Kreises gebildet zu
2761 2430 3352 2493 gerecht wird und nur dort b
336 2456 1531 2532 nützlich sie oft ist, dem Kranz und Glanz eigener Locken
1550 2471 2745 2545 haben scheint. Etwa um 1815 dürfte sie mit Börne bekannr¬
2769 2473 3345 2545 Schaffensdrang sich in gefähr
334 2484 610 2559 nicht gleich
1553 2533 2749 2586 geworden sein. Der etwa neunundzwanzigjährige Doktor
2759 2526 3353 2586 droht. Und Börne horcht auf
428 2530 1544 2613 Gespielt wurde vorzüglich, von Herrn Kramer, dem
1558 2575 2741 2644 und Polizeiaktuar stand damals schon auf ansehnlicher Höhe
2755 2567 3353 2634 in seinem höheren Interessen
324 2600 1533 2660 Kellner, Aristokraten und candidato mortis, von Fräulein
1547 2617 2742 2676 des schriftstellerischen Ruhmes, seine eigenartigen Theater¬
2760 2617 3338 2686 genialen Wesen gestattet er
325 2644 1538 2716 Marberg in der Rolle der getäuschten, nicht enttäuschten
1546 2668 2748 2738 kritiken machten Aufsehen über Frankfurt hinaus. Zu einem
2762 2675 3343 2737 Vorteile des Philisters zu er
337 2693 1526 2753 Gräfin Festenberg und von Frau Glöckner in der Leh¬
1553 2719 2755 2789 früh entwickelten Künstverstand gesellte sich da ein seiner
2839 2730 3352 2792 Aus der sanften Pädag
332 2744 1536 2799 mann=Rolle der Gattin wider Willen. Besonders exzellierte
1545 2766 2740 2823 Witz, und in die Kritik der Lebensbilder war die des Le¬
2756 2780 3347 2844 ketterie springt aber ein tiefe
328 2797 1532 2850 Kramer durch die große Verwandlungsfähigkeit, mit der
1540 2816 2746 2881 bens selbst, war eine Fülle mutiger Proteste gegen politi¬
2756 2826 3354 2888 auf die großen Fragen, die de
328 2835 1534 2902 er dreimal sein Geschick „vom andern Ufer“ aus — einmal
1551 2866 2753 2919 schen Druck und gesellschaftliche Misere hineingesponnen. Er¬
2757 2873 3344 2930 kommt, wenn sie die drücken
327 2872 1534 2961 als gesellschaftlich Toter, dann als dem nahen physischen
1542 2917 2750 2989 selbst versichert, und man darf es ihm glauben, daß ihm
2762 2913 3354 2989 dert, Unrecht und Vorurteil
327 2929 1536 3015 Tod Geweihter, schließlich als wiedokerstandener moriturus
1547 2962 2738 3023 diese Proteste am Herzen lagen als die schwebenden Theater¬
2748 2968 3344 3028 und das Walten der geschichtl
325 2986 859 3053 — betrachtete, gestaltete.
1543 3018 2742 3078 und Kunstfragen. Zu alledem kam der individuelle Reiz
2760 3016 3354 3086 der merkwürdigsten Briefe d
409 3038 920 3112 Wien, im November.
1552 3058 2743 3134 seiner Sprache. Ehe er intensiver für die Volksbefreiung
2752 3059 3354 3138 Zeit an und wirft ein grelles
1544 3114 2748 3184 wirken konnte, wirkte er für die Befreiung der Persönlich¬
2760 3113 3354 3177 deutscher Kleinstaaterei, al
886 3102 989 3204 ∆
1546 3158 2743 3237 keit im Stil. Er war seit dem großen Publizisten Lessing
2755 3156 3353 3232 Schimmer auf die Briefschreib
1544 3209 2733 3283 der erste Journalist im engeren Wortsinn, der durch den Zau¬
2754 3205 3348 3278 den ihr eine in Kassel leben
1378 3196 1506 3299 ##
1545 3258 2743 3322 ber natürlichen, durchgeistigt subjebtiven Ausdrucks dem ge¬
376 3225 1429 3334 Briefe einer denkwürdißen Frau.
2760 3268 3353 3330 sie da (im Dezember 1831)
1554 3305 2741 3365 schriebenen Worte die Schwingen der Rede gab, er streifte
2755 3307 3344 3382 gen in der Serenissimusstadt
610 3306 1261 3410 Von Professor Dr. Alfred Klaar.
1546 3357 2743 3417 dem Zeitungsstil die Fesseln aktenmäßiger Verschränktheit
2756 3367 3354 3427 hobene Kurprinz, der eben
399 3371 1535 3450 Jeanette Strauß=Wohl gehörte bisher nicht zu den
1547 3396 2745 3471 und pedantischer Gelehrsamkeit ab und gab ihm die Frische
2754 3400 3350 3479 Schaumburg, zur morganat
320 3447 1533 3512 günstig beleuchteten Frauengestalten des intimen Literatur¬
1538 3448 2733 3514 der Aufrichtigkeit, den Naturton der Ehrlichkeit und die
2763 3452 3355 3521 sucht seine Mutter, die Kurf
330 3499 1526 3553 geschichte. Auch in den gebildeten Kreishn wußte man nicht
1543 3500 2748 3564 volle Anmut der geistvollen Anregung. Alles spricht dafür,
2756 3504 3352 3573 aufs kleinlichste zu kränken,
319 3543 1532 3587 viel von ihr: etwa, daß sie Ludwig Börnes treue
1543 3543 2740 3612 daß die gegenseitige Freude am geistigen Wesen für die erste
2754 3558 3341 3619 Schwiegertochter keinen Verk
325 3580 1524 3643 Freundin war, daß die berühmten Pariser Briefe dieses
1537 3591 2748 3656 intime Annäherung zwischen Börne und Jeanette entschei¬
2756 3598 3342 3673 ihr die große Loge im Theate
1541 3645 2736 3704 dend war. Sicherlich waren beide nicht ohne leidenschaftliches
326 3636 1517 3695 großen Publizisten an sie gerichtet und von ihr gesammelt
2759 3648 3346 3719 sie auf den gewöhnlichen Ei
1540 3691 2736 3749 Empfinden. Eine ehrerbietig=zärtliche Zuschrift Börnes an
316 3691 1524 3739 und gesichtet wurden, und daß Heine nach Börnes Tode
2756 3696 3352 3763 genüberliegende Loge, wo si
1540 3741 2738 3806 die neue Freundin aus dem Jahre 1817 läßt uns, wenn
319 3735 1529 3794 dessen reines Verhältnis zu ihr verdächtigte und dafür durch
2742 3741 3348 3817 nehmen des jungen Ehepaare
1541 3792 2732 3848 auch in einer gewissen Dämpfung, im Manne den Jüng¬
323 3787 1534 3850 ein ihm peinliches Duell mit Jeanettens Gatten und durch
2741 3789 3355 3868 hat. Gezwungen oder unter
1534 3841 2736 3901 ling wiedererkennen, der einst in Berlin aus Leidenschaft
317 3834 1525 3880 einen öffentlichen Widerruf gebüßt hat. Für den Börne¬
2747 3840 3347 3908 Regung zieht er dann den B
321 3877 1527 3945 forscher freilich rückte diese Gestalt seit jeher stärker ins
1536 3889 2737 3937 für die schöne Pflegemutter Henriette Herz in den Tod
2741 3896 3353 3952 fürstin auf dem gewohnten P
1547 3931 2736 3995 gehen wollte. Und Jeanette, die drei Jahre älter als Börne,
308 3934 1518 3993 Relief. Die überlieferung der Zeitgenossen läßt sie im Lichte
2742 3941 3354 4012 sie mit Vivatrufen vom Publ
321 3976 1523 4048 einer ungewöhnlichen Herzensgüte und Opferwilligkeit er¬
1547 3983 2724 4042 im Anfang der Dreißig stand, war sicherlich keine Frau
2741 3984 3355 4056 die ganze Demonstration war,
323 4027 1525 4094 scheinen, und in Börnes Briefen an sie spiegelt sich ihre
1543 4032 2732 4083 ohne Sinne. Aus ihren Briefen spricht vornehme, fast
2736 4034 3354 4108 daß die die Loyalität ängstlich
316 4084 1520 4131 geistige Bedeutung und der volle Zauber einer tiefanregen¬
1528 4083 2730 4134 könnte man sagen edle Koketterie, aber doch die Kunst des
2735 4085 3354 4151 fürstin zuriefen: „Es lebe un
320 4129 1524 4188 den Persönlichkeit. Aber jene in alle Biographien Börnes
1532 4109 2740 4201 Weibes, das den Mann, der einen tiefen Einfluß auf ihr
2736 4137 3354 4205 nicht die böse Schwiegermutter.
777 4181 847 4216 KEI
654 4176 717 4214 LI
1568 4179 1648 4218 HE1a
2035 4175 2200 4218 Keiieln
