3344 4352
236 227 825 337 2. Cuttings
934 222 1386 312 box 37/3
2570 306 2960 393 Telephon 12801.
1816 485 2961 590 P ummmagin—Srtnsan
1830 565 2965 615 O l. österr. behördl. konz. Unternehmen für Zeitungs-Ausschnitte
1834 624 1909 668 60
1978 621 2871 705 Wien, I., Concordiaplatz 4.
1839 663 1915 706 O
1834 699 1907 754 1
2213 700 2650 769 Vertretungen
1866 743 2966 808 0 in Berlin, Budapest, Chicago, Christiania, Genf, Kopen¬
1821 802 2972 853 hagen, London, Madrid, Mailand, Minneapolis, New-Vork,
1931 835 2930 891 Paris, Rom, San Francisco, Stockholm, St. Petersburg.
2228 872 2631 937 (Quellenangepe ohne Gewähr.)
1829 890 1868 929 1
1850 919 2824 1006 „ Ausschnitt aus: v 244, 6 Gerere
1818 1033 2050 1097 E vom:
2517 1067 3046 1155 Ltse
2064 1216 2852 1348 The German Stage.
2025 1373 2848 1464 Does it Reflect the Morals of
2257 1453 2642 1536 the Country?
2087 1567 2850 1662 Within the last eight or ten years a
2061 1638 2840 1707 curious wave of modernism has engulfed
2053 1687 2840 1733 the German stage, and if, as one is led
2057 1722 2852 1794 to suppose, the drama of the day holds
2053 1765 2845 1842 the mirror up to nature and reflects to al
2055 1807 2850 1883 greater or less degree the average morals
2064 1862 2840 1937 of the day, then Germany must be indeed
2061 1906 2437 1964 in a parlous stäte.
2083 1935 2834 2015 As is generally known, many German
2053 1979 2827 2047 theatres enjoy a State subvention, and
2052 2034 2833 2085 are thereby enabled to offer a very varied
2056 2071 2842 2127 repertory of drama, comedy, and farce
2054 2104 2830 2168 acted by a stock company, alded now and
2049 2152 2839 2207 again by distinguished actors from other
2056 2190 2691 2241 towns, known as Cäste, or guests.
2077 2219 2833 2277 But it is not on these theatres that
2050 2265 2834 2328 the onus of demoralisation lies. They
2049 2298 2830 2361 play Schiller ("Die Räuber*), Goethe
2044 2336 2825 2394 (Faust'), Lessing (“ Nathan der Weise'),
2047 2379 2824 2437 Grillparzer, and other classics in steady
2041 2402 2828 2480 regularitv, eked out by occasional Suder¬
2050 2458 2830 2506 mann, Hauptmann, and Meyer Förster
2048 2493 2823 2564 (“ Alt-Heidelberg*'). Their work is sound
2043 2530 2361 2583 and innocuous.
2083 2561 2838 2624 It is the smaller and privatelv-owned
2042 2609 2827 2665 theatres that-do all the harm. The cities
2044 2654 2830 2706 mainly responsible are Berlin, Leipzig,
2048 2694 2839 2739 Munich, and Hamburg. In each of these
2055 2731 2852 2781 places there are two or three theatres
2046 2768 2842 2826 which thrive night by night, month by K
2052 2808 2849 2861 month, and year by year on the produc¬
2047 2840 2829 2895 tion of lewd, ill-written, unsavoury
2054 2875 2831 2935 pieces, appealing to the lowest intelli¬
2052 2921 2821 2976 gence, and having the same relation to
2045 2964 2814 3013 the real drama that the wretched, tor¬
2041 2997 2822 3065 tured" Art Nouveau' has to pure design.
2046 3049 2443 3126 Some Examples.
2071 3106 2819 3182 One of the plays which has been per¬
2043 3162 2820 3218 formed with great success in many
2039 3195 2819 3254 theatres is" Frühling’s Erwachen' (“ The
2040 3240 2817 3294 Awakening of Spring'), which is im¬
2048 3280 2801 3331 pudently termed“ Eine Kindertragödie?'
2055 3320 2839 3388 71A Children's Tragedy*). Anotherg
2041 3353 2812 3402 play," Musik, treats of prison, a com¬
2040 3396 2814 3449 placent wife, and a blackguard husband,
2046 3436 2820 3484 whois not found out, but is complimented
2037 3466 2823 3510 for his courage and devotion. The samer
2040 3505 2813 3562 author’s Erdgeist' (“ The Spirit of
2040 3544 2812 3596 Earth') is another example of lubricity,
2035 3588 2822 3654 and moral dirt. All three plays haver
2026 3615 2449 3673 been most successful.
2060 3648 2812 3713 A comedy," Zimmerherren? (“ Lod¬
2035 3691 2820 3753 gers?’), was forbidden by the police, butk
2024 3739 2816 3798 has been published and largely sold. Ther
2023 3779 2796 3827 play, Ledige Leute? (“ Single Folk?')
2031 3809 2812 3871 has the merit of being a clever picture of:
2033 3854 2807 3907 a certain section of Viennese fast life,
2032 3879 2805 3944 and although the subject would rightly
2030 3925 2801 3982 ensure its prohibition by our Censor, it 18
2019 3973 2607 4019 zn a certain sense a good play.
2062 3998 2800 4060 Arthur „Schnitzler is another play¬
2026 4032 2799 4099 wright wlomuch appreciated,
2026 4076 2803 4138 land some of his plays have their good
2038 4101 3337 4172 points." Anatol, for instance, is dis-
