3344 4320
173 229 768 329 2. Cuttings
145 1038 536 1186 ung=Wien.
165 1172 487 1248 Meyer=Berlin.
175 1297 236 1370 1
149 1389 875 1458 Rhythmus des Gefühls vereint, ohne
181 1450 877 1505 Tiefsten aufzurütteln, doch freilich
159 1489 864 1535 ohne sie sinnlich lebhaft zu erregen.
155 1527 870 1576 Kunst, die die älteste Zeit der Poesie
149 1565 869 1619 heuern scheint, in der noch Dichtung,
151 1603 869 1656 kund Musik untrennbar vereint waren;
157 1640 885 1699 Kunst, die sich nicht an den Einzelnen
215 1670 882 1732 sondern an eine zum Genuß ver¬
154 1722 867 1770 Elte Menge, und die von dieser ein ge¬
166 1765 871 1811 , nicht ganz geringes Maß von Ver¬
155 1785 880 1845 is voraussetzt, nicht mehr aber, als
155 1843 873 1895 allen Kreisen der Gesellschaft zugemutet
168 1883 886 1930 i kann: den oberflächlicher gebildeten
149 1919 868 1957 En wie dem in seinem Beruf auf¬
154 1951 884 2005 den Beamten, dem Gelehrten wie dem
168 2002 876 2050 aus dem Volk! Eine Kunst, die
154 2038 880 2092 n Künstler und Publikum eine grö¬
158 2075 878 2119 bleichartigkeit fordert und schafft, als
161 2110 868 2158 rengere etwa der in Wien ange¬
142 2151 878 2207 n Nichtösterreicher Beethoven oder
156 2194 879 2238 ; und die nicht so viel verschiedene
156 2229 217 2274 ie“
199 2234 870 2291 der Genießenden unterscheiden läßt,
158 2269 873 2329 ie „Bildungspoesie“ hier, die grobe
158 2306 547 2346 literatur“ Hort eim
613 2311 879 2358 —nent-Need.
164 2340 875 2402 hland Goethes — und Claurens oder
149 2379 251 2426 kes.
153 2393 871 2471 der Tat ist mit diesem Gleichnis wohl
159 2454 881 2510 ßesentliche in der Eigenart wienerischer
158 2492 872 2547 ausgesprochen: das vor allem, daß sie
155 2531 873 2584 durchaus gesellschaftlichen Charakter
170 2572 881 2622 Der einsame Dichter, der nur Aug'
159 2609 881 2663 ge mit dem Umgebenden verkehrt, ein
155 2652 885 2700 rdi etwa oder auch ein Hölderlin, der
153 2690 878 2738 in diese Überlieferung nicht; aber auch
149 2731 871 2779 der, der zu einem ganzen Volke spricht,
152 2772 715 2817 Schiller oder Victor Hugo —
707 2765 881 2816 so nah
143 2805 879 2867 Anzengruber oder Raimund diesem Ziel
149 2848 649 2902 mal zu kommen scheinen.
151 2870 865 2932 r wollen damit den Streit nicht er¬
163 2920 881 2969 n, ob Schiller mit Recht Wien die Stadt
156 2964 882 3017 häaken, Grillparzer sie mit Fug das
154 2998 875 3053 n der Geister genannt habe. Nicht jede
147 3038 882 3092 igkeit ist Verweichlichung; und gerade
150 3083 880 3134 kheaterfreudigen und tanzfrohen Völk¬
150 3115 876 3165 kn der schönen blauen Donau darf man
151 3159 887 3212 machsagen: „Dieses Volk kann sich nicht
184 3204 876 3251 freuen als bei Tisch!“ Aber es ist
176 3229 881 3283 ein bestimmtes und bestimmendes
159 3277 880 3324 ent der wienerischen Kunst und vor
162 3321 878 3366 auch der wienerischen Literatur ge¬
200 3352 884 3408 das ebenso notwendig bestimmte
155 3383 877 3446 en und Arten der Poesie begünstigt,
156 3433 884 3482 andere hemmt und unterdrückt. Grill¬
169 3473 874 3529 der viel von dem „Einsamen“ hatte,
155 3520 879 3561 chte sich doch in den Monologen der
161 3547 882 3601 nicht so frei und mächtig auszusprechen,
168 3603 883 3644 enn er aus dem Mund seiner Theater¬
1313 151 2378 210 —
851 217 1332 309 box 37/3
870 923 2564 998 Das literarische Jung=Wien. a 401
1736 974 2560 1043 Gestalten auseinanderzusetzen; er kommt nicht
883 1004 1720 1055 figuren in bewegtem Dialog oder lebhaften
1732 1030 2571 1087 dazu, sie den Zuschauern in Ruhe vor¬
881 1040 1716 1090 Ensembleszenen sprach; und die Neuesten,
1727 1078 2568 1130 zuführen. Saar hatte in sich ausgekämpft,
891 1082 1715 1130 wenn sie sich in aristokratischer Distanz von
1725 1107 2564 1165 als er zu formen begann; David kämpft, in¬
890 1116 1715 1170 den „Vielzuvielen“ entfernt halten möchten,
1728 1150 2562 1198 dem er gestaltet. Es ist der Weg von Grill¬
885 1157 1724 1222 verfallen nur zu leicht der zu eben diesen
1733 1196 2569 1252 parzer zu Hebbel, den wir hier zurückgelegt
896 1201 1377 1253 herüberschielenden Pose.
1734 1236 1866 1295 sehen.
938 1231 1719 1281 In diese alte Tradition einer gesellschaft¬
1761 1239 2564 1317 Oder nehmen wir eine andere Haupt¬
895 1268 1726 1324 lichen, in bestimmten harmonischen Schranken
1728 1312 2564 1362 gattung wienerischer Literatur: das Feuille¬
885 1312 1720 1358 sich äußernden, Musik und rhythmische Be¬
1737 1358 2563 1397 ton. Sein letzter Meister alten Stils war
892 1341 1725 1400 wegung mit dem leicht, aber selten originell
1735 1383 2574 1438 auch ein Ferdinand, als solle der Name des
881 1391 1724 1449 gebrauchten Wort vereinigenden Kunst haben
1735 1419 2564 1473 letzten vormärzlichen Kaisers für den Vor¬
887 1433 1724 1476 nun aber die letzten Jahrzehnte ein neues,
1743 1459 2563 1509 märz der Wiener Schriftstellerei bezeichnend
893 1465 1723 1514 aber auch gefährliches Ferment gebracht.
1731 1489 2574 1548 bleiben: Ferdinand Kürnberger. (Die Alten
884 1512 1721 1559 Nicht nur Grillparzer und Bauernfeld — auch
1735 1539 2566 1595 führten österreichische Namen: Franz Grill¬
897 1548 1721 1597 Anzengruber und Kürnberger, der gestrenge
1730 1581 2563 1640 parzer, Ferdinand Raimund, Friedrich Halm;
898 1586 1720 1645 Kritiker und flotte Erzähler, gehören noch
1742 1622 2570 1672 jetzt heißen sie Arthur, Richard, Hugo oder
897 1626 1730 1683 zu Alt=Wien; aber nach Königgrätz ist eine
1729 1657 2565 1706 gern Otto — aber nicht nach den öster¬
898 1659 1723 1707 neue Generation aufgewachsen — Jung=Wien,
1735 1698 2565 1743 reichischen Herzögen dieses Namens!) Kürn¬
884 1702 1729 1765 freilich auch aber noch viel mehr wienerisch
1731 1735 2562 1789 berger ist eine leidenschaftliche Natur, durch¬
893 1749 1103 1799 als jung!
1732 1770 2569 1830 aus kein freundlicher Elegiker oder harmloser
933 1765 1722 1827 Man betrachte nur einmal den letzten dieser
1734 1813 2571 1866 „Raunzer“ (Raimund) vom alten Schlag;
901 1823 1725 1867 Altwiener, den, 1833 geborenen, im vorigen
1739 1849 2567 1899 aber auch er spricht im geschlossenen Raum.
898 1862 1728 1906 Jahr durch eigene Hand aus dem Leben ge¬
1732 1894 2571 1942 Um ihn sitzen persönliche Bekannte; der
898 1898 1724 1949 schiedenen Ferdinand von Saar. (Ich rechne
1745 1932 2573 1977 Leserkreis der Neuen Freien Presse empfindet
898 1940 1722 1990 ihn mit dem Linzer Bahr oder dem Brünner
1734 1966 2571 2019 sich als ein Stammpublikum fast wie die
899 1978 1725 2024 Schaukal, oder dem Pester Lothar zu den
1734 2003 2578 2056 Abonnenten des Burgtheaters. Vor ihnen
896 2011 1728 2071 Wienern; denn die literarische Heimat allein
1733 2046 2572 2104 doziert der kleine knorrige Mann, was sie
894 2063 1727 2105 ist bestimmend: Theodor Fontane aus Neu¬
1735 2085 2565 2142 von Robert Hamerling, vom Papst und
898 2091 1723 2153 ruppin ist Berliner, und Paul de Lagarde
1739 2131 2569 2176 der Denkmalswut zu halten haben. — Und
904 2134 1730 2189 aus Berlin ist es lange nicht so sehr wie er!)
1743 2165 2574 2213 daneben wieder einer von jenseits der
897 2178 1730 2227 Saar trägt noch willig den Typus der Grill¬
1744 2198 2573 2259 Grenzscheide: Theodor Herzl (geb. 1860).
895 2208 1731 2268 parzer, Bauernfeld, Raimund — natürlich
1733 2244 2570 2296 Kürnberger weiß in dem Augenblick, in dem
900 2257 1726 2305 seben nur in jenen Hauptfragen, die sehr ver¬
1742 2294 2571 2327 er sich an den Schreibtisch setzt, ganz genau,
1630 2286 1724 2331 Im
897 2290 1623 2340 schiedene Individualitäten zulassen.
1740 2323 2570 2371 was er über jedes Buch und jede Erscheinung
901 2323 1723 2363 Kamin sitzt er mit wenigen Bekannten und
1736 2352 2573 2407 zu sagen hat — Herzl lebt es noch einmal
907 2362 1720 2415 erzählt mit leiser Stimme, mit musikalischen
1739 2394 2572 2443 durch, um sich mit dem Werk, mit dem Er¬
898 2401 1728 2445 Modulationen und eleganten Gesten eine
1745 2432 2573 2488 eignis auseinanderzusetzen. Kürnberger be¬
898 2440 1731 2482 Geschichte, deren er sich eben zu erinnern
1731 2480 2568 2522 findet sich in einer bestimmten Gemütslage
902 2477 1729 2528 scheint — erzählt sie fast in dem Ton, in
1748 2521 1788 2555 —
1775 2503 2577 2564 Herzl reproduziert einen Vorfall, um sich
899 2512 1732 2559 dem Grillparzer von seinem „Armen Spiel¬
1744 2550 2570 2596 in eine gewisse Stimmung hineinzuversetzen.
908 2558 1730 2606 mann“ erzählte. Der Vortragende tritt zu¬
1735 2586 2578 2640 Daher bei Kurnberger nicht selten Härte im
909 2593 1733 2641 rück, erscheint fast nur als Berichterstatter,
1740 2629 2575 2677 Ausdruck, Einseitigkeit in der Auffassung,
902 2630 1737 2681 läßt nach Möglichkeit die Figuren selbst
1738 2664 2577 2716 Monotonie im Vortrag; bei Herzl oft, was
906 2669 1718 2727 sprechen — wie es der Dramatiker Grill¬
1743 2702 2573 2755 schlimmer ist, Pose, Affektation. Es ist ja kein
898 2718 1724 2760 parzer tat, aber nie der Dramatiker Hebbel.
1747 2746 2567 2792 Zufall, daß der „mährische Bauer“ David
897 2749 1730 2807 Es ist eine gewisse Weichheit in dem Ton,
1748 2790 2573 2843 so gut wie Herzl, der Vater des Zionismus,
903 2790 1729 2848 eine Art Verlorenheit; eine große Aus¬
1743 2834 2569 2881 jüdisches Blut in ihren Adern haben; und
896 2826 1730 2884 geglichenheit in der Sprache, selbst in der
1745 2855 2567 2917 ganz gewiß ist die starke Vertretung des
900 2875 1728 2935 Handlung beinah eine gesellschaftliche Wohl¬
1740 2903 2571 2954 semitischen Elements bei den Jungwienern
896 2908 1166 2966 erzogenheit.
1744 2949 2577 2989 an der Umgestaltung des literarischen Ge¬
950 2925 1730 3000 Damit vergleiche man einen neueren Er¬
1739 2982 2571 3033 samtbildes beteiligt. Wenn jene „Taufstein¬
905 2981 1723 3034 zähler von starkem Talent, den ebenfalls
1738 3020 2580 3074 historik“ lächerlich ist, die mit der Aussage
902 3028 1724 3072 kürzlich verstorbenen J. J. David (geb. 1859).
1745 3054 2575 3103 über die „Rasse“ das Urteil für erledigt hält,
898 3067 1728 3117 Das ist ein leidenschaftlich Ringender, der
1746 3100 2570 3149 so kann doch gewiß auch keine gewissenhafte
915 3100 1725 3150 mit der Sprache kämpft, mit der Handlung,
1744 3144 2572 3193 Literaturbetrachtung an der Analyse der an¬
918 3142 1729 3188 mit den eigenen Figuren, und der die Zu¬
1743 3170 2572 3229 gestammten Elemente vorbeigehen. Hof¬
919 3184 1731 3232 schauer und Zuhörer darüber schier vergißt.
1742 3211 2574 3270 mannsthal und Schnitzler, Dörmann und
900 3218 1708 3270 Wiener Blut rinnt auch in seinen Adern —
1748 3254 2565 3299 Beer=Hofmann, Altenberg und Lothar, viel¬
910 3267 1724 3315 ob er gleich kein geborener Wiener ist wie
1744 3291 2570 3339 leicht auch noch andere, dazu viele von den
960 3293 1733 3354 auch Saar nicht. Und er hat Anteil
1743 3319 2580 3384 kleineren Mitläufern haben eine spezifisch
930 3342 983 3390 n
976 3342 1731 3385 der etwas sentimentalen und etwas
1743 3373 2584 3427 jüdische Sentimentalität, eine bei den An¬
927 3378 1732 3420 onischen Heimatsliebe und Heimatsfreude
1747 3407 2575 3465 gehörigen von Minoritäten beareifliche
942 3415 1733 3461 r Alteren; er hat auch eine Vorliebe für
1738 3444 2575 3499 Neigung zum Anempfinden von Gefühlen
939 3455 1736 3503 ie von ihnen begünstigten Typen: den un¬
912 3479 2577 3543 widerstehlichen Schwerenöter, den nervösen und Stimmungen, eine freilich auf öster¬
914 3521 2573 3582 Künstler. Aber er sitzt nicht mehr still im reichischem Boden auch sonst schon beliebte
940 3556 2586 3636 tillen Zimmer: er hat sich mit seinen eigenen Neigung zum Effekt — die kein jüdischer
962 3628 2039 3691 Velhagen & Klasings Monatshefte. XXII. Jahrg. 1907/1908. I. Bd.
1826 4090 1935 4157 BAMN
2982 1256 3142 1320 ee
3066 1212 3141 1384 8
