3344 4352
149 1535 215 1580 n¬
171 1617 224 1662 es
888 231 1340 319 box 37/3
189 232 790 333 2. Cuttings
152 925 1086 989 ich. M. Meyer: 1888
1091 926 2751 996 bseessesese Das literarische Jung=Wien. 1 405
155 987 237 1039 ten
237 973 1082 1046 legenheitskutsche mit glänzendem Lack und
1138 995 1639 1063 „Der Nachmittag vergeht.“
1921 995 2743 1053 sten in den Brokat mittelalterlicher Renais¬
249 1032 1067 1081 bunten Bilderchen kenn eichnet allein schon
1130 1047 1913 1098 Auf dem Wege dieser Fabrikation von
1919 1054 2747 1109 sancekostüme hüllen wie Beer=Hofmann und
238 1074 1075 1131 die innerliche Leere und Mittelpunktslosigkeit
1084 1094 1912 1137 „Extrakten des Lebens“ ist Altenberg dann
1927 1088 2743 1138 Hofmannsthal; vergleicht man seine Schilde¬
243 1110 1071 1154 eines von allen Magneten hin= und her¬
1083 1126 1552 1174 schließlich („Prödromos“
1562 1124 1916 1177 — so! — 1906) bei
1919 1130 2753 1167 rung der verbotenen Glut mit der Davids,
245 1153 1072 1206 gerissenen Virtuosen. Daneben stehen natür¬
1086 1167 1906 1210 der unerhörten Feinheit der Literaturpsycho¬
1922 1165 2753 1214 so erkennt man wieder, wie rasch das Ver¬
254 1191 1066 1243 lich auf Wunsch glatte einfache Verse...
1084 1207 1908 1253 logie angelangt. Was wollen die Aphoris¬
1912 1208 2748 1249 langen, jeden Moment, jede Nuance auszu¬
248 1226 1077 1289 Und ein „Kritiker“ hat ihm in Aussicht gestellt,
1092 1245 1900 1290 men der La Rochefoucauld und Nietzsche be¬
1916 1244 2752 1283 kosten, über die einfachere, stärkere Ausdrucks¬
245 1270 1073 1316 er werde noch einer der größten Dichter werden.
1085 1279 1649 1347 sagen gegen die Altenbergs:
1915 1285 2753 1323 weise des älteren fortgeschritten ist. In pracht¬
285 1306 1074 1352 Warten wir es ab. Vielleicht stiftet der
1157 1317 1906 1371 „Idealstes Zahnputzmittel. In Wien bei
1919 1324 2749 1369 vollen Bildern rollt sich bei Sachs das
243 1340 1077 1406 Unvergleichliche sich zu Ehren — denn auf
1094 1352 1832 1414 Twerdj, Apotheke, Kohlmarkt“ (S. 82).
1917 1355 2749 1414 grauenvolle Mysterium ab; mit der Freude
244 1382 1075 1424 all seiner Poesie steht wie auf jenem Gedicht¬
1144 1394 1911 1452 „Meinem vergötterten Vater schickte ich
1915 1405 2750 1459 am Wort hat er seine eigenen Schauer über¬
237 1425 1061 1477 bande Vogelers aus Worpswede das eine
1914 1440 2149 1494 wunden...
1091 1438 1909 1489 zum 70. Geburtstage zwei Schachteln Ta¬
237 1469 1066 1516 große Wort: „Aus!“ — einen Schaukalpreis
1081 1474 1751 1537 marinden Grillon, Paris“ (S. 16).
1966 1472 2745 1532 Das ist die Signatur auch für zwei rei¬
247 1497 1068 1558 für die größtmögliche Unnatur im Gebrauch
1147 1516 1406 1566 „Ambrosia —
1548 1514 1899 1578 rohe Eidotter, in
1912 1514 2744 1558 fere Künstler, die wir oben schon nannten.
245 1541 1074 1595 der deutschen Sprache. Freilich, da er, wo
1092 1548 1772 1608 Hühr rbouillon gesprudelt“ (S. 50).
1910 1550 2754 1613 Schon ein äußeres Kennzeichen hebt sie von
252 1584 1075 1631 er nicht dichtet, ein kluger Kopf ist, würde er
1131 1587 1907 1645 Und so wären wir nach langem Umweg
1922 1592 2750 1635 der Gruppe der Bahr und Schaukal ab:
249 1617 1067 1671 ihn wohl jedesmal sich selbst verleihen müssen!
1079 1634 1905 1680 wieder bei dem „Volk der Phäaken: immer
1912 1630 2754 1683 daß sie fast so sparsam produzieren, wie diese
279 1658 1069 1714 In jener an sich höchst begreiflichen, ja
1080 1680 1909 1725 ist's Sonntag, es dreht immer am Herd sich
1921 1671 2759 1714 verschwenderisch. Von Leopold Adrian
237 1695 1074 1753 lobenswerten Sehnsucht nach Erweiterung
1080 1715 1911 1761 der Spieß“. Nur sind leider der gute Appetit
1912 1713 2748 1752 kenne ich überhaupt nur eine Veröffent¬
241 1733 1062 1789 des eigenen poetischen Horizonts, nach Be¬
1084 1755 1906 1801 und die gesunde Verdauung verloren gegan¬
1918 1753 2738 1800 lichung („Der Garten der Erkenntnis“, 1895).
235 1768 1068 1830 reicherung der eigenen und der fremden
1927 1788 2749 1840 Ich habe sie in meiner Literaturgeschichte
1080 1789 1910 1835 gen, die in der Backhähndelzeit Johann
243 1814 1070 1879 Empfindungswelt, die uns als Hauptkennzei¬
1089 1838 1909 1879 Strauß' und Moritz von Schwind's blühten.
1922 1829 2748 1881 schon eingehend charakterisiert: „Es ist eine
234 1854 1064 1911 chen des jungen Wien erschien, liegen ja
1080 1867 1915 1908 Ein nach diätetischen Rezepten lebender
1920 1870 2746 1915 zynische Skizzensammlung, wenn sie auch als
237 1891 1062 1939 böse Versuchungen. Man täuscht sich in die
1092 1910 1910 1976 Gourmand — das ist der berühmte Schrift¬
1927 1904 2745 1959 fortlaufende Erzählung auftritt. Eine weiche,
242 1934 1062 1988 erwünschten Stimmungen hinein, taumelt in
1080 1942 1544 2004 steller Peter Altenberg.
1918 1953 2748 1997 ja weichliche Stimmung ist über diese son¬
234 1968 1066 2020 derwischartige Verzückungen oder verfällt in
1143 1978 1910 2031 Etwas ästhetischer wenigstens ist die Fein¬
1924 1986 2746 2029 derbare Biographie des Fürsten, der das
236 2012 1063 2064 die Unberührtheit des Fakirs — aber alles
1919 2020 2745 2066 Leben erkennen wollte, gebreitet; so recht die
1083 2024 1912 2064 schmeckerei Felix Dörmanns (geb. 1870), der
234 2046 1064 2094 vor Zeugen. Und nicht, wie jene letzteren,
1912 2063 2740 2120 Losung jener, die nach Ricarda Huchs Wort
1086 2065 1908 2115 sich an Baudelaires krankhaft überreizter
235 2093 1063 2137 vor einem engeren, verständnisvolleren Kreise,
1925 2093 2741 2155 am „Heimweh nach dem Vaterlande in ihrer
1086 2103 1904 2147 Genußphantasie zu den schwülen Sinnen¬
243 2125 1066 2185 sondern vor all und jedem, auf der Straße.
1091 2143 1901 2197 räuschen seiner Lyrik („Neurotica“, 1891;
1913 2141 2753 2184 eigenen Brust“ sterben. Das krankhafteste
231 2162 1063 2226 Und dabei betont man die Verachtung der
1915 2178 2741 2226 Produzieren ungesunder, verzerrter Halluzina¬
1092 2176 1635 2233 „Sensationen“ 1892) erzog:
234 2203 1060 2258 Vielzuvielen unaufhörlich — auch das nicht
1912 2225 2751 2277 tionen wird hier auf den Gipfel getrieben;
1143 2214 1823 2282 Ich liebe die Fahlen und Bleichen,
238 2247 1013 2302 unaufrichtig, sondern in Selbsttäuschung —
1907 2247 2749 2312 der Ton ist affektiert... Dennoch gelingen
1140 2263 1779 2321 Die Frauen mit müdem Gesicht,
237 2280 1072 2347 das individuelle Bedürfnis,zu jeder Er¬
1913 2293 2216 2348 hier Bilder, so
2219 2293 2754 2349 ganz von einer fast einzu¬
1150 2308 1849 2368 Aus welchen in flammenden Zeichen
225 2311 1064 2367 scheinung in neue erlebte Beziehungen zu
1906 2330 2751 2377 atmenden Luftschicht umgeben, so unnatür¬
1140 2345 1824 2409 Verzehrende Sinnenglut spricht ...
236 2342 1071 2405 treten, ist ja wirklich die Quelle aller dieser
1917 2372 2753 2423 lich täuschend, daß wir uns selbst angesteckt
233 2400 1061 2435 oft so seltsamen Verrenkungen. Ein gewisses
1145 2386 1772 2458 Ich liebe, was niemand erlesen,
1909 2408 2741 2460 fühlen und die Empfindungen dieser kranken
235 2434 1066 2486 Maß von Affektation haben daher auch die
1154 2439 1750 2492 Was keinem zu lieben gelang:
1910 2451 2750 2493 Seele sich auf uns übertragen. Das liegt
229 2472 1061 2534 Stärksten zu äberwinden; die Schwächeren
1142 2479 1779 2532 Mein eignes, urinnerstes Wesen
1905 2485 2741 2533 in der Ehrlichkeit, mit der Adrian den Glau¬
235 2512 702 2560 bleiben darin kleben. —
1133 2513 1810 2569 Und alles, was seltsam und krank.
1906 2526 2751 2585 ben seines Helden, seiner Zeit teilt: den
272 2545 1066 2604 Wie Schaukal mit künstlichen Formen und
1134 2561 1907 2606 Später hat er die Bedürfnisse seiner hy¬
1923 2565 2748 2626 Glauben an die „königliche Verschwendung
233 2577 1058 2642 buntem Wechsel, so kokettiert Peter Alten¬
1078 2607 1907 2656 sterischen Sehnsucht nach dem Ungesunden
1915 2608 2745 2660 des Daseins“ an das „Fest des Lebens“
236 2628 1063 2682 berg (geb. 1862) mit Schlichtheit und Mono¬
1076 2646 1909 2698 in schlüpfrigen Novellen und Dramen billiger
1917 2630 2747 2694 Freilich, ihm fehlt die Energie, dies Leben
226 2673 1058 2718 tonie. Er strengt sich an, jeder noch so unbe¬
1088 2682 1908 2733 befriedigt. Der alte Nestroy taucht aus der
1917 2687 2755 2744 zu ergreifen, und so entgleitet ihm doch seine
236 2706 1064 2755 deutenden Szene Bedeutung abzugewinnen
1081 2722 1909 2771 Versenkung auf, von dem Hebbel sagte:
1921 2720 2147 2782 Schönheit.
234 2752 1057 2803 („Wie ich es sehe“ 1896; „Was der Tag
1089 2764 1913 2805 „Wenn der an einer Rose riecht, dann stinkt
1963 2756 2752 2811 Richard Beer=Hofmann (geb. 1866) hat
238 2793 1060 2840 mir zuträgt“ 1900). Schweißtriefend hebt er
1080 2805 1908 2844 sie.“ Dem Behagen an sexuellem Witz, dem
1923 2799 2751 2843 in seinem „Tod Georgs“ (1900) ein Seiten¬
234 2810 1062 2868 Federn hoch, um ihr Zentnergewicht zu
1081 2843 1907 2889 sich Grillparzers Klubgenossen Castelli und
1918 2841 2748 2891 stück zu Adrians Traumarrangement gelie¬
235 2868 1057 2908 zeigen. In kleinen zerzackten Sätzchen schnei¬
1080 2878 1908 2928 Bäuerle ergaben, wird mit raffinierterer
1922 2886 2748 2932 fert, etwas realistischer freilich, wie er denn
230 2905 1058 2948 det er uns seine Empfindungen vor: was
1086 2917 1906 2963 Kunstfertigkeit ein Gang nachgemachter
1912 2919 2759 2963 vorher („Die Verlassene“ 1893) Novellen in
236 2943 1060 2988 der von der Wiener Kaffeehauskultur er¬
1074 2959 1908 3001 Maupassant nach dem andern aufgetischt.
1914 2960 2743 3010 jenem ironisch=naturalistischen Ton geschrie¬
231 2977 1063 3029 müdete Literat beim Anblick eines nackten
1085 2997 1897 3042 Und hier hat die Diät feinere Zubereitung
1914 2997 2747 3039 ben hatte, den so viel Virtuosen in Wien
228 3018 1063 3066 Negerkindes an Gefühlen produziert, wird
1901 3034 2744 3088 beherrschen: Dörmann, Salten, Auernheimer
1079 3039 1907 3082 nötig gemacht, aber leider nicht bessere Kost!
234 3062 1060 3104 uns feierlich dargereicht. Dazu bemerkt der
1908 3077 2740 3131 und andere kleine Maupassants an der Do¬
1128 3079 1902 3123 Doch auch stärkere Geister lockt das Un¬
235 3100 1059 3149 Verfasser beständig: „O, es ist nichts! es ist
1915 3111 2751 3166 nau. Um so mehr überraschte es, als er nach
1071 3113 1906 3156 gesunde, das Verbotene. Das Motiv der
240 3140 336 3185 nur
385 3142 1065 3179 alles!“ Adalbert Stifters pedanti¬
1077 3154 1908 3207 Geschwisterehe hatte für Theodor Storm
1919 3150 2749 3195 langer Pause mit einem historischen Trauer¬
238 3175 1058 3233 scher Altersstil, der uns keinen der Schritte
1086 3191 1910 3242 einen anziehenden Reiz, den sein Antipode
1920 3194 2740 3245 spiel hervortrat („Der Graf von Charolais“
236 3211 1066 3269 schenkte, die der Held von der Tür bis zum
1914 3220 2740 3290 1903). Literarischen Ursprungs war auch dies
1081 3233 1903 3280 Theodor Fontane abscheulich fand. Aber
231 3251 1053 3303 Fenster zurücklegt, umkleidet sich mit hyste¬
1086 3267 1904 3314 Storm hat es nur in der Ballade ange¬
1920 3278 2746 3318 merkwürdige Werk: ein altes englisches
232 3295 1064 3359 rischer Symbolik. „So vergeht der Vormittag.
1083 3313 1905 3352 rührt; zwei Wiener schwelgen in der Aus¬
1918 3303 2746 3366 Drama hatte es dem Dichter angetan. Wie
239 3334 1065 3378 Immer gehen Türen auf und zu, und alles
1087 3351 1909 3396 malung dieses krankhaft wirkenden Motivs:
1916 3345 2746 3397 Bahr, wie Hofmannsthal das Geheimnis
238 3369 1046 3417 sieht aus, als ob es nie in Ordnung käme.“
1909 3393 2741 3436 fremder Kunstwerke nacherlebend umformen,
1084 3390 1912 3429 der jungverstorbene Rechtsanwalt Otto Sachs,
230 3412 907 3463 Folgen zwei Seiten gleichen Stils:
1087 3425 1907 3480 dessen Novellen („Von zwei Geschwistern“.
1908 3425 2738 3469 so bemächtigt er sich dieser Fabel. Die wilde
278 3445 1005 3516 „Wie vergeht die Zeit bis Mittag?!“
1084 3451 1906 3516 1898) J. J. David herausgegeben hat, und
1919 3465 2745 3519 Grausamkeit wird in ihr durch tragikomische
297 3485 561 3549 „Sie vergeht.“
1918 3505 2740 3563 Groteske gesteigert, der Psychologie ein
1082 3504 1909 3557 dieser selbst („Frühschein“, 1896). Sachs ge¬
310 3519 647 3579 such zwei Seiten:
1088 3540 2750 3584 hört schon in die Reihe jener Wortziseleure, dunkles Rätsel aufgegeben; ein Zeitalter
295 3565 562 3629 „Nachmittag.“
1100 3582 2748 3632 die ihre künstlichen Empfindungen am lieb= voll wildester Sensationen tut sich auf. Beer¬
2922 3978 3023 4078 2
2959 4063 3013 4122 600
