3392 4256
242 216 929 322 2. Guttings
949 213 1399 302 box 37/3
2189 110 3062 193 Wien, I., Concordiaplatz 4.
2003 168 2104 218 5
2413 173 2841 237 Vertretungen
2079 238 3175 290 in Berlin, Budapest, Chicago, Christiania, Genf, Kopen¬
2005 274 3169 332 hagen, London, Madrid, Mailand, Minneapolis, New-Vork,
2113 309 3125 369 Paris, Rom, San Francisco, Stockholm, St. Petersburg.
2436 350 2827 399 (Quellenangabe ohne Gewähr.)
2014 349 2100 387 0
2006 382 2070 430 —
2026 383 2503 460 “, Ausschnitt aus:
2559 397 3176 494 Loipziger Tagblatt
2032 439 2076 499 13
2278 454 2580 546 22 A0b.1508
2008 490 2245 551 E vom:
2249 568 2904 634 Phantastische Romane.
2156 625 2977 681 Von Walter Turszinsky (Berlin).
1971 685 3235 718 Es ist charakteristisch, daß in beiden Büchern, denen hier ein Geleit¬
1895 711 3228 778 wort gegeben werden soll, die Absicht weit größer ist, als das Voll¬
1905 764 3226 801 bringen. Solche Divergenz fällt besonders immer da auf, wo der Ver¬
1899 803 3225 865 fasser eigentlich nur Stange zu halten, seinem ursprünglichen Plane wie
1901 848 3217 892 einer gut ausgetretenen Fußspur nachzugehen brauchte, um seines
1894 878 3217 949 Stoffes Herr zu werden. Denn, was er am Anfange seines Weges will,
1889 923 3225 963 kann er auch. Nur, was er während des Marsches noch aufgreift, was
1888 954 3224 1009 seinen Stoff noch runden will, was sich den Grundmotiven noch an¬
1895 997 3223 1071 schließt, wird zum niederziehenden Gewicht, das eine Einheit zerstört,
1892 1032 3218 1081 die es breiter und imposanter machen mochte. Man müßte ein Dick¬
1887 1079 3215 1130 häuter sein, wollte man Herrn Max Brod nicht zugestehen, daß er in
1888 1115 3228 1168 seinem Roman „Schloß Nornepygge“ (Berlin, Verlag Axel Juncker) dem
1883 1154 3215 1202 Grundriß des karikaturistisch=satirischen Romans weit näher gekommen
1886 1187 3212 1237 ist, als selbst Gustav Meyrink in seinen diabolisch ersonnenen Skizzen¬
1886 1232 3214 1276 ansätzen und Feuilletons. Es sind in diesem Buch, in diesem gellenden
1885 1269 3216 1313 Hohngelächter auf den Snobismus Szenen, die in ihrem Kontrast zwi¬
1897 1308 3225 1351 schen der sorgfältig artistischen Herrichtung des Stils und dem satanisch¬
1890 1348 3221 1399 zynischen Inhalt wirken, wie eine der Diaboliques von Felicien Rops;
1897 1389 3214 1439 Szenen, in denen die Fratze Grabbes sichtbar über den Ze#len schwebt.
1888 1421 3217 1468 Walder Nornepyage, der Held des Romans, der sein Leben vertut, um
1887 1463 3225 1501 als Dekadent, als Idealist, als Erotiker, als Aszet, endlich als politischer
1888 1499 3223 1557 Revolutionär seinen eigenen Stil zu suchen, die Lebensform, die nur
1895 1539 3221 1587 ihm eigentümlich und passend ist, ist gewiß, wenigstens im Entwurf, als
1898 1577 3213 1632 glatt verständliche und zeitentsprechende Karikatur auf aktuelle Narr¬
1887 1617 3213 1673 heiten vortrefflich geraten. Auch die andern menschlichen Lemuren, von
1891 1651 3211 1718 denen der Stilsucher ins Schlepptau genommen wird, Theaterdirektoren,
1882 1684 3211 1739 Marquis, Bürgerliche und Adelige, jeder und jede ein mixtum composi¬
1894 1735 3217 1772 tum aus Wirklichem und Gespenstischem, aus Menschlichem und Phan¬
1883 1775 3224 1830 tastischem, haben bestes, schärfstes Meyrinksches Blut in den Adern, mit
1891 1813 3217 1864 einem Zusatz jenes Lebenssaftes, der an der Existenz der Gestalten Hein¬
1886 1845 3217 1899 rich Manns die Schuld trägt. Nur, daß der Schüler, der auf den
1885 1889 3216 1947 Schultern zweier Meister baut, naturgemäß noch etwas weiter gehen kann,
1885 1930 3213 1988 als jene. Aber, Herr Brod hat leider nicht die Fähigkeit zur Beschrän¬
1888 1965 3153 2035 lung; — man dente daran, wie z. B. Heinrich Manns „Professor Unra
3152 1971 3211 2022 t“
1886 2011 3044 2051 als karikaturistischer Roman begonnen und geschlossen. wird.
1881 2036 3026 2090 Max Brod mehr jung und fühlend, als blasiert und souverän
1875 2083 3035 2139 mehr inmitten als oberhalb der Ereignisse, muß also notgedru¬
1879 2119 3034 2170 gleich ein Ironiker, zugleich ein Pathetiker sein. Und so über
1876 2161 3056 2207 sein Buch, dessen Linie, wie ich sie markiert habe, gerabe und rü
1881 2197 3063 2256 los hätte zu Ende geführt werden müssen, dessen Stoff nur in k
1891 2236 3056 2285 turistischer Beleuchtung ansehbar, dessen Anlage zunächst auch
1886 2272 3063 2333 in dieser Art gestaltet ist, später mit zahllosen, unnötigen Anhä
1878 2311 3048 2370 breiten, lyrischen Episoden, verschwommenen, utopistischen Ma
1876 2350 3026 2400 Vor allen Dingen aber beginnt Max Brod seinen Helden imm
1882 2398 3023 2452 an der Stelle ernst zu nehmen, an welcher er dem Leser am läch
1884 2432 3037 2479 erscheint. Das ist verständlich: denn Herr Max Brod selber ki
1874 2472 3062 2521 ursprünglich direkt vom österreichischen Dandysmus und Lit
1880 2509 3065 2555 fnobismus her, möchte also seinen Stammverwandten nicht gleich
1878 2551 3083 2597 ersten Begegnung schonungslos verreißen, ihm vielmehr die Dosis
1875 2591 3096 2635 Spottes nur mit Mitleid vermengt schmecken lassen. Aber
1880 2626 3105 2680 Schonung zerreißt die Wirkung. Es kommt etwas Unausgegor
1881 2664 3098 2719 Schiefes, hin und her Taumelndes zustande, gleich als säße der
1881 2706 3137 2755 eines Gulbranssonschen Mikrocephalen auf einem von Phidias gemeiß
1873 2745 3209 2789 ten Rumpfe. Im Leben ist der Stil ein Geckenrequisit: Die Kunstform
1873 2782 3209 2827 braucht seine Fessel! Szenen, wie das scheußlich=gewaltige Notturno,
1881 2818 3206 2860 in welcher Walder Nornepygge sein Weib in den Armen eines in
1875 2858 3204 2905 Menschengestalt wandelnden Gnoms findet und, wie ein lebloser Klum¬
1874 2901 3207 2944 pen, die Schmähungen der beiden über sich ergehen läßt ...: oder die
1876 2926 3202 2989 andere, in welcher der Eremit Walder den ihn suchenden Stadt= und
1879 2976 3201 3023 Lebensmenschen entgegenruft: „Törichte, laßt ab von mir. Ich habe
1872 3018 3208 3058 nichts mehr gemein mit euch. Ich bin Eremit geworden!“ und ein
1873 3049 3199 3094 Zyniker ihm kalt erwidert: „Me riechts!“ zeigen die Stelle und den
1874 3084 3203 3139 Stil, an denen Max Brod hätte stehen bleiben müssen. Sein Schwanken
1868 3129 3214 3182 zwischen Satire und Pathos ist durch keine stilistische Virtuosität gut zu
1874 3169 2037 3227 machen.
1950 3189 3208 3258 Immerhin: der Bremenser Otto Gysae ist mit seinem dritten
1874 3246 3191 3292 Roman: „Die silberne Tänzerin“ (Albert Langen, München) nicht ein¬
1880 3292 3202 3343 mal so weit gekommen, wie sein süddeutscher Kollege von der phantasti¬
1880 3323 3196 3371 schen Romanliteraturrichtung. Bei ihm muß man sich schon an die
1878 3366 3201 3416 Kunstfertigkeit des Wortschliffes, an den seltsamen Reichtum der nach
1870 3410 3201 3452 der Anleitung des Koloristen Jens Peter Jacobsen gestellten Bilder
1862 3436 3200 3499 halten, wenn man überhaupt bis zu etwas Positivem vordringen will.
1865 3464 3209 3532 Otto Gysae möchte die stillen Stuben hanseatischer Puritaner öffnen,
1870 3520 3200 3566 zwischen deren Wänden das Leben in den Mündungen kalter Zeremonien,
1862 3563 3126 3616 eisigen Pflichtenbewußtseins, lähmender Einförmigkeit versickert
1870 3583 3189 3643 und wir erinnern uns, daß Thomas Mann in seinen „Die Budden¬
1867 3636 3185 3688 brooks“ vor den gleichen Spiegel getreten ist, freilich, um in dem
1871 3675 3182 3715 Glase Menschen: keine Gesvenster, sondern ein vom Sonnenlichte des
1869 3708 3185 3770 hellen Tages beschienenes Stück Leben zu sehen. Otto Gysae hat es,
1858 3747 3189 3809 persönlich in diesem Kreise lebend, erkannt, daß das Leben der Güter
1865 3788 3191 3842 höchstes nicht ist und illustriert diese Einsicht durch das Schicksal der
1862 3832 3186 3887 armen Ante Almelo, einer kleinen Millionärsfrau, die wie ein Elschen
1864 3863 3175 3908 durch die dunklen Säle ihres Daseins geht zwischen dem nachlässig¬
1860 3905 3179 3961 gütigen, meist in Geschäften versunkenen Garten und der wachsamen,
1867 3942 3190 3990 strengen Schwiegermutter, bis ihr Tag still, ahnungslos, auslöscht, wie
1860 3982 3190 4034 einst der Odem ihres kleinen Kindes auslöschte. Ihr bedeutet der Tod
1866 4024 3177 4069 eine Hoffnung; die erste, nicht die letze Station. Aber auch beim Be¬
1859 4059 3191 4099 tasten dieses Gedankens schadet der Vergleich: und wir gedenken dankbar
1862 4095 3188 4146 des Namens „Arthur Schnitzler“ dieses Meisterspielers auf der Klavia¬
1856 4127 2174 4173 tur der Tode#ide
2226 4136 2718 4184 Kur##eschleibt die Sprache
