3392 4352
908 217 1380 324 box 37/3
200 220 829 337 2. Cuttings
1209 804 1559 916 .
1671 837 1983 939 O
220 806 1234 1024 „N
2020 880 2131 959 6
1340 917 1496 1016 den
2211 882 2615 1052 V
2832 1093 3079 1197 „
2134 1090 2312 1232 7
2626 1079 2806 1241 —
456 1132 1999 1247 2 Sagesrele
2305 1157 2517 1266 10
2594 1246 2688 1345 K
191 1282 3124 1418 — aus Nähren und Schlesien..
757 1445 2101 1553 Samstag den 16. November 1907.
2535 1462 3152 1563 57. Jahrgang.
790 1595 2008 1682 Nichtdichter, die auf unseren Bühnen die größten Erfolge
1996 1605 3224 1678 Verfasser, wohin er es haben wollte, weinte und lachte, zit¬
197 1624 693 1732 Volkstheater.
795 1652 2008 1730 ernten. Die Menschen im „Schützling“ sind gut gesehen, gut
2003 1660 3224 1736 terte und dachte mit ihm, nach seinem Wink. Allerdings
794 1701 2004 1773 beobachtet und gut charakterisiert; sie sollten zur Verstär¬
163 1703 547 1781 ans und Salten.)
1998 1708 3233 1786 faßt Salten den Zuschauer viel derber an als Lémaltre. So
798 1747 2008 1830 kung der Wirkung nur etwas weniger reden. Allein in diesen
168 1759 600 1847 ilhelm v. Wymetal.
2000 1763 3224 1843 egergisch, daß man nachher beinahe böse wird und gegen
788 1806 2012 1869 Reden finden sich wiederum so kluge, ganz unauffällige und
2006 1809 3237 1881 Lebenswahrheit wie Bühnenwahrscheinlichkeit seiner Fi¬
168 1822 791 1898 ücksfällen war dem Deutschen
788 1851 2005 1918 versteckte Bemerkungen über das Interessanteste, was wir
1999 1862 3227 1940 guren starke Bedenken empfindet. Solche Bedenken kommen
173 1888 799 1961 tens Einakterzyklus „Vom
793 1897 1996 1963 erforschen, über den Menschen, daß wir Strichen mit Ban¬
2000 1915 3217 1979 aber nicht, solange die Figuren auf der Bühne agieren, weil
164 1931 790 1996 äuschvoller und nach unge¬
786 1942 2000 2016 gen entgegensähen. Der vielfach verschleierte, ungeklärte
1998 1965 3222 2034 man gespannt und interessiert, ganz in ihrem, in ihres
169 1989 789 2056 heinlich auch nachhaltiger Er¬
788 2003 2001 2058 und unbewußte Egoismus, der über einen jeden von uns
2006 2009 2477 2086 Schöpfers Bann steht.
184 2032 800 2103 Mißerfolgen kam der erste
796 2042 2017 2122 herrscht und gebietet, oft ohne daß wir davon das geringste
2070 2046 3218 2126 Ein Mensch, der sich zum Herrn bestimmt fühlt, wird
166 2084 789 2138 herwartet, der erste ganz, der
790 2094 2000 2149 wissen, wollen, ahnen, dieses von Nietzsche und älteren Ten¬
1994 2089 3226 2187 als Diener geboren. Der Kellner Josef Wessely. Aber er
157 2132 799 2197 Es ist totsicher: wäre Monsieur
790 2139 2004 2193 kern so oft betonte „Volo, cupio, avco etc., ergo sum!“
2002 2161 3219 2211 albeitet sich empor. Schritt für Schritt. Bis er zu dem er¬
166 2184 786 2254 riser Charakterspieler vom
794 2193 1997 2264 ist durch „La massière“ durch glücklichste Exemplifizierung
1997 2197 3218 2272 rungenen Vermögen die Papiere eines im Elend verstor¬
170 2218 790 2302 mit einer schlecht zusammen¬
793 2242 1999 2311 in ein Kunstwerk umgesetzt worden. Leider verschwendete
1996 2253 3224 2315 benen Aristokraten kauft und als eleganter, schöner, tadel¬
164 2281 790 2350 gekommen und hätte den wan¬
794 2297 2004 2366 haller als Vater Marèze seine tiesdringende Kunst,
2002 2290 3234 2369 loser „Graf Festenberg“ die Komtesse Laurentin hei¬
172 2333 792 2401 den alten Marèze in Jules
780 2339 1993 2399 Lili Marberg als Juliette ihre Schönheit und ihre dis¬
1995 2344 3233 2416 ratet, die er vor Jahren, noch als Kellner, kennen und lieben
168 2372 784 2440 omédie „La massière“ vor¬
783 2386 1990 2477 krete Anmut vergebens an ein Publikum, das seinen schlech¬
1981 2399 3220 2464 gelernt hat. Am Ziel seines Lebenskunstwerks wird er von
162 2426 788 2492 nderung der Snobs groß und
783 2434 1700 2511 ten Tag hatte und nicht mitgehen wollte.
1993 2447 3239 2530 einem eifersüchtigen Cousin seiner Frau gestürzt, als Hoch¬
174 2481 790 2547 heiten des Dialogs und der
861 2471 1995 2555 Mit größerer Berechtigung konnten sich die Gäste des
1998 2500 3219 2571 stapler der Polizei ausgeliefert. Aber noch in den letzten
180 2527 789 2591 ohne Grenzen gewesen, wie
789 2517 1995 2613 Volkstheaters gegen das Rühr= und Tendenzstück „Aller¬
1986 2537 3218 2609 zehn Minuten vor Ankunft des Kommissärs zeigt er in der
156 2565 794 2640 e“ von Suzanne Désprès
785 2585 1988 2646 seelen“ von Hermann Heijermans wehren. Es ist
1996 2584 3220 2660 Erzählung dessen, wie alles kam. mehr Vornehmheit und
174 2604 778 2688 . Weil „La massière“ aber
787 2632 1993 2695 heute über jeden Zweifel hinaus entschieden, daß Heijermans
1992 2650 3235 2708 persönlichen Adel als der Cousin, dem die Gräfin zuletzt
161 2665 781 2738 eß und weil „nur“ unser vor¬
780 2670 1990 2741 die Hoffnungen auf reichen Segen, die man nach seinem
1988 2697 3227 2759 nur ein verächtliches: „Du Schuft!“, zuschleudert. Der Kell¬
159 2718 794 2784 reise Kunst in den Marèze
782 2739 1999 2787 Eintritt in die Literatur auf ihn setzte, nicht erfüllt hat und
1999 2745 3213 2817 nergraf hätte es leicht gehabt, den gräflichen Namen gesetz¬
159 2774 786 2832 nden die Komödie konstruiert
775 2772 1988 2845 nie mehr erfüllen wird. Heijermans ist einer mehr aus der
1990 2781 3218 2857 lich zu erhalten; von der fast ausgestorbenen Linie der
157 2820 787 2887 it dem redlichen Stück Arbeit,
779 2832 1993 2896 großen Zahl jener Beklagenswerten, die durch einen, mehr
1987 2837 3211 2899 Festenbergs lebt nur ein alter Spieler in Monte Carlo, der
172 2871 787 2938 ohne Erbarmen fallen. Arme,
786 2884 1996 2956 dem Zufall als eigenem Können geschuldeten glücklichen
1981 2889 3220 2963 unseren Mann öfter angepumpt hat und gewiß auch gern
159 2913 786 2989 el Sie fragen, was das ist,
773 2927 1993 3000 Wurf die Blicke der nach einem dramatischen Messias sehn¬
1988 2939 2354 2995 adoptiert hätte
2355 2941 3217 3006 .. Das Thema dieser Komödie ist ganz
168 2967 777 3031 Nädchen, das dieses Ehrenamt
774 2981 1995 3042 suchtsvoll auslugenden Menschheit auf sich lenkten und dann
1992 2985 3216 3046 und gar nach Saltens Herzen, der, selber Selfmademan und
164 3010 788 3091 einer das nämliche fragenden
771 3030 1991 3088 unter ihrer Aufgabe und unter den fragenden Blicken er¬
1986 3036 3213 3092 Autodidakt, sich in verschiedenen Berufen betätigt und aus
152 3068 779 3144 e éleve chargée de garder
770 3087 3229 3160 schöpft zusammenbrachen. Die Fischertragödie „Die Hoff= eigener Kraft den Namen des brillantesten Wiener Jour¬
157 3119 780 3187 giment, de distribuer les
771 3121 3223 3181 nung auf Segen“, die ihren Siegeszug zu einer Zeit an¬ nalisten neben Bahr erworben hat. Hinterher entdecken wir
169 3169 786 3249 ordre etc.“ Diese Erklärung
776 3178 3217 3240 trat, wo der Naturalismus und seine Vertreter bereits zu wohl, daß diese Eheschließung, ebenso wie das untadelige
155 3222 772 3280 sten Szene des ersten Aktes,
765 3217 1982 3284 weichen begannen, ließ eine Nachblüte, eine Nachernte er¬
1989 3232 3221 3289 Benehmen des Kellners, seine Aphorismen und die Abley¬
168 3256 773 3330 des berühmten Malers Ma¬
778 3278 1984 3329 hoffen. Doch ward diese Hoffnung enttäuscht. Alles, was
1976 3278 3214 3347 nung eines ihm angebotenen Rittergutes recht unglaub¬
164 3314 784 3378 nist. Unter seinen zahlreichen¬
779 3326 1988 3384 Heijermans nachher aus dem kleinen Holland ins große
1978 3323 3213 3391 würdig#nd#theatralisch sind. Noch stärker sind unsere Hin¬
163 3355 780 3429 puy sein Liebling und sie ge¬
774 3375 1988 3432 deutsche Land sandte, versagte, war null und nietenhaft.
1982 3378 3221 3441 terher=Erwägungen nach dem zweiten Stück, betitelt „Der
162 3406 779 3476 Vertrauensstellung. Sie führt
773 3419 1990 3484 Mühsam und mühselig versuchte Heijermans, die launische
1991 3425 3208 3482 Ernst des Lebens“ Ein berühmter Arzt, nebenbei ein
165 3449 771 3522 Rethode des Meisters ein, sie
774 3466 1988 3528 Menge, deren berauschenden Jubelruf er einmal verkostet
1985 3479 3202 3546 richtiger Plebejeremporkömmling, stellt seinem aristokrati¬
158 3492 772 3572 Meisters mit seinen anderen
778 3520 1977 3575 hatte, neuerdings zu zwingen. Dabei schreckte er vor keinem
1987 3523 3200 3581 schen Schwager, einem genießenden Lebenskünstler, die
163 3543 779 3618 er Abwesenheit die Oberauf¬
766 3560 1979 3621 technischen Mittel zurück. Einmal probierte er es mit einem
1979 3573 3214 3643 Diagnose, daß er nur noch sechs Monate zu leben habe und
174 3599 772 3669 f auch zweimal in der Woche
766 3621 1987 3672 noch konsequenteren Naturalismus; umsonst! Das Publi¬
1973 3626 3208 3680 will dem Zerschmetterten etwas von sittlicher Kraft und
167 3647 777 3722 Privatwohnung besuchen und
768 3658 1985 3717 kum zog sich vor der Absichtlichkeit verstimmt zurück. Dann
1974 3664 3202 3729 männlicher Gefaßtheit vorschwätzen. Daraufhin sperrt der
161 3689 771 3764 erinnen zur Korrektur vor¬
767 3707 1981 3774 versuchte er es mit einer, bei der durchschnittlichen liberalen
1977 3714 3194 3781 Aristokrat das Zimmer ab, nimmt seinen Revolver heraus
163 3752 772 3815 und schlägt sich mit Stunden¬
772 3758 1978 3816 Theatermenge und der durchschnittlich liberalen Theater¬
1973 3765 3201 3834 und eröffnet dem Schwager, er werde ihn binnen fünfzehn
155 3793 772 3864 Pelt, zugleich sich, ihre verwit¬
762 3801 1980 3870 kritik eines gewissen Wohlwollens sicheren Tendenz und
1970 3805 3202 3876 Minuten niederschießen, um dieses „Gefaßt=Sterben“ von
158 3854 771 3916 hen Bruder versorgend. Aber
770 3863 1972 3914 benutzte die Schaubühne, um auf ihr Freisinn und Auf¬
1975 3859 3207 3914 ihm zu lernen. Natürlich bricht der Phraseur jämmerlich
163 3894 772 3972 und fröhlich und das gefällt
767 3897 1981 3973 klärung zu predigen. Aber auch das schlug fehl: dem un¬
1977 3916 3198 3977 zusammen und der vom Schicksal zum Tod verurteilte Ari¬
157 3941 767 4012 n fünfundfünfzig Jahre auf
764 3940 1985 4013 gebetenen, unerwünschten, unzeitgemäßen Vorkämpfer wurde
1983 3955 3196 4013 stokrat läßt ihn achselzuckend laufen, als die Uhr die Vier¬
149 3982 779 4068 Peib sowie einen erwachsenen
766 4004 1980 4066 klar gemacht, wie weit der Abstand zwischen seinen gutge¬
1973 4003 3205 4059 telstunde schlägt. Für den Zuschauer ist diese Viertelstunde
162 4041 779 4120 te es ahnt, unterstützt Marèze
774 4047 1969 4112 meinten, jedoch schlechtgelungenen Produkten und einem
1978 4053 3206 4115 so aufregend, so nervenrüttelnd, so furchtbar, daß einzelne
175 4086 770 4154 durch den fingierten (aus
759 4110 1980 4158 weisen Nathan sei, worauf ihm die Tür gewiesen wurde.
1974 4095 3199 4162 Frauen dem Theater entflohen. Wenn aber die Gefahr vor¬
173 4139 275 4181 eiltes
1010 4143 1326 4219 K
2001 4154 2150 4219 K
171 4131 425 4221 B
2986 4155 3179 4219 er
