3392 4352
2044 158 2086 213 —
823 237 1346 330 box 37/3
181 226 780 345 2. Guttings
1562 942 1621 1010 — —
1712 961 1829 1023 — 4
2074 966 2113 1009 —
684 968 2162 1054 S
954 1083 1935 1197 Das literarische Jung=Wien.
1007 1181 1866 1264 Von Prof. Richard M. Meyer=Berlin.
582 1333 2265 1407 C
624 1391 1420 1464 iele Städte dürfen von sich behaupten,
1441 1411 2268 1459 samem Rhythmus des Gefühls vereint, ohne
633 1457 1425 1502 O daß sie ihre eigene Geschichte besitzen;
1438 1460 2261 1508 sie im Tiefsten aufzurütteln, doch freilich
580 1492 1430 1548 einer eigenen Kunstgeschichte können sich nicht
1434 1500 2266 1550 nicht ohne sie sinnlich lebhaft zu erregen.
586 1532 1421 1577 wenige rühmen; aber Wien ist außer Paris
1434 1537 2275 1573 Eine Kunst, die die älteste Zeit der Poesie
595 1569 2273 1613 wohl die einzige Stadt, die eine eigene be= zu erneuern scheint, in der noch Dichtung,
593 1612 2270 1660 deutsame Literaturgeschichte besitzt. Es ist Tanz und Musik untrennbar vereint waren;
591 1650 1432 1691 nicht nur der lokale Ausschnitt allgemeinerer
1431 1658 2264 1695 eine Kunst, die sich nicht an den Einzelnen
592 1688 1424 1745 literarischer Bewegungen, wie das im wesent¬
1432 1682 2263 1742 wendet, sondern an eine zum Genuß ver¬
592 1729 1427 1779 lichen für Berlin oder ganz für London gilt;
1440 1730 2269 1779 sammelte Menge, und die von dieser ein ge¬
1432 1775 2263 1808 wisses nicht ganz geringes Maß von Ver¬
598 1775 1417 1823 es ist auch nicht eine „bodenständige“ aber
589 1791 1424 1860 auch nur für die engere Heimat wichtige
1440 1809 2260 1859 ständnis voraussetzt, nicht mehr aber, als
582 1846 1419 1893 Literatur wie etwa die von Venedig oder
1428 1852 2270 1897 eben allen Kreisen der Gesellschaft zugemutet
595 1882 1422 1937 mancher deutschen Provinzialstadt. Nein:
1440 1890 2265 1935 werden kann: den oberflächlicher gebildeten
595 1924 1424 1969 zu dieser Literaturgeschichte gehören die be¬
1431 1928 2275 1973 Abügen wie dem in seinem Beruf auf¬
591 1963 1424 2010 deutendsten Minnesinger und vielleicht die
1438 1965 2271 2015 gehenden Beamten, dem Gelehrten wie dem
590 2008 1425 2064 wichtigsten Mitarbeiter am „Nibelungen¬
1433 2010 2270 2062 Mann aus dem Volk! Eine Kunst, die
598 2040 1420 2093 lied“, gehören Grillparzer und Raimund,
1430 2035 2261 2101 zwischen Künstler und Publikum eine grö¬
596 2080 1421 2129 Anzengruber, Schnitzler, Hofmannsthal; und
1430 2080 2270 2137 ßere Gleichartigkeit fordert und schafft, als
597 2120 1420 2166 von diesen allen, von Reinmar dem Alten
1439 2127 2264 2174 die strengere etwa der in Wien ange¬
594 2160 1423 2208 oder Walter von der Vogelweide so gut
1433 2157 2270 2207 siedelten Nichtösterreicher Beethoven oder
589 2206 1420 2253 wie von dem Dichter der „Ahnfrau“ oder
1438 2198 2265 2255 Hebbel; und die nicht so viel verschiedene
591 2236 1423 2292 dem der „Liebelei“ darf man sagen, daß
1433 2242 2266 2289 „Kreise“ der Genießenden unterscheiden läßt,
590 2278 1425 2338 Wien für ihre Kunst bestimmend geworden ist.
1424 2280 2272 2338 wie die „Bildungspoesie“ hier, die grobe
1436 2312 2269 2366 „Vollsliteratur“ dort eim wehemt-M##d
639 2316 1425 2358 Mancherlei hat dazu geholfen, der schönen
1430 2345 2265 2397 deutschland Goethes — und Claurens over¬
582 2353 1429 2412 Donaustadt diese ruhmvolle Stellung zu
1437 2388 1640 2445 Zschokkes.
590 2388 1419 2444 sichern. Keine zweite Residenz hat in so
1477 2406 2258 2476 In der Tat ist mit diesem Gleichnis wohl
586 2434 1417 2481 ununterbrochener Folge fast ein Jahrtausend
1441 2460 2266 2510 das Wesentliche in der Eigenart wienerischer
589 2472 1424 2516 lang vornehme, kunstfreudige Fürsten be¬
1435 2499 2269 2556 Kunst ausgesprochen: das vor allem, daß sie
586 2502 1425 2548 herbergt, keine so mannigfaltige natürliche
1440 2543 2271 2587 einen durchaus gesellschaftlichen Charakter
593 2545 1422 2604 Einflüsse auf der Grundlage hoher natio¬
1428 2579 2261 2631 trägt. Der einsame Dichter, der nur Aug'
594 2586 1421 2632 naler Eigenart empfunden. Die nahen Be¬
1432 2620 2265 2664 in Auge mit dem Umgebenden verkehrt, ein
596 2624 1428 2678 rührungen der Habsburger zu Spanien spürt
592 2662 2265 2709 man bei Franz Grillparzer und Friedrich Leopardi etwa oder auch ein Hölderlin, der
594 2695 2262 2749 Halm und bei beiden auch die nahen Be= gehört in diese Überlieferung nicht; aber auch
596 2755 2271 2791 ziehungen fremder Elemente (der Tschechen, nicht der, der zu einem ganzen Volke spricht,
1431 2776 2261 2823 wie Schiller oder Victor Hugo — so nah
585 2778 1420 2839 der Ungarn) mit den Deutschen. Die ita¬
1439 2826 2274 2876 auch Anzengruber oder Raimund diesem Ziel
597 2827 1422 2869 lienische Oper und überhaupt die italienische
585 2854 2029 2906 Musik hat unter dem Schutz eines so reichen manchmal zu kommen scheinen.
1478 2882 2260 2950 Wir wollen damit den Streit nicht er¬
600 2902 1433 2948 Adels wie ihn in diesem Verhältnis nicht
1440 2930 2261 2978 neuern, ob Schiller mit Recht Wien die Stadt
597 2938 1431 2980 einmal London besitzt, auf Raimund wirken
1439 2972 2274 3016 der Phäaken, Grillparzer sie mit Fug das
595 2983 1432 3030 können, das Bauerntum, das keiner andern
1425 3011 2263 3059 Capua der Geister genannt habe. Nicht jede
598 3010 1434 3058 Großstadt so nahe auf die Haut rückt auf
595 3051 2273 3102 Anzengruber. Politische Verhältnisse schufen Geselligkeit ist Verweichlichung; und gerade
596 3086 2273 3140 dazu eine lange, sehr lange Isolierung; von dem theaterfreudigen und tanzfrohen Völk¬
1435 3133 2274 3178 chen an der schönen blauen Donau darf man
595 3132 1429 3181 der stürmischen Entwicklung des nördlichen
1439 3167 2274 3222 nicht nachsagen: „Dieses Volk kann sich nicht
586 3174 1432 3226 und mittleren Deutschland abgetrennt, blieb
1437 3211 2275 3255 anders freuen als bei Tisch!“ Aber es ist
597 3215 1438 3263 Wien in seiner engeren Tradition befangen,
1438 3243 2263 3292 damit ein bestimmtes und bestimmendes
589 3255 1431 3306 als Hamburg, Weimar, Berlin, München in
1445 3288 2268 3336 Element der wienerischen Kunst und vor
599 3297 1424 3343 neue Bahnen der Kunst schritten. Das meiste
1442 3326 2277 3373 allem auch der wienerischen Literatur ge¬
594 3332 1424 3380 schließlich wird wohl Anlage sein: eine an¬
1440 3354 2274 3431 geben, das ebenso notwendig bestimmte
591 3374 1426 3421 geborene Neigung, sich im Eigenen zu ge¬
1439 3402 2274 3453 Formen und Arten der Poesie begünstigt.
591 3416 1426 3460 fallen und auch wenn man es schilt, es doch
1436 3441 2276 3484 wie es andere hemmt und unterdrückt. Grill¬
596 3453 1433 3496 dem vielleicht besseren Fremden vorzuziehen.
1437 3485 2278 3534 parzer, der viel von dem „Einsamen“ hatte,
650 3489 1429 3546 Für diese wienerische Eigenart hat man
1439 3518 2279 3569 vermochte sich doch in den Monologen der
599 3525 1426 3576 oft den Wiener Walzer als Symbol ge¬
1447 3556 2272 3609 Lyrik nicht so frei und mächtig auszusprechen,
591 3564 1441 3603 nannt: heitere, liebenswürdige Kunst, die
600 3610 2271 3658 die Menschen zusammenführt und in gemein= als wenn er aus dem Mund seiner Theater¬
2295 170 2362 216 ——
2265 939 3346 1012 Das literarische Jung=Wie
3117 992 3337 1073 Gestalten al
2282 999 3105 1062 figuren in bewegtem Dialog oder lebhaften
3121 1049 3329 1099 dazu, sie
2272 1053 3106 1107 Ensembleszenen sprach; und die Neuesten,
3112 1085 3323 1139 zuführen.
2281 1097 3104 1144 wenn sie sich in aristokratischer Distanz von
3117 1124 3342 1180 als er zu fo
2284 1124 3101 1178 den „Vielzuvielen“ entfernt halten möchten,
3114 1165 3349 1218 dem er gest
2285 1183 3112 1227 verfallen nur zu leicht der zu eben diesen
3116 1205 3339 1262 parzer zu 9
2281 1209 2761 1261 herüberschielenden Pose.
3122 1244 3262 1298 sehen.
2327 1224 3106 1293 In diese alte Tradition einer gesellschaft¬
3163 1275 3328 1330 Oder n
2278 1284 3111 1330 lichen, in bestimmten harmonischen Schranken
3117 1317 3340 1376 gattung wi
2277 1330 3106 1376 sich äußernden, Musik und rhythmische Be¬
3115 1356 3344 1406 ton. Sein
2280 1357 3111 1409 wegung mit dem leicht, aber selten originell
3121 1393 3345 1451 auch ein F#
2277 1409 3112 1455 gebrauchten Wort vereinigenden Kunst haben
3116 1434 3347 1490 letzten vor
2283 1444 3106 1489 nun aber die letzten Jahrzehnte ein neues,
3122 1474 3336 1528 märz der 2
2285 1482 3108 1536 aber auch gefährliches Ferment gebracht.
3119 1514 3306 1564 bleiben:
2278 1516 3116 1570 Nicht nur Grillparzer und Bauernfeld — auch
3123 1549 3344 1605 führten öst
2292 1549 3109 1609 Anzengruber und Kürnberger, der gestrenge
3120 1591 3342 1646 parzer, Fer
2284 1596 3115 1641 Kritiker und flotte Erzähler, gehören noch
3124 1629 3340 1689 jetzt heißen
2288 1638 3107 1686 zu Alt=Wien; aber nach Königgrätz ist eine
3113 1672 3340 1723 gern Otto
2283 1681 3110 1720 neue Generation aufgewachsen — Jung=Wien,
3118 1705 3336 1767 reichischen
2289 1716 3112 1782 freilich auch aber noch vie mehr wienerisch
3136 1743 3349 1806 borer ist
2283 1757 2500 1814 als jung!
3119 1785 3342 1838 aus kein fre
2342 1772 3111 1836 Man betrachte nur einmal den letzten dieser
3127 1826 3338 1878 „Raunzer“
2287 1820 3116 1874 Altwiener, den, 1833 geborenen, im vorigen
3121 1867 3333 1921 aber auch
2286 1873 3111 1919 Jahr durch eigene Hand aus dem Leben ge¬
3128 1905 3320 1956 Um ihn
2285 1914 3112 1957 schiedenen Ferdinand von Saar. (Ich rechne
3118 1939 3348 1996 Leserkreis d
2289 1945 3108 1998 ihn mit dem Linzer Bahr oder dem Brünner
3124 1985 3321 2033 sich als e
2292 1985 3109 2031 Schaukal, oder dem Pester Lothar zu den
3120 2017 3343 2074 Abonnenten
2284 2024 3118 2076 Wienern; denn die literarische Heimat allein
3122 2062 3345 2116 doziert der
2283 2066 3117 2124 ist bestimmend: Theodor Fontane aus Neu¬
3122 2092 3343 2149 von Rober
2291 2110 3114 2153 ruppin ist Berliner, und Paul de Lagarde
3119 2137 3349 2193 der Denkm
2288 2142 3113 2198 aus Berlin ist es lange nicht so sehr wie er!)
3123 2178 3336 2227 danehen #
2290 2177 3117 2226 Saar trägt noch willig den Typus der Grill¬
3128 2209 3340 2268 Grenzscheid
2291 2223 3118 2279 parzer, Bauernfeld, Raimund — natürlich
3119 2250 3350 2305 Kürnbergen
2278 2267 3118 2309 eben nur in jenen Hauptfragen, die sehr ver¬
3121 2292 3344 2338 er sich an
2287 2294 3116 2348 schiedene Individualitäten zulassen. Im
3122 2333 3349 2375 was er über
2293 2327 3130 2378 Kamin sigzt er mit wenigen Bekannten und
3118 2363 3345 2421 zu sagen hi
2283 2363 3121 2427 erzählt mit leiser Stimme, mit musikalischen
3127 2406 3339 2453 durch, um
2291 2408 3116 2453 Modulationen und eleganten Gesten eine
3124 2434 3349 2493 eignis aus
2292 2446 3119 2502 Geschichte, deren er sich eben zu erinnern
3122 2477 3339 2537 findet sich
2289 2485 3121 2542 scheint — erzählt sie fast in dem Ton, in
3288 2509 3348 2571 rei
3160 2520 3260 2576 Her
2287 2533 3118 2573 dem Grillparzer von seinem „Armen Spiel¬
3119 2550 3186 2606 in
2291 2558 3120 2610 mann“ erzählte. Der Vortragende tritt zu¬
2298 2606 3123 2653 rück, erscheint fast nur als Berichterstatter,
2290 2640 3128 2685 läßt nach Möglichkeit die Figuren selbst
2289 2677 3122 2738 sprechen — wie es der Dramatiker Grill¬
3133 2716 3186 2766 sch
2290 2726 3115 2770 parzer tat, aber nie der Dramatiker Hebbel.
2297 2761 3126 2809 Es ist eine gewisse Weichheit in dem Ton,
3121 2756 3204 2815 Zu
3129 2794 3341 2846 so gut wie
2284 2797 3125 2854 eine Art Verlorenheit; eine große Aus¬
3120 2831 3340 2890 jüdisches B
2288 2834 3121 2893 geglichenheit in der Sprache, selbst in der
3134 2875 3288 2926 ganz ge
2290 2885 3119 2940 Handlung beinah eine gesellschaftliche Wohl¬
3122 2906 3337 2966 semitischen
2290 2914 2548 2978 erzogenheit.
3134 2950 3347 3002 an der Un
2344 2939 3122 3012 Damit vergleiche man einen neueren Er¬
3119 2987 3346 3037 samtbildes
2294 2985 3121 3046 zähler von starkem Talent, den ebenfalls
3239 3022 3274 3054 #
3122 3023 3350 3080 historir“ lc
2295 3030 3115 3078 kürzlich verstorbenen J. J. David (geb. 1859).
3125 3066 3350 3117 über die „2
2298 3072 3125 3118 Das ist ein leidenschaftlich Ringender, der
3136 3105 3342 3154 so kann do
2298 3108 3120 3162 mit der Sprache kämpft, mit der Handlung,
3130 3142 3349 3196 Literaturbe
2292 3149 3105 3190 mit den eigenen Figuren, und der die Zu¬
3129 3184 3349 3238 gestammten
2297 3188 3124 3247 schauer und Zuhörer darüber schier vergißt.
3124 3222 3343 3273 mannsthal
2292 3235 3101 3282 Wiener Blut rinnt auch in seinen Adern —
3123 3259 3345 3314 Beer=Hofm
2306 3265 3120 3323 ob er gleich kein geborener Wiener ist, wie
3125 3300 3346 3355 leicht auch
2352 3304 3123 3359 auch Saar nicht. Und er hat Anteil
3134 3334 3340 3391 kleineren 2
2374 3345 3120 3390 der etwas sentimentalen und etwas
3132 3375 3353 3433 jüdische S
2330 3388 3118 3429 onischen Heimatsliebe und Heimatsfreude
3133 3416 3336 3469 gehörigen
2353 3420 3120 3469 r Alteren; er hat auch eine Vorliebe für
3130 3455 3323 3513 Neigung
2327 3462 3108 3508 #e von ihnen begünstigten Typen: den un¬
3129 3468 3348 3549 und Stim
2299 3504 3114 3552 widerstehlichen Schwerenöter, den nervösen
3126 3532 3345 3591 reichischem
2297 3540 3122 3586 Künstler. Aber er sitzt nicht mehr still im
2308 3581 3340 3643 stillen Zimmer: er hat sich mit seinen eigenen Neigung
2347 3623 3340 3684 Velhagen & Klasings Monatshefte. XXII. Jahrg. 190//1908. I.
2887 3983 3107 4081 S
3035 4130 3216 4199 Aumwinien
