3392 4320
226 226 1383 330 2. Guttings box 37/3
2659 222 3030 302 Telephon 1280
1900 394 2909 489 P M
1910 476 3051 532 □ l. österr. behördl. konz. Unternehmen für Zeitungs-Ausschnitte
1917 524 1983 571 6
2070 540 2955 615 Wien, I., Concordiaplatz 4.
1890 601 1993 664 2
2302 610 2726 671 Vertretungen
1962 665 3049 724 in Berlin, Budapest, Chicago, Christiania, Genf, Kopen¬
1894 713 3046 755 hagen, London, Madrid, Mailand, Minneapolis, New-Vork,
2016 740 3029 788 Paris, Rom, San Francisco, Stockholm, St. Petersburg.
2316 782 2708 838 (Quellenangabe ohne Gewähr.)
2708 790 2840 869 Dea
1909 827 2390 904 * Ausschnitt aus:
2404 876 3134 998 rankfurter Zeitung
2114 912 2518 993 3. MAl. 1908.
1899 938 2207 1049 E vom:
2918 1004 3044 1084 V 4
2011 1067 2848 1150 Bücherbesprechungen.
2157 1138 2791 1218 Poetische Individualitäten.
1961 1221 3012 1266 Paul Heyse — Max Haushofer — Arthur
2308 1253 2652 1306 Schnitzler.
2092 1292 2855 1368 von Lud (München).
1956 1332 3047 1406 Sie scheinen wenig Gemeinsames zu besitzen, die drei Brü¬
1916 1387 3047 1443 der in Apoll, die hier neben einander stehen. Nun ja, zunächst
1909 1423 3043 1484 bindet sie beim hentigen Anlasse der Zufall gleichzeitigen Er¬
1912 1447 3050 1508 scheinens der sie schildernden Studien zusammen (Paul
1903 1502 3044 1553 Heyse. Von Viktor Klemperer. Moderne Geister.
1912 1543 3043 1572 No. 4. Berlin 1907. Pan-Verlag. 101 S. — Max Haus¬
1908 1553 3056 1624 hofer der Dichtor. Von Oskar Hey. M. dem Bild¬
1911 1592 3061 1647 nis Haushofers, Handschriftenprobe und einer Ansicht von
1906 1625 3051 1678 Frauenchiemsee. Stuttgart 1907, J. G. Cotta Nf. 47 E. — Ar¬
1904 1663 3050 1721 thur Schnitzler. Eine kritische Studie über seine her¬
1910 1701 3051 1748 vorragendsten Werke. Von Alexander Salkind. Berlin
1909 1731 3055 1784 1907. Modernes Verlagsbureau Curt Wiegand. 130 S.). Paul
1918 1763 3058 1827 Meyse, Max Haushofer Arthur Schnitzler sind. Poeten, die
1927 1795 3053 1865 jeder durchaus eigene Bahn gewandelt, die als Männer ihrer
1916 1829 3063 1886 Ideen- und ästhetischen Ueberzeugung nie rechts, nie links ge¬
1917 1863 3067 1927 blickt, die unumwunden dem Fortschritte der Menschheit hul¬
1922 1899 3069 1952 digen und ihm, ohne sich irgendwie zu Tendenzliteraten, ihre
1928 1936 2904 1987 Muse zur Magd der Tageslaune zu erniedrigen, auch ir
1921 1967 2881 2033 höheren Sinne mit der Feder dienen als der Normal
1927 2006 2830 2056 Auch finden alle drei in süddeutscher Sphäre ihre
1923 2039 2817 2102 Befriedigung: Haushofer als Oberbayer, Schnitzl
1924 2081 2808 2135 der Kaiserstadt an der Donau, der nun 78jährig
1921 2107 2810 2163 54 Jahren in München, wo einst der Jüngling
1911 2138 2820 2195 durch Geibel veranlaßten Rufe König Max II. f.
1914 2174 2835 2235 struieren wir keine künstlichen Analogien. Doch
1919 2208 2836 2259 der Lektüre jener neuesten Würdigung des fruchtb
1923 2249 2831 2297 Heyse, des tiefbohrenden Humanisten und fweiser
1919 2280 2825 2329 apostels Haushofer, des kühn anpackenden, der Ge
1933 2320 2827 2370 mer wieder (auch wo er die Vergangenheit repro
1923 2354 2844 2406 Puls fühlenden Schnitzler herkomme, dünkt miel
1934 2379 2880 2439 sichtige Parallele zwischen diesen drei in Strehen
1937 2404 2944 2472 grundverschiedenen Charakteren mannigfach Jehr: un
1936 2462 2174 2513 gebnisreich.
1980 2466 2915 2543 Die Charakteristiken jener drei Dichtergestalten
1936 2510 2909 2572 wir bekommen da nicht etwa registrierende und erz
1924 2557 2706 2608 Biographien — aus der Hand hingebender,
1925 2590 2658 2638 bei aber kritischer Porträtisten, weichen
1923 2624 2662 2673 Jage und des Verfassers Fähigkeit stark
1938 2665 2656 2709 meisten entspricht den Anferderungene
1947 2694 2669 2741 terfeis das verhältnismäßig dünne H
1935 2734 2693 2777 trotz seiner persönliehen Zutunlichkeit un
1934 2757 2801 2805 krolog (auf den Tod seines Helden, 9. April
1940 2788 2861 2852 Darstellung zurück) erklärlichen intensiveren Wärn
1947 2829 2891 2876 tät die prüchtige Figur Max Haushofers wunder
1939 2859 2906 2922 hinstellt, in all mrEm edien Wollen, ihrer ruhelosen !
1935 2893 2922 2953 80 bewußten Sehnsucht ihrer gemütvollen, ore mie Hun
1943 2922 2916 2984 brämten Phantasie. „Der ewige Jude“, „Unhold, der
1944 2964 2929 3017 mensch“, „Geschichten zwischen Diesseits und Jenseits
1951 2991 2936 3044 Verbaunten, „Planetenfeuer“, „Prinz Schnuckelbold“
1950 3025 2907 3081 ben kleinere Erzeugnisse rücken da vor unser Augé'ej
1944 3060 2891 3111 ken und großen Dichter, der sogar gut literaturber
1947 3102 2810 3153 Zeitgenossen leidor nur vom Hörensagen bekanr
1956 3113 2852 3180 vielen Handbüchern völlig entgangen ist. Gerade
1947 3161 3007 3219 Sprung-, fast Aphorismenhafte der Heyschen Darlegung
1948 3189 3080 3244 vieht zu der stilsicheren und überaus svmpathischen Eigenart
1943 3224 3092 3286 Haushofers hinan, die sich zwar nicht leicht, aber dann, wie
1942 3260 3082 3313 man weiß, um so nachdrücklicher eröffnet, und möge ihr, der
1947 3292 3082 3347 ausgesprochenen Absicht gemäh, ehrliche Freunde erwerben:
1949 3337 3086 3397 hoher Genuß und nie oberflächliche Anregungen belohnen je¬
1941 3370 2647 3437 nen, der seine Bekanntschaft macht.
2006 3391 3087 3446 Von den beiden Lebenden in unserem ungleichen Terzett
1942 3427 3095 3494 gehört zwar Paul Heyse mit Haushofer dem „Münchener Dich¬
1942 3458 3096 3523 terkreis“ an; doch verknüpft innerlich nichts den in Isar-Athen
1943 3497 3086 3578 fest eingewurzelten Berliner mit dem durch und durch künst¬
1952 3529 3088 3598 lerisch veranlagten eingeborenen Malerssohn. Immerhin bre¬
1950 3563 3084 3623 ohen das gleichsam südländische Temperament, der scharfe
1947 3599 3087 3650 Stich in romanische Lebens- und Liebesauffassung, die Freude
1947 3630 3095 3681 an den Trieben freier Menschennatur, der Drang zu wahrhaft
1950 3668 3093 3720 künstlerischem Einschlag in Inhalt und Form der Poesie, im¬
1948 3700 3094 3761 iner wieder durch. Das Bändchen 4 der Sammlung „Moderne
1947 3742 3095 3792 Geister“ wo Viktor Klemperer dem vielseitigen Musendienste
1954 3772 3084 3830 Paul Heyses gerecht zu werden sucht, liefert kein geschlosse¬
1950 3808 3085 3867 ines Bild seines doch im Ciroßen einheitlichen Wesens. Eine
1950 3832 3094 3902 knappe Lebensskizze leitet ein, die eigentlich nur die Jugend
1949 3867 3105 3925 bis zum entscheidenden Eintritt in die münchener Sphäre vor¬
1958 3904 3092 3957 überziehen läßt, andernteils nicht bloß den maßgeblichen Ein¬
1964 3936 3093 3988 drücken des Elternhauses und der berliner und italienischen
1952 3964 3094 4025 Jünglingsperiode, sondern auch der eigenartigen Stellung in
1956 4016 3096 4066 der bayerischen Hauptstadt ein paur nötige Worte als „Bil¬
1956 4026 3101 4092 dungsfaktoren“ lievses zuweist. Das Isolierte in dessen äuße¬
1961 4058 3106 4135 rer Position seit einom reichlichen Menschenalter wäre da
1959 4120 3106 4166 hervorzuheben, so wie es allerdings nur jemand richtig fest¬
2218 4136 3102 4185 der ernster in die neueren Münchener Literatur¬
