3392 4352
835 248 1298 349 box 37/3
151 252 743 370 2. Cuttings
2551 1072 2604 1128 —
2008 1145 2398 1263 e.
2549 1176 2982 1299 so
3015 1213 3310 1335 V
1022 1169 2011 1388 SEN
2190 1250 2355 1351 0es
1248 1319 3298 1597 Cagesbote —
1054 1553 1161 1645 77
838 1464 1033 1679 ∆8
609 1626 730 1710 2.
852 1645 3322 1752 aus Nahren und Schlesien
1720 1824 2748 1903 Samstag den 5. September 1903.
608 1830 934 1916 Nr. 414.
496 1888 611 1971 —
2851 1946 3318 2023 vorschimmert. Und es
1651 1953 2849 2042 Triumphirn von Wien, die demegroßen Rate der „Jungen“
2855 2012 3334 2076 Gesellschaft, der Schnitz
1675 2017 2843 2075 vorstehen. Ich mag. mich auf das Literaturgeschichtsmär¬
616 2023 1540 2115 Moderne deutsche Dichtergestalten.
2850 2055 3324 2128 gehört, eine bürgerlich¬
1670 2066 2853 2134 chen von den geeichten „Jungen“ hier nicht einlassen; über das,
2844 2114 3323 2174 einem engen Kreise fe
1673 2118 2850 2174 was jung im Sinne des starken, begeisternden und befruch¬
954 2105 1242 2185 (Neue Folge.)
2843 2153 3331 2227 Wendung ins Resignier
1670 2155 2844 2221 tenden poetischen Lebens ist, entscheidet kein Kaffeehaus, kein
774 2169 1394 2251 Von Prof. Dr. Alzred Klaar.
2853 2208 3329 2271 hat. Es ist eine ander
1675 2210 2855 2272 Feuilleton und kein Vortrag in einem Literaturvereine, sondern
837 2226 1334 2315 Artur Schnitzler.
2842 2254 3328 2329 jenes, das durch Baue
1683 2265 2844 2320 die Empfänglichkeit des Volkes in seinen poesiefreudigen Ver¬
494 2285 632 2393 AGA GT
2853 2304 3326 2363 publikum vertraut gew
1678 2305 2852 2370 tretern, das Leben selbst, das sich an solchen Erscheinungen
2858 2354 3326 2421 schen und aristokratischen
1678 2362 2846 2420 verjüngt. Diejenigen, die sich heiser schreien, um zu beweisen,
575 2345 1676 2446 Als Grillparzer, ermüdek von dem Lärme später Aner¬
2856 2399 3336 2475 Naturen und humoristi
1679 2404 2851 2471 daß sie „Junge“ sind, sind entweder alt, als unfruchtbare
484 2404 1677 2482 kennung, der in das Heim des Greises eindrang, zu Beginn
2846 2448 3340 2523 fassung ergötzlich anein
1680 2457 2849 2532 Pedanten auf die Welt gekommen, oder mitten in ihrer Ju¬
474 2473 1676 2547 des Jahres 1872 die Augen schloß, war ein Thron erledigt.
2846 2504 3340 2563 mütige Tröpfe der Unh
1676 2507 2853 2568 gend an ihrer Agitation und an ihrer Eigensucht verwelkt
489 2522 1675 2583 Seit der zweiten Renaissance unserer deutschen Dichtung, die
2846 2557 3334 2617 des Leichtsinns — aber
1686 2562 2854 2620 und verdorrt. Davon also kein Wort mehr. Die beiden Lite¬
487 2573 1685 2635 sin der Zeit der Freiheitskriege begann, gab es immer einen
2848 2599 3333 2663 geschlossenen Kreise der
1692 2606 2844 2677 raten, die man als angebliche Schulhäupter in engen Kreisen
493 2638 1673 2693 Fürsten deutscher Literatur, der in Wien residierte. Raimund,
2855 2650 3334 2717 Vorstadt mit ihren Gri
1671 2660 2851 2731 neben Schnitzler zu nennen pflegt, Hermann Bahr und Hugo
490 2668 1685 2732 Grillparzer — dann, als der große Dramatiker schwieg, Niko¬
2847 2704 3323 2768 Lebemann zeigt nur di
1677 2700 2852 2771 v. Hoffmannsthal, haben übrigens in der Tat manchen Zugmit
483 2719 1669 2790 flaus Lenau — das waren etwa die deutschen Liieraturfürsten
2928 2753 3328 2815 Schnitzler zeichnet
1676 2756 2860 2822 ihm gemein, nicht etwa aus irgend einem Programm oder
494 2773 1674 2845 an der Donau, an der man immer deutsch gesagt und gesun¬
2857 2795 3321 2856 Grenzgebieten, wo die
1682 2818 2847 2870 Prinzip heraus, sondern weil sie in derselben Sphäre aufge¬
484 2818 1673 2887 gen. Die denkbar verschiedensten Naturen, aber alle mitsamt
2855 2842 3334 2920 den breiten Volksschichte
1685 2852 2853 2918 wachsen sind. Sie nähern sich ihm von verschiedenen Seiten
487 2866 1680 2948 ihren Vasallen, den Nestroy, Bauernfeld, Anastasius Grün
2852 2902 3337 2967 jünglinge sich mit der ###
1683 2907 2845 2968 her, Bahr von der der ironisch geistreichen Betrachtung des
497 2916 1677 2985 u. s. w., verbunden durch spezifisch österreichische, für den
2857 2954 3330 3015 einen Traum durchzuko
1684 2958 2843 3032 Wiener Lebens, Hoffmannsthal von der der bizarren poetischen
496 2967 1679 3028 deutschen Süden überauscharakteristische Züge. Damals, im Jahr
2847 2997 3339 3065 huldigen, um in der Un
1688 3004 2850 3070 Träumerei, die die Lebemannsmüdigkeit auf hohe Töne
483 3020 1681 3103 1872, war die Thronfolge nicht lange zweifelhaft. Ein Jahr
2858 3053 3324 3115 und Tragik dieser wil
1690 3068 1874 3139 stimmt.
495 3063 1685 3133 vorher hatte Ludwig Anzengruber mit seinem „Pfarrer von
2850 3103 3341 3162 seiner Beobachtung und
1769 3086 2852 3161 Auf einen flüchtigen Blick hin könnte man fast meinen,
481 3115 1685 3188 Kirchfeld“ nicht nur die Bühne, wie der abgeschmackte Ausdruck
2858 3133 3340 3209 wie in die andere dring
1676 3143 2856 3231 die beiden repräsentierten die Elemente, aus denen Schnitzler
497 3164 1684 3229 lautet, sondern die Menschen, die sich in der Bühne bespiegeln,
2851 3189 3330 3265 tion ein, die die Verwe
1678 3201 2859 3273 zusammengesetzt ist: die satirisch beobachtende und die traum¬
489 3220 1678 3278 erobert — der schlichte Mann, der nur wirken, nicht gelten
2859 3247 3317 3308 ans Licht gerücki und
1685 3252 2856 3317 haft symbolisierende Auffassung gesellschaftlichen Verfalls.
488 3266 1684 3324 wollte, war mit einem Schlage der Souverän der deutsch¬
2847 3299 3329 3361 seine Toren des Genuss
1682 3306 2856 3365 Aber die Chemie versagt wie immer in solchen Fällen; aus
488 3313 1683 3382 österreichischen Literatur; der Norden, der den Süden immer
2867 3347 3345 3411 seinen Anatol sich charch
1680 3354 2849 3413 Bahr und Hoffmannsthal zusammen macht man trotz alle¬
491 3366 1672 3445 fals Gegensatz und Ergänzung auf dem gemeinsamen Boden
2852 3390 3340 3461 choliker“, Prahler der ####
1682 3397 2847 3469 dem keinen Schnitzler. Bahr ist einer von jenen Publizisten
483 3411 1676 3480 geliebt hat, bestätigte ohne Zögern die Ernennung. Aber An¬
2865 3447 3322 3499 sich immer wieder in
1678 3448 2859 3509 höherer Ordnung, die unsere französischen Nachbarn weit
484 3459 1685 3538 zengrubers großer, angespannter Wirksamkeit waren nur noch
2863 3497 3323 3567 ihre eigene Patur oder
1676 3498 2853 3579 höher einzuschätzen wissen, als wir Deutschen. Er ist voll
494 3514 1678 3603 siebzehn Jahre beschieden; ein Fünfziger, ging er im November
2862 3545 3334 3603 Stand hält, oder Knabe
1680 3530 2870 3625 von Impulsen, Einfällen, rasch guietalisierenden Auffassun¬
503 3563 1680 3643 1889 dahin. Geister wie er und Grillparzer werden nicht
2853 3587 3335 3655 tenden spielrn, in denen¬
1689 3593 2857 3673 gen, ja sogar von origineller Bildkraft in der Wiebergabe
502 3607 1685 3668 entihront, aber die Lebendigen brauchen den Impuls des
2858 3637 3340 3704 der Großstadt, das sich
1690 3640 2858 3709 charatteristischer Erscheinungen der Gegenwart, ein Meister
490 3658 1680 3726 unmittelbar schaffenden Lebens und werden, so radikal die
2851 3688 3339 3757 schaft ausbreitet und in
1687 3695 2858 3761 der literarischen Blitzphotographie, ein Dialektiker, der über¬
496 3722 1677 3795 Welt werden mag, im Kunstbereiche immer zu Geistern empor¬
2860 3739 3342 3810 viele Existenzen vergifte
1673 3741 2865 3821 raschende Vorgänge sehr fein zergliedert. Aber wenn er das
486 3767 1395 3853 schauen, die sichtbar vor ihnen einhergehen.
2865 3779 3341 3854 der Schnitzlerischen Dich
1676 3793 2866 3859 Gesehene aus sich heraus fortspinnen und von Gnaden des
600 3800 1676 3879 Seit Anzengrubers Tode gibt es in Wien nur Präten¬
2854 3835 3349 3904 Welt bald mit juvenalsch
1682 3842 2850 3904 eigenen Temperaments beleben will, klappt es ihm leicht zu¬
495 3859 1678 3937 denten, keinen literarischen Fürsten. Wenn ich mich aber
2862 3888 3332 3951 rigen Lächerlichkeit, in
1679 3890 2860 3983 sammen; er braucht, scheint es, die Luft der Aktualität, um
504 3910 1682 3986 frage, wer den Stufen dieses literarischen Thrones am näch¬
2856 3934 3344 4002 achtung ergibt, bald wie
1680 3940 2863 4008 zes aufzublasen und in die Höhe zu bringen. Hoffmannsthal
505 3959 1686 4040 sten steht, so nenne ich Artur Schnitzler. Dabei liegt
2870 3976 3352 4058 in denen eine echte Nat
1679 3995 2865 4059 hat viel Kunst, aber wenn man ihn einen Künstler nennt,
505 4003 1686 4063 es mir fern, die Ansprüche der Männer, die neben ihm die
2864 4035 3346 4111 Teil ihres Wesens anver
1689 4039 2864 4109 denkt man daran, daß sich das Wort auch von künsteln her¬
503 4056 1680 4122 deutsch=österreichische Literatur vertreten, zu verkennen.
2935 4081 3326 4142 Dabei kommt ein
1693 4072 2870 4159 leiten läßt. überfein, mit allen Salben der Formkunst gerie¬
507 4101 1691 4181 Rosegger, dem eben jetzt aus voller Emofindung heraus so
1685 4146 3356 4192 ##en spielerisch geistia grillparzerisch in der Toyart bis zurdung ins Spiel, das vie
503 4154 1686 4216 viel Ruhmeskränze gereicht werden, ist auch in Deutschland
