3392 4320
240 241 835 358 2. Cuttings
873 247 1382 347 box 37/3
2115 114 2394 190 an. . —
1819 144 2045 204 E vom:
2071 222 2716 289 Phantastische Romane.
1979 280 2777 337 Von Walter Turszinsky (Berlin).
1787 321 3055 371 Es ist charakteristisch, daß in beiden Büchern, denen hier ein Geleit¬
1722 365 3058 425 wort gegeben werden soll, die Absicht weit größer ist, als das Voll¬
1729 411 3043 464 bringen. Solche Divergenz fällt besonders immer da auf, wo der Ver¬
1720 446 3048 514 fasser eigentlich nur Stange zu halten, seinem ursprünglichen Plane wie
1724 485 3045 539 einer gut ausgetretenen Fußspur nachzugehen brauchte, um seines
1726 518 3047 570 Stoffes Herr zu werden. Denn, was er am Anfange seines Weges will,
1724 564 3040 617 kann er auch. Nur, was er während des Marsches noch aufgreift was
1721 603 3045 653 seinen Stoff noch runden will, was sich den Grundmotiven noch an¬
1717 635 3048 696 schließt, wird zum niederziehenden Gewicht, das eine Einheit zerstört,
1720 676 3048 729 die es breiter und imposanter machen mochte. Man müßte ein Dick¬
1716 711 3061 772 häuter sein, wollte man Herrn Max Brod nicht zugestehen, daß er in
1716 767 3056 811 seinem Roman „Schloß Nornepygge“ (Berlin, Verlag Axel Juncker) dem
1715 800 3051 843 Grundriß des karikaturistisch=satirischen Romans weit näher gekommen
1717 820 3064 887 ist, als selbst Gustav Meyrink in seinen diabolisch ersonnenen Skizzen¬
1718 867 3056 915 ansätzen und Feuilletons. Es sind in diesem Buch, in diesem gellenden
1729 922 3058 962 Hohngelächter auf den Snobismus Szenen, die in ihrem Kontrast zwi¬
1723 944 3047 1002 schen der sorgfältig artistischen Herrichtung des Stils und dem satanisch¬
1724 985 3053 1049 zynischen Inhalt wirken, wie eine der Diaboliques von Felicien Rops;
1721 1037 3059 1074 Szenen, in denen die Fratze Grabbes sichtbar über den Zeilen schwebt.
1720 1065 3056 1111 Walder Nornepygge, der Held des Romans, der sein Leben vertut, um
1725 1110 3054 1158 als Dekadent, als Idealist, als Erotiker, als Aszet, endlich als politischer
1715 1143 3049 1194 Revolutionär seinen eigenen Stil zu suchen, die Lebensform, die nur
1719 1188 3051 1221 ihm eigentümlich und passend ist, ist gewiß, wenigstens im Entwurf, als
1724 1212 3055 1270 glatt verständliche und zeitentsprechende Karikatur auf aktuelle Narr¬
1725 1251 3056 1305 heiten vortrefflich geraten. Auch die andern menschlichen Lemuren, von
1724 1289 3048 1343 denen der Stilsucher ins Schlepptau genommen wird, Theaterdirektoren,
1721 1341 3050 1379 Marquis, Bürgerliche und Adelige, jeder und jede ein mixtum composi¬
1723 1386 3057 1430 tum aus Wirklichem und Gespenstischem, aus Menschlichem und Phan¬
1720 1415 3063 1457 tastischem, haben bestes, schärfstes Meyrinksches Blut in den Adern, mit
1720 1452 3060 1506 einem Zusatz jenes Lebenssaftes, der an der Existenz der Gestalten Hein¬
1735 1485 3053 1544 rich Manns die Schuld tragt. Nur, daß der Schüler, der auf den
1730 1519 3064 1577 Schultern zweier Meister baut, naturgemäß noch etwas weiter gehen kann,
1732 1570 3054 1624 als jene. Aber, Herr Brod hat leider nicht die Fähigkeit zur Beschrän¬
1725 1620 3058 1667 lung; — man dente daran, wie z. B. Heinrich Manns „Professor Unrat“.
1727 1650 3046 1695 als karikaturistischer Roman begonnen und geschlossen wird. Noch ist
1722 1686 3056 1738 Max Brod mehr jung und fühlend, als blasiert und souverän und steht
1736 1725 3058 1772 mehr inmitten als oberhalb der Ereignisse, muß also notgedrungen zu¬
1732 1770 3058 1821 gleich ein Ironiker, zugleich ein Pathetiker sein. Und so überlastet er
1733 1809 3060 1855 sein Buch, dessen Linie, wie ich sie markiert habe, gerabe und rücksichts¬
1725 1838 3063 1886 los hätte zu Ende geführt werden müssen, dessen Stoff nur in karrika¬
1726 1871 3062 1924 turistischer Beleuchtung ansehbar, dessen Anlage zunächst auch präzis
1732 1911 3056 1961 in dieser Art gestaltet ist, später mit zahllosen, unnötigen Anhängseln,
1726 1959 3059 1999 breiten, lyrischen Episoden, verschwommenen utopistischen Malereien.
1732 1996 3066 2045 Vor allen Dingen aber beginnt Max Brod seinen Helden immer gerade
1721 2033 3055 2080 an der Stelle ernst zu nehmen, an welcher er dem Leser am lächerlichsten
1725 2070 3054 2119 erscheint. Das ist verständlich: denn Herr Max Brod selber kommt ja
1735 2109 3061 2162 ursprünglich direkt vom österreichischen Dandysmus und Literatur¬
1735 2147 3065 2210 fnobismus her, möchte also seinen Stammverwandten nicht gleich bei der
1735 2192 3062 2242 ersten Begegnung schonungslos verreißen, ihm vielmehr die Dosis seines
1728 2226 3064 2276 Spottes nur mit Mitleid vermengt schmecken lassen. Aber diese
1730 2263 3068 2310 Schonung zerreißt die Wirkung. Es kommt etwas Unausgegorenes,
1733 2296 3059 2355 Schiefes, hin und her Taumelndes zustande, gleich als säße der Kopf
1727 2339 3065 2395 eines Gulbranssonschen Mikrocephalen auf einem von Phidias gemeißel¬
1732 2379 3070 2428 ten Rumpfe. Im Leben ist der Stil ein Geckenrequisit: Die Kunstform
1732 2420 3063 2474 braucht seine Fessel! Szenen, wie das scheußlich=gewaltige Notturno,
1728 2456 3059 2506 in welcher Walder Nornepygge sein Weib in den Armen eines in
1728 2500 3069 2550 Menschengestalt wandelnden Gnoms findet und, wie ein lebloser Klum¬
2766 2524 3067 2591 ....: oder die
1727 2533 2770 2585 pen, die Schmähungen der beiden über sich ergehen läßt.
1734 2572 3062 2631 andere, in welcher der Eremit Walder den ihn suchenden Stadt= und
1740 2627 3063 2673 Lebensmenschen entgegenruft: „Törichte, laßt ab von mir. Ich habe
1736 2658 3070 2705 nichts mehr gemein mit euch. Ich bin Eremit geworden!“ und ein
1742 2676 3059 2746 Zyniker ihm kalt erwidert: „Me riechts!“ zeigen die Stelle und den
1732 2727 3061 2781 Stil, an denen Max Brod hätte stehen bleiben müssen. Sein Schwanken
1734 2764 3060 2835 zwischen Satire und Pathos ist durch keine stilistische Virtuosität gut zu
1740 2817 1916 2878 machen.
1805 2827 3068 2904 Immerhin: der Bremenser Otto Gysae ist mit seinem dritten
1736 2878 3069 2949 Roman: „Die silberne Tänzerin“ (Albert Langen, München) nicht ein¬
1736 2926 3060 2976 mal so weit gekommen, wie sein süddeutscher Kollege von der phantasti¬
1742 2955 3068 3018 schen Romanliteraturrichtung. Bei ihm muß man sich schon an die
1741 3001 3060 3057 Kunstfertigkeit des Wortschliffes, an den seltsamen Reichtum der nach
1739 3046 3069 3094 der Anleitung des Koloristen Jens Peter Jarobsen gestellten Bilder
1732 3086 3063 3131 halten, wenn man überhaupt bis zu etwas Positivem vordringen will.
1733 3110 3064 3164 Otto Gysae möchte die stillen Stuben hanseatischer Puritaner öffnen,
1732 3154 3053 3209 zwischen deren Wänden das Leben in den Mündungen kalter Zeremonien,
1733 3191 3032 3249 eisigen Pflichtenbewußtseins, lähmender Einförmigkeit versickert ...
1737 3230 3055 3289 und wir erinnern uns, daß Thomas Mann in seinen „Die Budden¬
1740 3268 3061 3322 brooks“ vor den gleichen Spiegel getreten ist, freilich, um in dem
1732 3307 3066 3351 Glase Menschen: keine Gesvenster, sondern ein vom Sonnenlichte des
1739 3352 3056 3401 hellen Tages beschienenes Stück Leben zu sehen. Otto Gysae hat es,
1732 3387 3061 3435 persönlich in diesem Kreise lebend, erkannt, daß das Leben der Güter
1735 3424 3061 3488 höchstes nicht ist und illustriert diese Einsicht durch das Schicksal der
1731 3461 3060 3519 armen Ante Almelo, einer kleinen Millionärsfrau, die wie ein Elfchen
1737 3498 3066 3554 durch die dunklen Säle ihres Daseins geht, zwischen dem nachlässig¬
1742 3539 3057 3591 gütigen, meist in Geschäften versunkenen Gatten und der wachsamen,
1731 3581 3059 3630 strengen Schwiegermutter, bis ihr Tag still, ahnungslos, auslöscht, wie
1741 3625 3061 3671 einst der Odem ihres kleinen Kindes auslöschte. Ihr bedeutet der Tod
1732 3650 3061 3708 eine Hoffnuna; die erste, nicht die letze Station. Aber auch beim Be¬
1732 3699 3073 3746 tasten dieses Gedankens schadet der Vergleich: und wir gedenken dankbar
1730 3734 3064 3775 des Namens „Arthur Schnitzler“ dieses Meistersvielers auf der Klavia¬
1734 3785 3068 3823 tur der Todesdechlribt die Sprache Otto Gysaes, die seltsam
1744 3819 3073 3866 bewegte und sorgfältig durchfeilte Sprache des in langsamem Tempo und
1747 3860 3062 3911 im stillen Erdenwinkel Arbeitenden. Eine Sprache, die die Kühnheit
1744 3888 3061 3946 des Ausdrucks nicht scheut, ohne doch jemals Kobolz zu schießen. Sonst
1731 3937 3058 3983 aber leidet auch dieser „phantastische Roman“ daran, daß er mehr will,
1746 3976 3070 4023 als er leisten kann. Daß er Vorgänge, die nur eine satirische oder eine
1741 4014 3064 4062 naturalistische Belichtung vertragen, lyrisch=märchenhaft stilisiert. Herr
1745 4044 3119 4105 Brod tut das zur Hälfte, Herr Gysae ganz. Und darum bleibt er der ##
1746 4090 2283 4154 Schwächere von den beiden!
2456 4141 2550 4207 —
2176 4143 2299 4206 W
3070 2188 3146 2268 *0
