3392 4352
797 278 1268 386 box 37/3
112 282 720 402 2. Cuttings
1158 1379 3140 1470 Voltsgenossen ermahnten, rähiges Blarze —u2chin.: Wahlen statlsinden, so mußte es jeden Oest¬
115 1427 3185 1533 Der Stadtrat hat das Projekt Fronz abgelehnt, welche ruhig blieben bei dem Gedanken, daß in reicher und namentlich die Deutschen in Oest
1131 1554 3193 1615 Hugo bei uns Christian Friedrich Grabbe und im schroffsten Form, um sich sieghaft durchsetzen zu können. Und wieder
185 1426 324 1674 225
1149 1599 3184 1662 Gegensatz zu ihm Karl Immermann um die deutsche mehr sich selbst als der Welt gegenüber. Hebbel hat sicht
301 1561 874 1694 #0 „Seuilleton.
2156 1636 3199 1714 seinen inneren Menschen, als das Produkt einer
1148 1659 2160 1724 Palme; Büchner, Gutzkow und vor allem Laube rangen
2146 1683 3201 1770 gärenden Zeit, durch das Drama erobert, hat einen
1145 1707 2149 1765 dann um die Führung, Robert Prutz, Rudolf Gottschall,
126 1688 1157 1778 Das deutsche Theater im 19. Jahrhundert.
2150 1739 3193 1806 Erkennungsprozeß des modernen Menschtums als Drama
1155 1756 2170 1825 Karl Griepenkerl, Mosen, Krusen, Nissel schlossen sich ihnen
220 1764 1153 1836 Seit Grillparzer finden wir als Ziel der Entwicklung
2148 1769 3194 1858 aus sich heraus projiziert. Daß diesem Produkt chaotische
1145 1810 2161 1859 an. Und doch ist das Drama in dieser Periode nur von
126 1820 1154 1880 im Drama die Verschmelzung der in ihrer Grundstimmung
1145 1849 3192 1912 Hebbel auf der Bahn der Entwicklung weitergeführt Schlacken anhaften mußten, war auf dem halberhellten
128 1873 1155 1934 lyrischen Dramatik Goethes mit der gedanklichen Schillers
1147 1889 3186 1957 worden. „Die ganz ungewöhnliche persönliche und geistige Wege, den er selbst ging und den die zu seiner Zeit vor¬
121 1922 1153 1997 und in ihrer weiteren Behandlung im Sinne Shakespeares.
1147 1915 3191 2002 Entfaltung dieses Dichters begünstigte zwar keineswegs eine handene und in mannigfacher Umwandlung begriffene Er¬
125 1967 1160 2032 Auf diesem Wege kommt Martersteig zum Musikdrama,
1148 1962 3192 2059 scharfsichtige Wahl, die Entwicklung etwa dort anzuknüpfen, kenntnis darstellte, unvermeidbar. Und lange genug hat
123 2019 1154 2084 allerdings erst nach einem langen Kapitel, das von der
2158 2032 3205 2097 man dieser Schlacken willen den Dichter als einen grotesken.
1154 2026 2174 2108 wo das Drama seinen letzten Höhepunkt in der Eigenart, der
130 2069 1157 2137 Verirrung des deutschen Dramas und der historischen
2150 2083 3185 2151 Sonderling behandelt. Hebbel aber blieb der Hauptsache nach
1156 2100 2168 2161 auch Hebbel zuneigen sollte, erreicht hatte. Zu Schiller stand
124 2114 1162 2182 Oper handelt. Wir sind in jener Zeit, in der eine Fülle
2159 2133 3187 2192 unverstanden und ohne weiteren bildenden Einfluß auf die
1154 2126 2170 2204 er in einer Verehrung bezeichnenden Entfernung; Shake¬
134 2167 1157 2224 neuer Aufschlüsse, die von den Gebieten der Biologie,
1155 2179 3198 2255 speare und Kleist trat er erst später als Dramatiker nahe, nächste Entwicklung des Dramas; denn Otto Ludwig
133 2210 1149 2274 Anthropologie und Physiologie der Weltbetrachtung
1146 2219 3201 2302 als der Lyrik Uhlands und Goethes, der reichen Gefühls= steht neben ihm nur wie der nacheifernde, aber den
131 2265 1155 2322 zugeflossen ist, in einer Zeit, wo die literarisch¬
1154 2264 3197 2344 welt Jeans Pauls und der romantischen Phantastik Tiecks. Lehrer nicht selten mißverstehende Schüler, Halm,
127 2308 1154 2376 poetische, die künstlerische Behandlung des Menschen und
1148 2319 3210 2400 Er sah mit fast unsehlbarer Schärfe zwar jede eigentümliche Redwitz, Deinhardstein, Mosenthal, Bauernfeld, Hackländer,
127 2357 1162 2433 seiner Stellung zur Natur und Gesellschaft einen be¬
1156 2364 3207 2441 Schönheit und Größe der echten Dramatiker; aber sie Charlotte Birch=Pfeiffer sind nur Erscheinungen, Gustav
129 2401 1156 2466 merkenswerten Wandel erfuhr, in der Zeit der Helden
1145 2418 3193 2487 lockte ihn zunächst nicht zur Nachahmung oder Fortsetzung. Freitag aber hat sich nur einmal zu einer dramatischen
132 2458 1160 2516 Jung=Deutschlands und des Liberalismus. Diese Helden
1154 2477 3201 2539 Vielmehr Anregungen empfing sein Trieb: das Verhältnis Tat aufgerafft; Anzengruber ragt aus dieser Periode her¬
127 2506 1154 2563 waren ausgezogen, den Romantismus zu vernichten, blieben
1145 2518 3203 2586 seiner Seele zu der wunderlich engen und fast grotesken vor, deren Endziel Wagner heißt; Wagner ist aber auch
124 2554 1156 2630 aber im Grunde doch selbst Romantiker reinsten Blutes,
1161 2564 3204 2635 Welt, die ihn umgab, zu objektivieren, von der Lyrik vielleicht der einzige Fehler Martersteigs, weil er das
130 2584 1157 2668 weil der Roman der Revolution ihren Blick trübte. An
2158 2598 3208 2675 Wagnersche Musikdrama nur als Reflex der politischen Er¬
1145 2626 2164 2683 und der Novelle romantischer Färbung. Daneben drängte
130 2642 1162 2714 ihrer Spitze stand Börne, der erste Journalist großen Stils,
2159 2662 3202 2732 hebung Deutschlands hinstellt. Die politische Oekonomie mag
1150 2678 2166 2739 ein mythisch-religiöses Element zum Ausdrucke. Die volks¬
126 2702 1164 2759 der über alles schrieb, auch über das, was er nicht ver¬
2172 2696 3215 2782 von immanenten Gesetzen beherrscht sein, in der Kunst#
1155 2722 2174 2783 tümliche Weise Uhlands zu einer vertiesteren, aus den
122 2743 1157 2815 stand, mit seinem Haß gegen Goethe und seiner suffisanten
2170 2760 3201 2825 und in der Dichtung liegen die Dinge denn doch anders.
1152 2765 2179 2841 mystischen Quellen schöpfenden Empfindung zu gestalten,
131 2796 1165 2849 Aburteilung über Schiller, mit seinem höchst einseitigen
2165 2819 3207 2867 Goethe in der Dichtung, Wagner in der Musik, Böcklin in
1146 2814 2174 2882 hat Hebbel lange als Ziel vorgeschwebt. Als er aber,
131 2838 1162 2910 Kunstverständnis für die ganze Richtung seiner Anhänger
2159 2857 3198 2920 der Malerei sind Erscheinungen, die als solche keine wesent¬
1147 2865 2171 2936 heranreifend, auf eigenen Wegen des Erlebens die proble¬
138 2897 393 2959 bestimmend.
2165 2903 3208 2979 lichen Berührungspunkte mit ihren Zeitgenossen aufzuweisen
1152 2915 2172 2984 matische Beschaffenheit der Welt in einem ungeheuerlichen
233 2930 1162 3018 Um diese Zeit bemühten sich wie in Frankreich Viktor
1136 2959 3194 3028 und dauernd aufgewühlten persönlichen Schicksal erfuhr und haben und daher einem klug erdachten System als Grund¬
1147 2983 3213 3074 er das Leben als einen Kampf mit sich selbst und um sich oder Schlußstein nicht einzufügen sind. Am allerwenigsten
231 3005 1156 3103 Siehe „Wiener Morgen=Zeitung“ Nr. 306 vom
1124 3052 3213 3144 selbst erkannte, wurde das Drama für ihn die zwingende aber bedeutet das Wagnersche Musikdrama das höchste Ent¬
137 3047 417 3147 4. November.
