3392 4352
247 308 836 404 2. Cuttings
947 311 1388 394 box 37/3
1844 220 2303 261 tarchlato e rohneto. dall
1834 256 2480 304 ce coronaia dn lunga spiovente
2523 256 2729 304 apellatura
1829 291 2732 334 parecchie arruftala, enstand, II vise circon¬
1828 333 2730 366 Gato da und barhn delle stesso colore dei en¬
1833 353 2732 392 pelli pettinata anchessa..., come la chioma.
1832 388 2732 435 Gli eechi he vivacissimi, intelligenti, dalle¬
1823 420 2732 455 spressione deleissima, quasi femminen. Quali¬
1822 454 2732 497 do parla da Fanima negli occhi. tutto il suo
1828 490 2732 529 viso sillumina di una luce spirituale. Figlio
1827 524 2736 573 del celehre e compianto dott. Giovanni Schnit¬
1828 553 2728 600 sler gla professore di Laringologie all' U¬
1823 590 2697 622 niversita di Vielma, Arture Cchnitzier,
1824 613 2740 669 medico egli pure. mu, credo, non abbia mai
1824 663 2731 703 esercitata seriamente l’arte sua, per fortuna
1822 690 2736 733 degli ammalati, ed a maggior gloria della
1827 724 2728 764 letteratura che egli professa quasi cosa rara,
1824 751 2721 796 come un sacerdozic. Giovane ancora egli é
1829 788 2735 843 celebre. Lo studio della medicina gli ha ser¬
1827 825 2729 861 vito pin dal lato psicolovico che da quello pa¬
1828 851 2738 892 tologico. Fornito di un intelligenza superiore,
1836 891 2739 936 lucida e forbilg. egli osserva. serutandolo, 10
1838 927 2731 966 spettacolo del mondo e penetra nelle anime de¬
1817 959 2739 1005 gli uomini e delle donne, sopratutto cogliendo
1832 991 2739 1037 di queste gli aspetli. Quando le osserva, le
1829 1028 2734 1067 scruta prefondamente con un fondo di sceiti¬
1825 1046 2742 1121 cisme. egli le ama ma di un amore ciecoe 11
1830 1088 2733 1129 pin delle volte, parte in guerra contro la piu
1819 1120 2743 1186 bella metà del genere umano, ed allora diven¬
1829 1159 2726 1197 ta spietato con essa, qualche volta, anche cru¬
1828 1194 2733 1226 dele. Egli é Tanalizzatore profondo dei senti¬
1835 1228 2738 1269 menti di certi tipi della Vienna contempora¬
1836 1256 2735 1302 nea. Ha creato un tipo: s la Süsse Mädel .
1831 1290 2733 1335 (dolce ragazza) comparso per la prima velia
1826 1329 2726 1374 sulle scene nella sua applandita commedia
1863 1356 2725 1403 Liebelei " (Amorazzo). Tipo di ragazza
1826 1397 2738 1447 prettamente viennese che non é una sartina
1823 1424 2731 1464 né un'orizzontale ma sta fra le due. Tipo ve¬
1828 1457 2725 1509 ro riuscitissimo tanto che il nomignolo ven¬
1832 1498 2358 1536 ne generalmente adottato.
1857 1526 2750 1576 L’arte di Arturo Schnitzler non assomiglia
1831 1566 2748 1603 per nulla a quella de’ suol confratelli vien¬
1819 1601 2748 1640 nesi. Infatti essa non ha le ricercate prezio¬
1838 1629 2738 1669 sità delle forme di tipo dannunziano di Ugo
1823 1662 2734 1705 de Hoffmannsthal: non l’eccentricità parados¬
1825 1703 2728 1740 sale di Pietro Altenberg; non lo stile incisi¬
1832 1730 2103 1781 vo del Bahr.
1857 1747 2750 1820 In fatto darte, Arturo Schnitzler — que¬
1834 1790 2722 1836 sto lo disse a me — non ha una-suspropsia
1834 1821 2739 1873 teoria. Serive come gli¬dewa i sue modo di
1836 1869 2741 1915 sentire. Non¬###iscrento, non & prezioso, non
1826 1899 2746 1945 sacrifica ie idee alla forma, onde, talvolta,
1824 1932 2742 1979 lo stile della sua prosa & negleito, pereino tra¬
1829 1964 2733 2005 scurato appunto per voler lo sforzo d’essere
1827 2002 2740 2048 semplice. Ma quanto fresco, gradito sapore
1831 2032 2578 2066 di spontaneità ih tetti i suoi lavori.
1850 2069 2741 2113 Ingece come poeta & ricercatissimo, addirit
1819 2103 2736 2134 tura un eesellatore: contro il romanticismo
1824 2133 2742 2175 del teatro storico contemporaneo si espresse
1826 2171 2747 2210 cosi: a Bando quindi al teatro storicc o pseu¬
1833 2204 2748 2251 do storico il quale non rappresenta pin il no¬
1825 2238 2743 2279 stro tempo " — egli mi disse un giorno e
1818 2274 2744 2312 non molto tempo dopo veniva rappresenta-
1819 2305 2737 2355 to all’ Hofburgtheater e II velo di Beatrice #
1828 2348 2740 2390 che é apgunto un dramma sterico!?fl... O an¬
1828 2379 2478 2420 date un po’ a fidarvi dei poeti.
1855 2409 2731 2447 Analizzare lintiera opera dello Schnitzler
1821 2440 2733 2504 non ine lo çonsentirehbe lo spazio del nostro
1825 2473 2112 2524 giornale.
1860 2515 2735 2551 Diro soltanto che giovinetto append dava
1825 2545 2736 2585 sulle scehle del Volkstheater (teatro popolare)
1826 2577 2742 2620 il drafnnia in 3 atti e Das Märchen „ (Fiabe).
1825 2606 2740 2639 A venti anni aveva gia scritto: e Sterben #
1823 2639 2742 2689 (Morire) nel quale ha saputo raccogliere pre¬
1828 2677 2734 2720 ziose osservazioni come psicologo ed anche
1825 2709 2744 2760 come pafologo: a Anatol n novelle dialogate;
1830 2749 2734 2786 4 Liebelei v (Amorazzi) dramma in 3 atti;
1822 2777 2734 2823 a Freiwild s (Preda libera) dramma a base
1818 2808 2734 2861 d’ufficiali e di attriei; e Das Vermachtniss .
1834 2846 2733 2885 (II legato) trattante un conflitto fra le idee
1835 2868 2741 2937 sociali e morali. In seguito & Paracelso s:
1832 2906 2743 2965 a Die Gefätwtin " (Compagnal: e Al pappa¬
1827 2948 2736 2985 gallo Verde u a Grüne Kakadu) tre atti che ot¬
1821 2973 2731 3017 Itennero al Burgtheater un colossale successo.
1828 3009 2733 3061 Poi ail Velo di Beatrice s dramma storico
1827 3051 2733 3088 in 5 atti e in versi. di soggetto storico e con
1831 3085 2738 3122 la scena a Bologna. Poi il soliloquio e Il
1825 3115 2740 3158 tenente Gustavo , che valse a lui di es¬
1828 3148 2738 3193 sere escluso dall’esercito: poi le s Lebendige
1828 3185 2736 3228 Stunde " (ore di vita) che destarono molte
1832 3218 2732 3256 discussioni: le s Reigen # diech dialoghi esu¬
1821 3254 2734 3298 Iberantemente veristi che né agglungeno nè
1825 3285 2726 3326 tolgono fama al chigro autore: infine e Ein¬
1820 3325 2729 3371 same Weg .  La vie solltarla : che ebbe
1821 3359 2740 3412 a Barlind un gran anccelin. Adesso, lavors
1820 3416 2735 3505 molto ma serba il piü assoluto segreto sul¬
1823 3452 2083 3500 Topera sua.
1854 3487 2732 3574 Laggin nella Spittelgasse, una nuova via
1822 3518 2721 3601 del XVIIII distretto Arturo Schnitzler, nel
1828 3558 2725 3645 suo nido elegante e civettnolo — ché egli é
1825 3591 2724 3666 anche ricco il che non vuasta — alle gioie
1821 3626 2724 3709 che procura T’esercizio dell’intelligenza unisce
1815 3667 2715 3750 duelle della famiglia poiche egli da qualche
1811 3696 2447 3760 anno, & marito e padre felice.
1837 3731 2714 3801 Le opere letterarie e sceniche di Arturo
1810 3752 2727 3853 Sehnitzler meriterebbero di essere conosciute
1808 3795 2720 3876 anche da noi, ed io fo voto che queste poche!
1807 3823 2719 3905 edisadorne notizie nossano invogliare qual¬
1803 3868 2702 3941 cund a tradurre dnalche suo Javoro in
1800 3891 1992 3938 italiano
2035 3913 2707 3977 farlo rappresentare sui nostri
1801 3928 2700 4006 teatri in lnogo delle scipitaggini che giungo¬
1795 3962 2702 4057 no sul nostro teatro da aleune sorelle latine.
2278 4028 2671 4090 Rimo Turralba.
1802 4029 2036 4108 —
2737 3446 2808 3579 5
2724 3571 2802 3616 1
