3344 4352
927 224 1390 326 box 37/3
234 226 836 343 2. Cuttings
3082 1440 3179 1516 S
520 1474 3358 1530 also keineswegs etwas Abnormes oder gar in sich Wider= französelnden Persönlichkeit heraus beobachtet und schildert Denkweise, des Gefühl¬
520 1530 1706 1604 sprechendes, daß dieser Dichter des Todes zugleich mit
1697 1547 2879 1624 er nun das heimatliche wienerische Leben und Lieben.
2860 1548 3362 1615 in denen, so geringfüg
530 1570 1698 1653 einem Boccaccio oder Pietro Aretino in erotischer Kühn¬
1695 1592 2881 1664 Wenn ich etwas von Schnitzler lese, meine ich, franzö¬
2863 1584 3340 1660 Wien sich verrät, wie e
522 1620 1698 1709 heit wetteifert. Der Zeugungsakt und das Sterben ver¬
1701 1642 2869 1705 sische Worte, Phrasen und Tonfälle wie aus der Ferne
2865 1645 3350 1711 virtuofen Photographen
519 1665 1705 1756 halten sich nun einmal zueinander wie Komplementär¬
1696 1688 2867 1744 leise mitklingen zu bören. Das soll kein Tadel sein.
2866 1681 3350 1754 kennt und empfindet v
518 1723 1701 1795 farben; wer die eine stark empfindet, muß, ob er will
1700 1727 2872 1789 Nur das eigentlich Schnitzlersche an Schnitzler soll es
2858 1736 3353 1809 so sehr die schwere Mu
514 1780 1696 1838 oder nicht, auch die andere stark empfinden. Dadurch
1700 1779 2865 1847 charakterisieren, diese einzige Verschmelzung französischer
2855 1779 3346 1866 namentlich die sprachl
518 1816 1700 1906 aber sind die erotischen Dichtungen Schnitzlers auch weit
1695 1828 2871 1892 Klarheit und prickelnden Pariser Esprits mit Wienerischer
2869 1834 3350 1895 groben Urwienerisch un
510 1869 1700 1935 mehr als Nuditäten; der dunkle Hintergrund des
1697 1875 2865 1932 Liebenswürdigkeit, Wienerischer Liederlichkeit, Wienerischer
2867 1868 3352 1953 der Welt, aus der Sch
516 1914 1705 1983 großen Mysteriums, vor dem sie sich abspielen und dessen
1700 1921 2872 1996 Traulichkeit und Wienerischem Humor, kurz, mitallen Stoffen,
2862 1928 3346 1997 gesprochen werden. Der
520 1957 1703 2036 unheimliche Nähe man bei Schnitzler immer fühlt, auch
1704 1970 2872 2033 welche die Atmosphäre Wiens sättigen und ihr die an¬
2864 1960 3355 2041 ihm den Charakter, die
521 2015 1462 2099 wo er seinen Humor leuchten läßt, adelt sie
1702 2019 2867 2080 heimende Molligkeit und das charakteristische Aroma ver¬
1492 2018 1701 2096 beinahe
2854 2009 3360 2089 der Menschen zuflüster
517 2055 798 2131 zur Poesie.
1695 2063 2867 2123 leihen. Sind es doch die Franzosen, welche die Novelle
2872 2072 3360 2140 Sprache, die Lieutenar
621 2096 1692 2173 Schnitzlers Erotik, das werden auch solche nicht be¬
1690 2107 2872 2163 und die Komödie befähigt haben, das nur mit den feinsten
2862 2114 3360 2185 mit so unfehlbarer Siche
514 2140 1703 2225 streiten, die für seine diskrete Künst die höchste Bewun¬
1693 2157 2868 2236 Nervenspitzen zu empfindende, begrifflich schier undefinier¬
2873 2164 3362 2228 Gustl wäre, die Gedan
512 2200 1712 2272 derung hegen, ist eine ziemlich eng begrenzte. Es ist
1694 2188 2880 2285 bare individuelle geistige Fluidum einer Stadt und einer
2858 2199 3350 2285 dieser Mensch in dieser
508 2246 1687 2310 wienerische Erotik, in deren Mittelpunkt der von Schnitzler
1697 2252 2869 2312 Bevölkerung mit erlesener Sprachkunst zu erhaschen
2862 2253 3350 2328 glänzenden Satire „Li
519 2292 1695 2370 ins Heimatliche umgebildete Typus des „süßen Mädels“
1690 2297 2869 2355 und festzuhalten, so daß der Leser des Buches
2864 2296 3359 2369 mit seiner Braut über
1691 2343 1866 2424 mitten
521 2327 1707 2428 steht. Man pflegt zu sagen, daß Wolzogen diesen Typus
1851 2332 2858 2426 in der Stadt, aus deren großem Leben
2863 2350 3359 2424 troffen haben. Von zw
1689 2379 2092 2468 eine dramatische
515 2385 1694 2461 geschafsen hat. Der Name mag von ihm sein, aber der
2536 2381 2743 2467 Episode
2082 2379 2542 2470 oder novellistische
2734 2402 2864 2459 ge¬
2864 2398 3359 2469 Juden gewesen sein.
519 2437 1705 2521 Typus selbst ist in Wahrheit ebenso alt wie die moderne
1704 2439 2865 2504 schildert wird, zu wohnen und ihre Atmosphäre
2862 2447 3332 2512 g'macht haben.“ Eine
514 2473 1697 2558 deutsche Poesie. Goethes Gretchen ist die Urgroßmutier
1701 2498 2866 2550 zu atmen glaubt. Alle europäischen Nationen haben den
2867 2489 3359 2572 flüchtigen Zuge skizziert
516 2532 1702 2592 aller deutschen „süßen Mädeln“, und Melitta und Hero
1710 2539 2882 2623 Franzosen diese Technik abgelernt und sie den besonderen
2948 2528 3359 2620 Immer wieder wir
507 2583 1697 2653 gehören, trotz griechischer Tracht und fünffüßigem Jambus,
1700 2585 2128 2660 Zuständen, die sie z
2131 2585 2868 2661 u schildern hatten, angepaßt, die
2868 2571 3342 2677 Aufforderung gerichtet,
519 2626 1704 2689 auch zur Familie. Ob Schnitzler diese seine Lieblings¬
1699 2622 2874 2696 großen russischen Romanciers nicht minder als die
2862 2647 3350 2713 Stils zuzuwenden. Er
513 2681 1695 2737 gestalt frischweg und unmittelbar aus dem Wiener Leben
1706 2677 2874 2743 nordischen Dramatiker. Ibsen ohne Dumas und Turgen¬
2857 2686 3358 2757 obwohl in Wien ein
514 2725 1700 2789 herausgegrissen hat? Ich zweifle daran. Dem wienerischen
1692 2727 2864 2804 jew ohne die George Sand ist ebensowenig denkbar als
2863 2736 3359 2810 angehäuft ist. Weshalb
510 2760 1696 2825 Erdgeschmack, den auch der bornierteste Antisemit
1705 2785 2870 2848 Ferdinand v. Saar ohne den Schüler der Franzosen
2868 2782 3345 2861 er zu sehr Poet und
508 2819 1701 2882 Schnitzlers Sachen nicht wird abstreiten können ist eine
1688 2819 2856 2886 Turgenjew und — Schnitzler ohne Guy de Maupassant.
2858 2821 3360 2908 zu können. Die Mela
517 2866 1696 2947 zarte Blume beigemischt, die auf einen anderen Ursprung,
1689 2870 2868 2940 Da liegt nicht Nachahmung vor, sondern Abstammung
2859 2872 3361 2959 und feineren Geister in
507 2901 1690 2985 die nach Paris deutet. Schnitzler, wie viele seiner Nach¬
1690 2920 2862 2974 und Familienähnlichkeit. So dürfte auch das „süße
2856 2924 3340 3012 gemütlichen Wien, umsp
515 2966 1687 3023 ahmer, die heute das literarische Wien überschwemmen,
1695 2964 2874 3031 Wiener Mädel“ als lokale Spielart des Pariser Studenten¬
2858 2979 3349 3045 spiel, wie man es von
509 3019 1685 3081 wäre, wenigstens in seiner ersten Zeit, gewiß lieber ein
1691 3015 2877 3098 liebchens der Grisette, anzusprechen sein; dieses angenehme
2871 3027 3345 3093 müßte er vor allem fü
516 3059 1691 3119 eleganter junger Pariser Autor gewesen als ein Wiener.
1695 3059 2867 3142 Geschöpf ist also, wie oben angedeutet, auch ein wenig
2861 3072 3359 3129 stände Sinn und Inte
516 3101 1705 3187 Die „Anakol“=Maske, in welcher er seinen ersten großen
1690 3099 2203 3184 literarischen Ursprungs.
2867 3123 3348 3194 Dichter in ihm ganz kalt I
513 3154 1692 3215 Erfola errang, verrät diese Sehnsucht, dieses der sozialen
1778 3163 2866 3237 Obwohl bei den meisten Sachen von Schnitzler in
2857 3172 3348 3238 haben nur für drei D
519 3196 1698 3271 Schichte, der Schnitzler entstammt, eigentümliche Heimweh
1697 3197 2862 3282 Stoff und Stil ein gewisser Parallelismus mit Pariser
2856 3213 3358 3286 und fürs Komödiespiele
511 3247 1697 3303 nach Paris. Indem Arthur Schnitzler sich Anatol taufte,
1696 3253 2871 3322 Urbildern nachgewiesen werden könnte, so muß man ihm
2872 3271 3346 3347 tur ist er in dieser Hi
508 3297 1705 3368 gelang es ihm, wie ein Schauspieler, der sich leiblich und
1694 3306 2873 3386 doch zugestehen, daß er die angeeigneten Formen mit
2869 3304 3361 3391 märzes. Deshalb, glau
523 3346 1695 3406 seelisch bis an die Grenze per Identifizierung in eine
1687 3351 2877 3439 echtem frisch pulsierendem Wiener Blut zu füllen gewußt
2867 3356 3362 3432 man ihm zutraut, ung
513 3385 1695 3447 Rolle hineinlebt, auch sein innerstes, wienerisches Selbst
1697 3401 2869 3470 hat. Zwar nicht das ganze Wien, aber Geist und Wesen
2858 3404 3360 3480 schärsste und diskretest
518 3434 1704 3505 im pariserischen Sinne umzufärben und sich fortan so zu
1691 3451 3340 3530 gewisser Schichten und Koterien der Wiener Gesellschaft Wiens, daß ein Kopf
519 3471 1702 3547 fühlen, als ob er ein geborener Anatol oder Raoul und
1691 3498 2867 3564 lebt in Schnitzlers Büchern und Komödien. Der Leser
2870 3505 3337 3578 wie dieses uns von n
517 3530 1696 3590 die Ringstraße das Boulevard und der Prater das Bois
1697 3542 3360 3632 fühlt sich immer wieder froh überrascht, in Schilderung „süßen Mädel“, vom
498 3582 3206 3684 wären, und aus dieser ein ganz klein wenig anaffektierten] der Natur und der Menschen gewisse typische Züge der allen Formen.
