3344 4352
183 233 780 344 2. Cuttings
2342 170 2406 217 —
864 236 1337 327 box 37/3
896 883 2558 968 404 S Prof. Rich. M. Meyer: 888
899 949 1723 1003 Kunst, mit den eben kaum proklamierten
1729 952 2565 1015 legenheitskutsche mit glänzendem Lack und
890 996 1725 1051 Götzen auf Du und Du zu stehn, übertrifft
1735 1001 2565 1048 bunten Bilderchen kennzeichnet allein schon
897 1036 1721 1085 ihn niemand; freilich begegnet es ihm dabei
1733 1042 2557 1100 die innerliche Leere und Mittelpunktslosigkeit
886 1083 1722 1126 etwa, den guten Mainzer Victor Goldschmidt
1731 1087 2553 1133 eines von allen Magneten hin= und her¬
893 1117 1723 1161 zu einem englischen Goldsmith zu machen,
1733 1123 2550 1162 gerissenen Virtuosen. Daneben stehen natür¬
896 1153 1722 1210 wenn er von dessen tiefsinnigen Zahlenspeku¬
1729 1154 2514 1212 lich auf Wunsch glatte einfache Verse
886 1194 1718 1244 lationen sprechen muß, als sei es sein täg¬
1735 1192 2559 1262 Und ein „Kritiker“ hat ihm in Aussicht gestellt,
884 1231 1722 1281 liches Brot. Natürlich würde er sich schämen,
1727 1233 2555 1293 er werde noch einer der größten Dichter werden.
897 1268 1727 1325 einen größeren französischen Künstler zu kennen
1769 1277 2550 1339 Warten wir es ab. Vielleicht stiftet der
884 1312 1718 1355 als Daumier oder einen größeren deutschen
1732 1305 2551 1374 Unvergleichliche sich zu Ehren — denn auf
890 1350 1720 1394 Dichter als Wilhelm Busch; natürlich bringt
1729 1354 2551 1404 all seiner Poesie steht wie auf jenem Gedicht¬
893 1395 1723 1438 er auch in seiner Lyrik jedem Winde seinen
1730 1393 2561 1441 bande Vogelers aus Worpswede das eine
891 1421 1719 1468 Tribut. Unaufhörlich wirft er Verse, psycho¬
1732 1431 2551 1490 große Wort: „Aus!“ — einen Schaukalpreis
885 1466 1717 1517 logische Skizzen, Novellen, Kritiken heraus,
1726 1474 2546 1527 für die größtmögliche Unnatur im Gebrauch
882 1504 1723 1553 neuerdings auch (seit Bahr sich das an¬
1730 1510 2550 1566 der deutschen Sprache. Freilich, da er, wo
880 1534 1722 1593 gewöhnt hat) kritisch=ästhetische Dialoge. Ein
1728 1554 2556 1594 er nicht dichtet, ein kluger Kopf ist, würde er
893 1590 1715 1639 klares Gefühl von der Ungebundenheit des
1734 1587 2554 1648 ihn wohl jedesmal sich selbst verleihen müssen!
888 1615 1722 1673 zeitgenössischen Poesie=Chores spricht sich in
1766 1633 2553 1687 In jener an sich höchst begreiflichen, ja
886 1659 1708 1714 seinen Betrachtungen aus, wenn er über den
1723 1665 2548 1724 lobenswerten Sehnsucht nach Erweiterung
891 1698 1708 1748 „Jahrmarktslärm der Gaukler und schwitzen¬
1733 1705 2546 1754 des eigenen poetischen Horizonts, nach Be¬
887 1730 1717 1788 den Ausrufer vor den Leinwandbuden der
1735 1746 2548 1786 reicherung der eigenen und der fremden
882 1775 1714 1826 Cliquen“ spricht oder vor dem Dilettantis¬
1727 1784 2547 1841 Empfindungswelt, die uns als Hauptkennzei¬
881 1823 1705 1866 mus warnt, der sich an jedes Vorbild ver¬
1722 1819 2557 1881 chen des jungen Wien erschien, liegen ja
892 1851 1716 1910 liert (Literatur“ In tyrannos, 1907); aber so¬
1728 1860 2558 1912 böse Versuchungen. Man täuscht sich in die
889 1887 1713 1939 bald er nun selbst schaffen will, verfängt er
1716 1899 2548 1955 erwünschten Stimmungen hinein, taumelt in
885 1939 1711 1987 sich in den dreifach verschlungenen Netzen
1724 1937 2550 1982 derwischartige Verzückungen oder verfällt in
887 1974 1715 2021 des literarischen Snobismus, und jene drei
1721 1976 2545 2034 die Unberührtheit des Fakirs — aber alles
888 2014 1715 2059 Dialoge selbst, in denen er zum Aussprechen
1729 2019 2547 2074 vor Zeugen. Und nicht, wie jene letzteren,
886 2045 1710 2100 der Individualität und zur Verachtung der
1716 2060 2544 2116 vor einem engeren, verständnisvolleren Kreise,
875 2087 1717 2137 Moden rät, sind kürzlich in einer witzigen
1729 2095 2554 2139 sondern vor all und jedem, auf der Straße.
889 2126 1712 2170 Charakteristik des „modernen Essayisten“ als
1716 2138 2555 2195 Und dabei betont man die Verachtung der
885 2167 1715 2219 Muster modesüchtiger Affektation persifliert
1724 2169 2546 2225 Vielzuvielen unaufhörlich — auch das nicht
884 2208 1707 2256 worden. Er preist als Meister des einfachen
1727 2212 2483 2256 unaufrichtig, sondern in Selbsttäuschung —
881 2245 1715 2292 Stils den seit der letzten Jubelfeier obli¬
1724 2250 2560 2316 das individuelle Bedürfnis,—zu jeder Er¬
883 2281 1701 2343 gatorischen Adalbert Stifter oder den kürz¬
1726 2286 2558 2337 scheinung in neue, erlebte Beziehungen zu¬
886 2318 1710 2368 lich neu herausgegebenen Helferich Peter
1715 2325 2557 2383 treten, ist ja wirklich die Quelle aller dieser
889 2362 1710 2410 Sturz; alsdann geht er hin und schreibt in
1720 2366 2544 2407 oft so seltsamen Verrenkungen. Ein gewisses
885 2410 1711 2451 einem von Paranthese zu Paranthese irren¬
1726 2402 2548 2458 Maß von Affektation haben daher auch die
877 2433 1712 2478 den Satz voller gesuchtester Wortbildungen
1719 2443 2547 2496 Stärksten zu überwinden; die Schwächeren
882 2482 1708 2525 etwa folgendes Urteil über R. Dehmel:
1716 2478 2145 2531 bleiben darin kleben. —
886 2519 1710 2564 „Auch Heine (der übrigens trotz Dehmel
1764 2505 2551 2569 Wie Schaukal mit künstlichen Formen und
882 2558 1707 2603 unsere Muttersprache sicherlich etwas mäch¬
1728 2549 2554 2613 buntem Wechsel, so kokettiert Peter Alten¬
874 2596 1708 2641 #tiger sprach als alle deutschen Müllers oder
1722 2599 2542 2650 berg (geb. 1862) mit Schlichtheit und Mono¬
885 2632 1709 2679 Schulzens', von Unbefangenen aber denn
1718 2635 2546 2678 tonie. Er strengt sich an, jeder noch so unbe¬
876 2667 1099 2722 doch nicht
1134 2669 1713 2727 seine spezifischen künstlerischen
1718 2679 2554 2729 deutenden Szene Bedeutung abzugewinnen
882 2713 1708 2754 Qualitäten in Ehren — als Muster „mäch¬
1719 2718 2545 2767 („Wie ich es sehe“ 1896; „Was der Tag
878 2754 1714 2810 tiger Sprache aufgestellt werden dürfte.
1723 2755 2553 2801 mir zuträgt“, 1900). Schweißtriefend hebt er
876 2786 1706 2841 O Friedrich Hölderlin, o Heinrich Kleist,
1719 2792 2545 2836 Federn hoch, um ihr Zentnergewicht zu
885 2834 1715 2881 o Meister Gottfried!), auch Heinrich Heine
1719 2835 2553 2888 zeigen. In kleinen zerzackten Sätzchen schnei¬
883 2872 1704 2919 war ein mit vielen Facetten schimmerndes,
1713 2865 2553 2922 det er uns seine Empfindungen vor: was
884 2902 1707 2950 kaum je zu künstlerischer Rundheit erlöstes
1718 2912 2546 2957 der von der Wiener Kaffeehauskultur er¬
881 2943 1707 2992 Genie; der wissende Augur, der immer
1719 2951 2553 3007 müdete Literat beim Anblick eines nackten
888 2972 1705 3035 intellektuelle, mißtrauische Virtuose ätzenden
1727 2990 2538 3037 Negerkindes an Gefühlen produziert, wird
888 3024 1713 3073 Hohnes (Dehmel ist nicht ironisch, sogar
1726 3027 2541 3068 uns feierlich dargereicht. Dazu bemerkt der
876 3069 1704 3114 pathetisch wie Schiller; Goethe ist nie pathe¬
1718 3070 2534 3123 Verfasser beständig: „O, es ist nichts! es ist
884 3106 1707 3147 tisch), der stets mit der spöttelnden Ver¬
1714 3108 2539 3157 nur — alles!“ Adalbert Stifters pedanti¬
882 3148 1710 3193 nünftigkeit kokettierende Meister der un¬
1723 3145 2547 3186 scher Altersstil, der uns keinen der Schritte
885 3185 1711 3230 lyrischen „Pointe“, fand selten einen vollen
1726 3186 2539 3241 schenkte, die der Held von der Tür bis zum
886 3221 1707 3273 tiefen Seelenklang auf seiner mit unehr¬
1723 3223 2547 3279 Fenster zurücklegt, umkleidet sich mit hyste¬
874 3263 1706 3314 erbietigen Ironikerfingern so virtuos gehand¬
1724 3266 2539 3312 rischer Symbolik. „So vergeht der Vormittag.
876 3298 1703 3343 habten Laute, und erst der majestätische
1727 3303 2531 3361 Immer gehen Türen auf und zu, und alles
1721 3341 2526 3394 sieht aus, als ob es nie in Ordnung käme.“
884 3337 1710 3394 Schatten des Unentrinnbaren verklärt ihm
1714 3382 2402 3429 Folgen zwei Seiten gleichen Stils:
869 3376 1703 3445 die unruhigen Züge seines Schmerzes zum
1331 3413 1711 3469 Uff! Dieses Mon¬
1764 3417 2489 3483 „Wie vergeht die Zeit bis Mittag?!“
880 3413 1310 3463 Adel des Leidens.“
882 3453 1718 3499 strum, dieser Briefsack mit Nachrichten an
1774 3453 2047 3508 „Sie vergeht.“
1761 3485 2130 3553 Nach zwei Seiten:
876 3491 1704 3535 die verschiedensten Adressen, diese von Heine
876 3534 1706 3597 zu Dehmel hin und her schwankende Ver¬
1759 3531 2049 3596 „Nachmittag.“
2572 892 3353 971 P8888 Das literar
2612 957 3135 1035 „Der Nachmittag vergeht.“
2622 1000 3352 1076 Auf dem Wege dieser Fabrikation v#
2568 1053 3353 1102 „Extrakten des Lebens“ ist Altenberg dau
2572 1097 3350 1147 schließlich („Prödromos“ — so! — 1906) H
2573 1138 3342 1191 der unerhörten Feinheit der Literaturpsych
2571 1177 3342 1220 logie angelangt. Was wollen die Aphort
2572 1214 3353 1266 men der La Rochefoucauld und Nietzsche h
2576 1255 3129 1312 sagen gegen die Altenbergs:
2641 1276 3351 1354 „Idealstes Zahnputzmittel. In Wien h
2562 1332 3313 1372 Twerdj, Apotheke, Kohlmarkt“ (S. 82).
2615 1360 3353 1424 „Meinem vergötterten Vater schickte
2561 1401 3352 1475 zum 70. Geburtstage zwei Schachteln T
2562 1448 3205 1504 marinden Grillon, Paris“ (S. 16)
3028 1477 3322 1542 rohe Eidotter,
2621 1485 2859 1535 „Ambrosia
2570 1520 3266 1582 Hühr rbouillon gesprudelt“ (S. 50).
2618 1561 3353 1608 Und so wären wir nach langem Umw
2561 1607 3343 1646 wieder bei dem „Volk der Phäaken: imm
2564 1639 3326 1682 ist's Sonntag, es dreht immer am Herd
2563 1680 3351 1730 der Spieß“. Nur sind leider der gute Appe
2566 1728 3353 1768 und die gesunde Verdauung verloren gega
2566 1764 3344 1809 gen, die in der Backhähndelzeit Joha
2567 1794 3352 1857 Strauß' und Moritz von Schwind's blühte
2563 1835 3352 1894 Ein nach diätetischen Rezepten lebend
2573 1881 3352 1942 Gourmand — das ist der berühmte Schrif
2568 1910 3016 1966 steller Peter Altenberg.
2612 1947 3345 2001 Etwas ästhetischer wenigstens ist die Fei
2569 1992 3353 2043 schmeckerei Felix Dörmanns (geb. 1870), d
2562 2034 3336 2082 sich an Baudelaires krankhaft überreizt
2560 2074 3353 2124 Genußphantasie zu den schwülen Sinne
2570 2113 3353 2179 räuschen seiner Lyrik („Neurotica“, 189
2576 2146 3123 2210 „Sensationen“ 1892) erzog:
2630 2188 3306 2248 Ich liebe die Fahlen und Bleichen,
2628 2230 3258 2290 Die Frauen mit müdem Gesicht,
2623 2251 3353 2321 Aus welchen in flammenden Zeichen
2621 2316 3302 2368 Verzehrende Sinnenglut spricht ...
2628 2355 3254 2425 Ich liebe, was niemand erlesen,
2618 2406 3224 2464 Was keinem zu lieben gelang:
2627 2447 3258 2489 Mein eignes, urinnerstes Wesen
2627 2480 3311 2542 Und alles, was seltsam und krank.
2612 2525 3352 2587 Später hat er die Bedürfnisse seiner h
2565 2570 3351 2627 sterischen Sehnsucht nach dem Ungesund
2568 2615 3338 2662 in schlüpfrigen Novellen und Dramen billig
2569 2647 3352 2696 befriedigt. Der alte Nestroy taucht aus d
2563 2684 3343 2737 Versenkung auf, von dem Hebbel sagt
2572 2728 3350 2786 „Wenn der an einer Rose riecht, dann stin
2560 2772 3351 2814 sie.“ Dem Behagen an sexuellem Witz, de
2570 2808 3353 2868 sich Grillparzers Klubgenossen Castelli un
2562 2843 3352 2899 Bäuerle ergaben, wird mit raffinierter
2564 2890 3350 2943 Kunstfertigkeit ein Gang nachgemacht
2567 2922 3298 2968 Maupassant nach dem andern aufget
2570 2963 3299 3013 Und hier hat die Diät feinere Zuberei
2567 2988 3339 3049 nötig gemacht, aber leider nicht bessere Ko
2614 3045 3333 3086 Doch auch stärkere Geister lockt das U
2563 3086 3352 3136 gesunde das Verbotene. Das Motiv d
2568 3150 3353 3204 einen anziehenden Reiz, den sein Antipo
2553 3198 3352 3254 Theodor Fontene abscheulich fand. Ab
2564 3232 3338 3289 Storm hat es nur in der Ballade ang
2567 3278 3351 3326 rührt; zwei Wiener schwelgen in der Au
2561 3314 3352 3368 malung dieses krankhaft wirkenden Motiv
2560 3351 3353 3402 der jungverstorbene Rechtsanwalt Otto Sach
2556 3392 3353 3435 dessen Novellen („Von zwei Geschwistern
2560 3435 3353 3486 1898) J. J. David herausgegeben hat, un
2564 3473 3340 3521 dieser selbst („Frühschein“ 1896). Sachs g
2564 3511 3345 3554 hört schon in die Reihe jener Wortziseleur
2549 3544 3350 3603 die ihre künstlichen Empfindungen am lie
2949 4128 3186 4199 Mn
