3344 4352
1471 48 1978 145 enen  en
254 50 1027 150 Gul. D en en eeee
250 118 1472 197 zweite teilweise unverdient. Es ist totsicher: wäre Monsieur
1461 127 2663 174 kern so oft betonte „Volo, cupio, avco etc., ergo sum!“
2662 120 3363 200 abeitet sich empor. Schritt für
262 165 1473 231 Guitry, der begabte Pariser Charatterspieler vom
1472 169 2671 234 ist durch „La massière“ durch glücklichste Exemplifizierung
2666 174 3359 241 rungenen Vermögen die Papiere
255 204 1462 293 Théatre de la Renaissance, mit einer schlecht zusammen¬
1464 220 2678 285 in ein Kunstwerk umgesetzt worden. Leider verschwendete
2666 218 3355 284 benen Aristokraten kauft und als
248 269 1466 331 gestellten Truppe nach Wien gekommen und hätte den wan¬
1487 267 2674 327 haller als Vater Marèze seine tiesdringende Kunst,
2674 270 3352 328 loser „Graf Festenberg“ die
256 309 1462 373 kelmütigen Donauanwohnern den alten Marêze in Jules
1463 315 2670 365 Lili Marberg als Juliette ihre Schönheit und ihre dis¬
2666 320 3363 391 ratet, die er vor Jahren, noch als
260 354 1466 427 Lémaitres vieraktiger comédie „La massière“ vor¬
1463 360 2666 430 krete Anmut vergebens an ein Publikum, das seinen schlech¬
2671 369 3360 427 gelernt hat. Am Ziel seines Lebe
260 397 1478 473 gespielt, dann wäre die Bewunderung der Snobs groß und
1463 405 2380 462 ten Tag hatte und nicht mitgehen wollte.
2669 398 3354 477 einem eifersüchtigen Cousin seiner
259 453 1473 519 ihr Entzücken über die Feinheiten des Dialogs und der
1549 435 2672 515 Mit größerer Berechtigung konnten sich die Gäste des
2666 449 3362 522 stapler der Polizei ausgeliefert.
255 482 1472 565 dramatischen Charakterstudie ohne Grenzen gewesen, wie
1472 497 2674 560 Volkstheaters gegen das Rühr= und Tendenzstück „Aller¬
2675 501 3361 570 zehn Minuten vor Ankunft des K
259 545 1473 622 sich ja auch Lémaitres „L'ainée“, von Suzanne Désprès
1463 554 2688 627 seelen“ von Hermann Heijermans wehren. Es ist
2679 558 3350 617 Erzählung dessen, wie alles kan
259 603 1466 668 getragen, die Herzen gewann. Weil „La massière“ aber
1468 608 2670 657 heute über jeden Zweifel hinaus entschieden, daß Heijermans
2671 588 3349 668 persönlichen Adel als der Cousir
250 657 1471 718 nur „Der Schützling“ hieß und weil „nur" unser vor¬
1464 648 2685 720 die Hoffnungen auf reichen Segen, die man nach seinem
2673 649 3362 712 nur in verächtliches: „Du Schuft
252 703 1474 761 trefflicher Thaller seine reife Kunst in den Marèze
1474 698 2673 759 Eintritt in die Literatur auf ihn setzte, nicht erfüllt hat und
2665 701 3361 772 nergraf hätte es leicht gehabt, de
254 752 1476 809 legte, so lachten die Leute, fanden die Komödie konstruiert
1460 748 2674 809 nie mehr erfüllen wird. Heijermans ist einer mehr aus der
2674 750 3337 820 lich zu erhalten; von der fast
253 796 1478 857 und albern und ließen sie samt dem redlichen Stück Arbeit,
1470 795 2669 858 großen Zahl jener Beklagenswerten, die durch einen, mehr
2670 803 3359 861 Festenbergs lebt nur ein alter St
244 841 1477 914 das in der Aufführung steckte, ohne Erbarmen fallen. Arme,
2678 829 3356 922 unseren Mann öfter angepumpt
1473 848 2683 912 dem Zufall als eigenem Können geschuldeten glücklichen
245 870 1474 954 herzige, liebenswerte massière! Sie fragen, was das ist,
2669 900 3362 956 adoptiert hätte ... Das Thema
1472 881 2678 948 Wurf die Blicke der nach einem dramatischen Messias sehn¬
244 939 1465 1016 eine massière? Das junge Mädchen, das dieses Ehrenamt
1464 943 2678 1011 suchtsvoll auslugenden Menschheit auf sich lenkten und dann
2665 947 3362 1012 und gar nach Saltens Herzen, der
1464 992 2674 1057 unter ihrer Aufgabe und unter den fragenden Blicken er¬
253 998 1471 1053 bekleidet, erklärt im Schauspiel einer das nämliche fragenden
2669 993 3346 1054 Autodidakt, sich in verschiedenen
253 1044 1471 1105 Dame: „La massière est une élève chargée de garder
1464 1038 2682 1106 schöpft zusammenbrachen. Die Fischertragödie „Die Hoff¬
2674 1039 3341 1101 eigener Kraft den Namen des b
2672 1093 3361 1153 nalisten neben Bahr erworben ha
253 1093 1470 1154 la „masse“, comme au régiment, de distribuer les
1464 1088 2670 1153 nung auf Segen“, die ihren Siegeszug zu einer Zeit an¬
250 1134 1483 1217 fournitures, de maintenir l’ordre etc.“ Diese Erklärung
1473 1151 2680 1204 trat, wo der Naturalismus und seine Vertreter bereits zu
2673 1142 3335 1196 wohl, daß diese Eheschließung,
1460 1184 2670 1252 weichen begannen, ließ eine Nachblüte, eine Nachernte er¬
2666 1189 3347 1272 Benehmen des Kellners, seine A
246 1192 1464 1252 erhalten wir gleich in der ersten Szene des ersten Aktes,
2663 1242 3348 1303 nung eines ihm angebotenen R
1472 1236 2671 1302 hoffen. Doch ward diese Hoffnung enttäuscht. Alles, was
250 1241 1468 1298 dessen Schauplatz das Atelier des berühmten Malers Ma¬
2666 1293 3355 1346 würdig## theatralisch sind. No
1468 1284 2674 1345 Heijermans nachher aus dem kleinen Holland ins große
244 1292 1477 1358 reze in der Académie Justinien ist. Unter seinen zahlreichen¬
2673 1335 3362 1392 terher=Erwägungen nach dem zw
1464 1329 2675 1396 deutsche Land sandte, versagte, war null und nietenhaft.
254 1340 1471 1400 Schülerinnen ist Juliette Dupuy sein Liebling und sie ge¬
1469 1359 2668 1438 Mühsam und mühselig versuchte Heijermans, die launische
2678 1383 3363 1459 Ernst des Lebens“ Ein ber
251 1370 1476 1446 nießt im Atelier eine gewisse Vertrauensstellung. Sie führt
1460 1431 2678 1488 Menge, deren berauschenden Jubelruf er einmal verkostet
2671 1432 3360 1489 richtiger Plebejeremporkömmling
243 1438 1484 1492 neue Schülerinnen in die Methode des Meisters ein, sie
1463 1473 2681 1534 hatte, neuerdings zu zwingen. Dabei schreckte er vor keinem
2672 1481 3349 1540 schen Schwager, einem genieße
247 1480 1476 1551 vermittelt den Verkehr des Meisters mit seinen anderen
1468 1518 2674 1588 technischen Mittel zurück. Einmal probierte er es mit einem
2663 1526 3360 1587 Diagnose, daß er nur noch sechs
252 1529 1474 1582 Elevinnen, sie führt in seiner Abwesenheit die Oberauf¬
1464 1579 2671 1632 noch konsequenteren Naturalismus; umsonst! Das Publi¬
2674 1576 3352 1633 will dem Zerschmetterten etwas
246 1581 1471 1647 sicht über die Schule, sie darf auch zweimal in der Woche
1469 1624 2679 1683 kum zog sich vor der Absichtlichkeit verstimmt zurück. Dann
2682 1605 3359 1686 männlicher Gefaßtheit vorschwätz
239 1622 1480 1703 den Meister sogar in seiner Privatwohnung besuchen und
1465 1674 2671 1732 versuchte er es mit einer, bei der durchschnittlichen liberalen
2678 1660 3363 1733 Aristokrat das Zimmer ab, nimn
247 1676 1468 1742 ihm Arbeiten ihrer Schülerinnen zur Korrektur vor¬
1472 1723 2667 1779 Theatermenge und der durchschnittlich liberalen Theater¬
2673 1725 3354 1774 und eröffnet dem Schwager, er#
246 1719 1468 1793 legen. Denn Juliette ist arm und schlägt sich mit Stunden¬
2673 1767 3350 1828 Minuten niederschießen, um die
1469 1757 2679 1826 kritik eines gewissen Wohlwollens sicheren Tendenz und
251 1770 1473 1841 geben kümmerlich durch die Welt, zugleich sich, ihre verwit¬
1470 1824 2673 1886 benutzte die Schaubühne, um auf ihr Freisinn und Auf¬
2669 1802 3361 1878 ihm zu lernen. Natürlich bricht
255 1820 1473 1893 wete Mutter und einen kleinen Bruder versorgend. Aber
2670 1851 3359 1928 zusammen und der vom Schicksal
1466 1860 2668 1931 klärung zu predigen. Aber auch das schlug fehl: dem un¬
249 1870 1482 1943 sie ist jung, fleißig, gesund und fröhlich und das gefällt
1464 1913 2674 1976 gebetenen, unerwünschten, unzeitgemäßen Vorkämpfer wurde
2683 1909 3360 1974 stokrat läßt ihn achselzuckend lau
253 1922 1467 1989 dem alten Marèze, der schon fünfundfünfzig Jahre auf
2672 1965 3353 2040 telstunde schlägt. Für den Zusche
1462 1965 2672 2027 klar gemacht, wie weit der Abstand zwischen seinen gutge¬
243 1956 1476 2033 dem Rücken hat und ein Weib sowie einen erwachsenen
2666 2003 3355 2078 sohaufregend, so nervenrüttelnd,
1469 2014 2676 2079 meinten, jedoch schlechtgelungenen Produkten und einem
252 2015 1485 2080 Sohn besitzt. Ohne daß Juliette es ahnt, unterstützt Marèze
2676 2047 3362 2130 Frauen dem Theater entflohen.
1461 2062 2667 2115 weisen Nathan sei, worauf ihm die Tür gewiesen wurde.
251 2067 1473 2137 die Brave von Zeit zu Zeit durch den fingierten (aus
2667 2095 3352 2171 über ist, dann urteilen wir nich
1464 2112 2678 2179 Nun griff Heijermans zu einem letzten, zur Erreichung
249 2097 1475 2178 eigenem gedeckten) Verkauf eines ihrer Bilder und, ohne
2676 2162 3353 2219 Schrecken und dessen Urheber, den
1477 2149 2680 2223 seines Zweckes völlig untauglichen Mittel, er vereinigte die
248 2163 1489 2229 daß er es ahnt, verliebt er sich dabei nach und nach in die
2675 2200 3353 2275 Effektes. Und wir erinnern uns
1462 2211 2676 2268 freisinnige Tendenz mit einem pathetischen, papiernen Dra¬
256 2215 1477 2286 Schülerin. Inzwischen sind seiner Frau Juliettens häufige
2672 2244 3337 2317 das Leben“, die fünf Akte lang zu
1466 2264 2680 2322 menstil, wie er so schwulstig und lebenswidrig selbst in den
251 2263 1485 2339 Besuche aufgefallen und Madame Marèze, die gegen Ju¬
2676 2305 3349 2366 lenschuß, dafür aber vom Herzsch
1471 2291 2682 2367 bösesten Zeiten nachschillerschen Epigonentums auf deutschen
245 2310 1467 2380 liette ein schlimmes Vorurteil hat, verbietet ihr kurzweg
2673 2358 3358 2426 dend gering sind unsere Bedenken
1469 2352 2683 2423 Bühnen nicht zu gewahren war. So ist das dreiaktige Stück
244 2362 1478 2424 das Haus. Meister Marèze ist bei dieser Szene nicht zu¬
1473 2403 2675 2468 „Allerseelen“ — ein Spiel nennt es der Autor mit gezierter
2674 2410 3360 2463 klang, der „Auferstehung“.
252 2416 1470 2478 gegen, sein Sohn Jacques jedoch kommt dazwischen und
1465 2454 2679 2522 Affektation — entstanden, das im Volkstheater genau zwei¬
2672 2450 3350 2516 witzig, frech, übermütig sein ka
249 2461 1471 2528 verteidigt die arg= und ahnungslose arme Kleine in ritter¬
2680 2504 3362 2570 Element und restlos Herr der Si
1479 2499 2682 2564 mal gegeben werden konnte, am Allerheiligen= und am
247 2512 1468 2578 licher Weise. So werden Jacques und Juliette im zweiten
2670 2535 3363 2619 den Arzten aufgegeben und er h
1479 2542 2683 2617 Allerseelentag 1907. Es läßt sich übrigens die Vermutung
264 2554 1475 2623 Akt gute Freunde und so ist es kein Wunder, daß der Sohn
2669 2599 3362 2662 mit einem Mädel trauen lassen,
1478 2601 2673 2670 schwer abweisen, daß dieses unfrohe Spiel zu einer Zeit,
256 2599 1482 2672 im dritten Akt, zu ganz verschieden begründetem Entsetzen
2679 2647 3360 2708 Ehe= und Kinderfeind, vor zwöl
1476 2652 2679 2719 als der Name Heijermans noch mehr Geltung besaß, er¬
245 2634 1471 2718 von Vater und Mutter, erklärt, er wolle, müsse, werde
2672 2692 3354 2757 hat. Dieses Mädchen lebt samt de
1477 2694 2683 2765 worben und jetzt nur bei günstiger Gelegenheit, am offi¬
260 2684 1485 2771 Juliette heiraten. Im vierten und letzten Akt stellt sich
2682 2742 3349 2802 lang mit einem anderen Mann,
1473 2748 2679 2813 ziellen Tag der Rührung, des Ernstes, der Ergriffenheit ab¬
252 2750 1470 2839 heraus, daß Juliette mit Jacques noch kein Liebeswort
2672 2790 3361 2855 betttrauung nur der Erbschaft
1476 2786 2679 2861 gestoßen wurde. Eine Inhaltsangabe verlohnt kaum der
248 2804 1473 2874 gewechselt hat und daß sie bereit ist, zu verzichten, um dem
2673 2828 3358 2900 Erwarten genest der Todeskand
1470 2843 2672 2908 Mühe. Es sind zwei Pfarrer da, ein edler, toleranter und
260 2849 1481 2923 Meister und seiner Frau Schmerz zu ersparen. Dieses Opfer
2672 2892 3353 2961 lauter Verdruß und Arger. Nicht
1469 2886 2683 2960 ein eifernder, intoleranter. Der edle öffnet einer schwan¬
254 2890 1487 2969 nehmen die beiden nicht an und nach mancher zarten, feinen
2681 2943 3351 3004 gen Frau und ihrem Kind, die si
1467 2945 2685 3009 geren Landstreicherin den Pfarrhof in ihrer schwersten
259 2949 1477 3018 Wendung und manchem nachdenklichen, weltweisen Wort
2677 2988 3347 3061 zurücksehnen, nicht nur bei dem
1479 2995 2682 3050 Stunde, wofür er auf eine Anzeige des unedlen hin vom
253 2994 1475 3068 werden Jacques und Juliette ein Paar, während Vater
1472 3047 2675 3102 Amte suspendiert wird. Und zum Schluß holt sich der Lieb¬
2680 3022 3342 3103 gen und in seiner Häuslichkeit
252 3037 1478 3121 Marèze als geringe Entschädigung einen freigewordenen
1467 3083 2677 3160 haber sein Mädchen, nachdem das kaum geborene Kind wie¬
2678 3092 3363 3158 dern auch bei seinem best.n F
261 3082 1472 3166 Fauteuil in der „académie des beaux-arts“ bekommt.
1472 3140 2671 3206 der gestorben ist, und das volkstümlich=pantheistische Pärche
2667 3130 3361 3206 mit seiner, des Sterbenden, letzt
254 3143 1483 3212 Und mit einem entsagenden Zug leiser Wehmut schließt das
2676 3186 3354 3240 Das wird gedankenvoll und ergö
1464 3173 2675 3248 sagt beim Abschied zum Pfarrer: „Sie gehören zu uns.“
262 3190 1476 3262 liebenswürdige Schauspiel: zu dem resigniert und traurig
2679 3233 3361 3290 daß der Nichtgestorbene alle Leg
1477 3236 2684 3301 Bibelpredigten, die nicht auf der Kanzel, und philosophische
254 3237 1476 3315 dasitzenden Meister, der im Verlauf der Handlung immer
2682 3284 3360 3362 Freund, Frau, Kind und Gelie
1476 3286 2683 3348 Deklamationen, die nicht ex cathedra oder äußerstens im
263 3289 1481 3361 nur von seiner „pauvre petite“ gesprochen hat, sagt die
1476 3327 2686 3407 Volksbildungsverein vorgetragen werden, verfehlen ihren
2680 3318 2981 3412 Reisen geht.
260 3324 1483 3417 im Grunde herzensgute und seinen Nachsommer nachsichtig
2761 3359 3355 3456 Einer der begabtesten Köpfe
1467 3384 2688 3445 Zweck. Auch wenn sie von einer so warm überredenden Für¬
251 3391 1203 3459 verstebende Gattin: „Mon pauvre Marèze!“
1478 3431 2684 3497 sprecherin, wie es Fräulein Hannemann ist, gesprochen
2678 3424 3352 3489 tikern, Felix Poppenberg,
356 3413 1475 3498 Er war den Leuten bekannt, daß Lémaitre Kritiker,
1476 3490 1678 3559 werden.
2679 3462 3360 3538 Schärfe die Einakter als „Wiener
260 3475 1486 3555 Theoretiker, Historiker usw. ist und auf diesem Wege Ein¬
2680 3529 3357 3592 verurteilt und Salten einen Auge
1553 3508 2675 3590 Gegen Saltens drei Einakter „Vomandern Ufer“,
258 3529 1499 3612 gang in die Akademie gefunden hat. Darum haben sie an
2676 3573 3350 3639 einen „dramatischen Feuilletoni
1470 3579 2676 3636 in Buchform vor wenigen Tagen im Verlag S. Fischer
256 3581 1485 3661 seine Bühnendichterei nicht geglaubt und diesem Schau¬
2675 3619 3353 3684 unbedenklich, stets zweckbewußt au
1476 3623 2686 3695 in Berlin erschienen, wo auch im Oktober (mit Bassermann
254 3636 1483 3714 spiel ein viel schlimmeres Schicksal bereitet als die Pariser
2672 3673 3346 3726 Seine Uhren seien Attrappen
1478 3679 2680 3734 in den drei Verwandlungen des am andern Ufer Gelandeten)
252 3680 1478 3752 bei der Uraufführung Anno 1905. Wenn bei Premieren
2679 3719 3360 3795 läuteten Sturm, wenn am Fade
1473 3728 2683 3785 die Uraufführung stattfand, — gegen Saltens Zyklus hätte
262 3731 1476 3798 durch Plebiszit zu entscheiden wäre, ob der Verfasser ein
2674 3752 3359 3845 hätten kein eigenes organisches
1467 3771 2673 3831 das Publikum die gleichen Einwendungen erheben können,
250 3777 1480 3855 Dichter oder „nur ein Autor“ sei, dann hätten die Wiener
2685 3805 3306 3901 der Lehrmeister zu kenntlich:
1484 3817 2683 3881 wie gegen Lémattre. Auch hier ein Monn von Geist, ein
265 3835 1479 3905 auch recht gehabt. Denn von „Dichtung“ kann beim „Schütz¬
2753 3864 3351 3924 „Die nachdenklichen. Themen
1476 3867 2683 3928 Mann von Talent, ein Kritiker und Theoretiker, so recht
266 3875 1480 3938 ling“ so wenig gesprochen werden als etwa bei einem Effekt¬
2676 3902 3361 3975 die Vorstellung von Lebens=Kom
1477 3920 2675 3981 das, was man einen grundgescheiten Kerl nennt, aber sicher
260 3919 1486 4018 ama von Augier, Dumas père, Dumas fils, Feuillet oder
1478 3968 3361 4029 kein Dichter. Auein diesmal hatte das hudralöpsige Unge= mit dem trügerischen Durcheina
270 3951 1499 4034 Gardon. Aber dieses Literatenstück hat andere, sehr beach¬
270 3996 3352 4115 #r Qualitäten und es sind doch sonit gerade die #### #iu Eim aum juft keine Lust, ging vielmehr mit dem und Lüge nimmt; auf, und jene
