3392 4352
397 143 542 186 —
1024 171 1288 223 ——
548 239 1315 355 Arturo Schnitzler
441 474 1496 547 Di questo commediografo viennese, ira i pie miöder¬
394 545 1490 598 nie piu originali della nuova seuola tedesen, il nome in
396 583 1491 646 Italia e pressoché ignoto: le sue opere teatrali natural¬
398 631 1499 698 mente lo sono ancor piu: per nol tutto il teatro iedesco
398 692 1491 756 si riassume in due nömi: Sudermann & Hauptmann,“
407 735 1493 791 ancora molte fra le piü signiticative produzioni di que¬
414 780 1496 841 sti due non sono arrivate hino a noi. Del resto, di tütti
406 827 1500 902 i nobili e arditi tentativi della moderna seuola nessunn
403 875 1497 950 traccia sulle ribalte italiane: quä e la qualehe dramma
402 940 1499 990 militare — quasi ehe tutta la vita tedesen si concentras¬
405 985 1501 1035 se nelle caserme — qualche commediola borghese ultra¬
402 1037 1501 1089 romantica, qualche onesta e banale farsa, troppo scioc¬
402 1075 1486 1138 ca pel nostro palato, assuefatto alle droghe parigine:
403 1122 1481 1197 dopo fa zuppa di gamberi, il pot-au-eu pare insipido!
434 1175 1498 1255 Arturo Schnitzler, & con il Dreyer, conl’Halbec con po¬
406 1231 1495 1286 chi altri, il rappresentante della giovanissima scuoln:
400 1262 1498 1344 finissimo osservatore della vita moderna, della grande
410 1333 1506 1394 citta in cul vive, eglisa Cogliere ln comngdinte il drum¬
398 1372 1496 1419 ma: psicologico profondo, sa vedere hella società e nel¬
406 1423 1506 1481 T’uomo quanto v’e di doloroso c di grottesco: con una
402 1454 1494 1531 bella indifferenza sa passare dalla tragedia alla com¬
407 1508 1502 1595 media, o meglio ancora sa net comico della vita vedere
403 1571 1507 1630 il lato drammatico, e nel dramma la farsa. Per aleune
397 1624 1500 1678 particolarità della sun osservazione, ricorda i1 Maupas
414 1673 1503 1720 sant: come lui osservatore scettico e sensibile, come iui
401 1722 1515 1777 pessimista e sentimentale al tempo istesso: ha la mirn¬
407 1775 1503 1828 bile facoltà di saper trovare il dramma nelle piccole co¬
409 1810 1442 1863 se, di saper vedere — ed & ció clie rivcla l’artista
418 1858 1115 1932 quanto agli altri non e dato vedere.
441 1908 1499 1969 In Italia, credo che una sola commedin sia statn rap¬
411 1954 1503 2026 presentata: Liebelei (elmoretti v). tre alti agili nel
406 2018 1502 2079 dlialogo e dolorosi per quanto rivelano: una piccoln sar¬
409 2050 1514 2115 tina innamorata di un giovane, se lo vede uceidere in
411 2111 1508 2175 duello dal marito dell'amante di lui: il suo ainore e la
417 2165 1513 2214 sua vita sono spezzati d’un colpo solo. Frn le opere sce¬
421 2205 1521 2274 niche migliori van rammentati ancora i drammi: 11 ve¬
419 2259 1500 2316 1o di Beatrice, II legato, e molti drammetti in un atto,
414 2295 1500 2373 piccoli spunti di osservazioni, scorci di vita, protonda¬
416 2360 1503 2417 mente resi nella forma scenica, che son ruccolli in vo¬
413 2404 1514 2476 lume, sotto i titoli; ## cacatn verde ed Ore zissute. 1)1
420 2450 1527 2511 quest'ultima raccolta, che prende il tilolo dal primo
422 2497 1519 2563 dramma, due produzioni in special modo fermarono 1n
415 2554 1508 2615 mia attenzione: Le ultime maschere, un drammn vigo¬
408 2610 1513 2658 rosamente abbozzato, e Letteratura, una commedia Sü¬
423 2644 1514 2727 tirica, in cui é sterzata a sangue la bohème letterarin¬
412 2700 894 2764 la femminile in ispecie.
448 2734 1520 2820 lo non saprei davvero fheglio che alle novelle del Mau¬
421 2789 1519 2867 passant paragonar queste brevi commedie dello Schnit¬
425 2840 1508 2920 zler, al quale tre o quattro raccolte di novelle e und die¬
424 2885 1512 2966 eina di commedie han già dato, in Austria e in Germnn¬
420 2934 1524 3009 nia, fama grande di scrittore. In Italin siamo in ritar¬
421 2992 1525 3075 de: tranne una commedia e qualche novella — una inti.
425 3041 1521 3105 tolata l. Addio, ne tradusse ii Forster per la Risista d'¬
424 3105 1522 3155 talia — tutta la sun opera letteraria & ignota 5l pubbli¬
423 3150 665 3215 co italiano.
462 3180 1528 3258 E questo pubblico, non cosi stupido come da molti si
426 3232 1519 3302 vorrebbe far credere, sarebbe nel cnso di apprezzare n
426 3287 1526 3350 loro giusto valore alenne fra le migliori commedie dello
431 3342 1512 3404 Schnitzler. Giacché tali commedie nulla hanno della pe¬
433 3389 1528 3447 santezza tedesca: la pittura dell’ambiente non invade
433 3450 1522 3502 tutto il concetto del dramma; le comnnedie dello serit¬
426 3492 1522 3547 tore viennese hanno invece tali caratteri d’universalita,
429 3531 1519 3613 da poter esser giudicate e applaudite da qualsiasi pub¬
431 3586 1518 3663 blico straniero: lo Schnitzler é il pin parigino degli au¬
432 3646 739 3709 tori tedeschi.
465 3663 1517 3756 Eppure se a me saltasse il ticchio, cosi, per semplice
430 3729 1527 3809 passatempo, di volgere in dialogo italinno unn di quelle
437 3787 1529 3845 squisite scene — che so? — a esempio: ka Nonnn co7
421 3834 1528 3919 bugnale 6 Letteratura, quanti fra i nostri capocomiei
1025 4060 1100 4132 —.
1453 139 1489 196 *
1567 162 2665 237 —
2553 246 2656 345 —
1727 259 2473 392 Nuove e Muovissime
2024 393 2204 458 —
1897 475 2401 590 Carità Mondana
1585 557 2637 653 gatira in de allz di GIANNINOFANTONA TKAVERSI
1784 621 2435 713 Tosiso — Taarko Alpinit — 23 marzo.
1600 698 2659 779 Dare una iden esatta delle commedlie di Giannino c
1595 764 2663 830 çosa dillicile e quasi impossibile, sperche le sue commedie
1585 822 2659 872 risultano di un infinità di finezze sche non possono essere
1577 883 2671 941 ricordate se in qualche modo si xstaccano dal loro posto
2196 910 2654 978 mi accingo a scrivere
1576 919 2153 986 o si sunteggiano. Percio qua¬
2193 952 2662 1028 fe perplesse e mi do¬
1575 960 2136 1034 su un lavoro di lui, resto
1583 1020 2672 1069 mandlo se il mio articolo non lacgia come certi specchi
1591 1067 2668 1120 che non sanno riprodurre la pershna che hanno dinnanzi,
1580 1116 2670 1172 ma sia pure incoscientemente (cerco le attenuanti anche
1582 1155 2675 1223 per me!) la deformano in variagguisa. Voi capite che
1597 1211 2674 1271 questo cappello, contrario alle mie abitudini, tende in
1587 1260 2680 1321 sostanza a scusarmi per la cattiv azione che compio nel
1588 1304 2342 1383 dare un sunto della satira di Gishnine.
1618 1327 2680 1412 La caritä mondana & un argomento di vero interesse e
1582 1397 2674 1464 costituisce a mio modo di vedere una buona azione. Tutti
1582 1446 2672 1513 sappiamo comie la carità, al pari delle cose pin utili e
1607 1515 2673 1561 elle di questo mondaccio, serva bene spesso a fini in:
1598 1560 2673 1608 confessabili e quasi sempre ad una vera fiera di vanita.
1595 1592 2676 1647 Giannino ha studiato tale argomento con occhio di arti¬
1597 1640 2678 1700 sta, ma ha pure dimostrato profondità; di sentimento e
1594 1692 2678 1760 mentre la satira garbata fiorisce sul suo labbro, alcune
1582 1741 2677 1799 fra esse (?) esplicano l’idea di quella che sarebbe la vera
1595 1802 2665 1856 carita, non mondana, ma sincera, anzi quella che do¬
1597 1838 2671 1898 vrebbe sostituirsi alla carità, per toglierle ogni umilia¬
1595 1907 2672 1958 zione. Chi non & pratico puó trovare che la satira eccede
1597 1948 2678 2004 un poco, quasi diventando una parodlia, ma chi ha do¬
1599 1991 2668 2060 vuto occuparsi di carità ed osservare oggettivamente il
1599 2050 2666 2101 sorgere, lo esplicarsi, di certi comitati, ha dovuto ricono¬
1599 2107 2672 2154 scere che Giannino non ha esagerato. Intendiamoci: non
1594 2147 2670 2203 ha esagerato nel caso speciale, poiché di fronte alla ca¬
1599 2203 2673 2252 rità mondana da Jui magistralmente riprodotta, vi é la
1596 2243 2674 2299 carità buona, anche quando & composta mediante comi¬
1603 2289 2670 2356 tati di persone collocate dalla sorte piü o meno in alto
1597 2339 1993 2408 della scala sociale.
1624 2378 2673 2452 II primo atto della satira si svolge in casa dell' onore¬
1605 2431 2662 2497 vole Varchi, un giovane deputato che appartiene ai par¬
1604 2481 2676 2553 titi estremi e che della carità ha un concetto moderno in
1602 2532 2686 2601 quanto vorrebbe che essa diventasse funzione dello Stato.
1598 2596 2685 2650 Egli naturalmente sentendo che la sua signora accenna
1593 2627 2674 2687 ad una festa di beneficenza non nasconde in modo gar¬
1600 2680 2678 2746 bato ció che pensa di simile carità e pare che la contessa
1607 2727 2687 2792 Flaminia (cosi si chiama la sua consorte) sia dello stesso
1592 2784 2686 2853 parere. Ma..., la donna & mobile! Poco dopo arrivano,
1597 2829 2682 2889 diremo cosi, i rappresentanti ufliciali della beneficenza:
1612 2881 2682 2945 Ottavio Capaldi ed il marchese Serrani, che amor con¬
1623 2925 2689 2990 luce allo stesso destino di far parte del comitato di be¬
1618 2976 2683 3043 neficenza; parecchie amiche, la principessa Isabella di
1636 3023 2694 3094 orresanta; la marchesa Livia Deneri; donna Lucrezia
1600 3065 2696 3135 Alviti.., in casa della contessa Flaminia, gravemente,
1597 3131 2692 3186 mentre il Marchese corteggia la contessa Flaminia, si
1599 3190 2689 3245 mettono le basi del comitato di beneficenza, procedendo
1604 3236 2687 3285 alla elezione della presidentessa, La scena é gustosissima;
1639 3288 2694 3352 primo scrutinio la contessa non riesce perché le buone
1610 3338 2687 3385 ämiche le hanno votato contro e se non si ricorresse da
1606 3388 2690 3441 un amico della contessa Flaminia alla votazione palese,
1622 3426 2695 3492 la cosa non sarebbe molto facile, poiche l'ambizione e
1601 3480 2693 3534 grande anche per le rose di nessuna importanza, Forse
1600 3519 2694 3592 alla riuscita della presidentessa non é estranco il servizio
1613 3572 2696 3631 di thee di paste, che ella fa fare dopo la prima vota¬
1620 3617 2700 3692 zione e che fa pensare come l'alta carica importi doveri
1629 3664 2698 3744 ion puramente..., morali e spirituali. Nella intimità le
1599 3713 2686 3796 parolucce piene di desideri e di dolei richiami e di miti
1624 3780 2699 3833 rifuti ormai si moltiplicano. Quale sarà la festa che i1
1611 3812 2705 3907 comitato deve organnizzare? La domanda rende subito
2741 150 3259 217 Prammn. Ottavio Capaldi e
2705 189 3263 259 Jmitato; don Cesarino, engi
2728 238 3265 309 pestrato, ne sard is galoppit
2741 290 3228 361 segretario: il marchese
2735 304 3281 400 dellin recin., Cuauto ai son
2736 384 3277 461 membri si disturbi per füren
2744 441 3276 508 sono valicla garanzia per 1
2734 473 3282 558 provento dello spettacolo! 1
2742 528 3265 607 ciate dene l’opera sun di
2750 583 3285 649 mosee d# se stesso, II marc
2743 630 3274 705 la contesen Flaminia e desie
2740 688 3278 748 amänte principessa Isabelln
2750 716 3280 795 donna Lucrezia vestita da 6
2742 766 3289 847 d’occhio, possono essere s
2743 828 3280 899 persona la duchessa Maria
2746 873 3286 950 Flaminia, non partecipa d
2747 927 3287 997 troppo a cosa si riduce la c
2745 973 3288 1047 fatta per la carità grande, d
2755 1021 3297 1096 cialmente a divertire i prot
2753 1075 3291 1145 cola, che richiede solo l’ope
2748 1119 3282 1197 sarebbe una nota stonata e
2747 1166 3283 1242 mente non senza avere perd
2753 1223 3274 1295 zione.,, un po' scismastica
2794 1283 3281 1334 Nella fogn di addlivenire
2757 1331 3281 1397 gustate 1 ind e ch ge##en
2754 1373 3281 1446 i signori del comitato non
2763 1420 3294 1492 di chi si deve esplicare 1°0
2766 1482 3279 1544 deficienti; un altro gli scrofe
2768 1525 3289 1591 tano la povera umanità, stil
2761 1570 3303 1646 fantaccini; chi vuole benefic
2762 1624 3301 1694 vani pericolanti, chi quolle,
2780 1674 3297 1734 ono gia.., cadute... Davve
2762 1714 3292 1796 zul scrio quelle eleganti e¬
2755 1766 3304 1842 passa un'iden, La cronaca #
2761 1814 3303 1887 banca ha smarrito diecimila
2767 1865 3293 1938 un pagamento. Benche egli
2777 1914 3307 1986 parechi arri al servizio de
2749 1966 3299 2036 licenziato. Non & un bel cas
2777 2018 3298 2080 Si delibera che lo spettacold
2780 2066 3291 2136 omitato si scioglie, lieto e
2799 2115 3299 2183 La gioia della presidentes
2764 2164 3290 2229 poiché il marito (ah quei 0
2763 2206 3299 2274 dalla moglie la decisione de
2762 2267 3289 2338 risata: il fattorino ormai &
2761 2311 3299 2384 zione improvvisa in casa zu
2766 2363 3296 2435 somma, II briccone l’aveva
2760 2417 3048 2485 smarrimento.
2812 2465 3296 2543 Bisogna dunque cambiare
2776 2520 3300 2583 dato che questa, decisa or#
2777 2562 3308 2637 Inogo. A scanso di discussio
2769 2619 3306 2690 si decide che il beneficio an
2767 2665 3258 2736 protettrice degli animali.
2806 2682 3308 2785 Nel secondo atto l'iden
2776 2766 3300 2837 prove dello spettacolo soto
2779 2818 3299 2883 hilon punto. Le vendite inv
2770 2867 3305 2934 nico il marchese Serrani pre
2768 2918 3308 2990 d’amore con la contessa 1#
2764 2962 3310 3036 abbattuta e già in possesso
2778 3014 3304 3088 giocondo Capaldi dedica le¬
2770 3065 3311 3133 per la carità diventata., et
2775 3117 3307 3187 Cesarino ha elevato la sin
2776 3164 3305 3238 gretario, a dignità notevole
2780 3212 3286 3275 giorno prelevando i fondi,
2792 3265 3313 3324 comitato; Capaldi brontola,
2785 3315 3317 3384 fanno come le valanghe, auf
2786 3362 3308 3431 gli incassi sono gia tetalma
2791 3414 3317 3484 fa comprare una scena di u
2777 3469 3305 3534 la pagare profumatamente.
2778 3508 3317 3582 averla gratis, orn l’autorern
2779 3554 3318 3628 se non gli si da quanto dom
2793 3611 3316 3676 zelanti patronesse e stati app
2769 3660 3301 3728 assidui loro cavalieri, presi
2781 3707 3318 3775 teghino del teatro, come i
2775 3755 3302 3830 onesto; i vestiti, le perrucci
2775 3806 3307 3885 somma viene ordinato con
