3248 4256
1488 5 1942 76 S
1790 135 3185 194 Dietro a Carlo la gente s’accalcava; si dovette dar di gomito per non
295 135 1688 187 Ricordó come a tali parole si sentisse incoraggito e fiducioso, quasi che
1741 196 3181 244 cadere sulla signora Ladembauer, che accoccolata in terra, serrava le
251 198 1687 242 Maria gli avesse tutto perdonato. Fini il suo vino e ne bevette molto
1747 229 2729 277 mani di Maria nelle sue e la scuoteva gridando:
260 241 1689 282 dell’altro, tanto ché la vita gli parve molto bella. Soddisfatto, guardava,
1845 265 2269 321 Parla.. ma parla
259 279 1692 328 ascoltava le produzioni seguenti e applaudiva come gli altri; quando
1779 286 3188 367 Alla fine venne una lanterna; il padrone della casa in veste da camera
256 307 1690 350 si spensero i lumi, traversó ben lieto la sala, venne nella stanza del risto¬
1749 345 2921 388 e pantofole illuminó il viso alla giacente; quindi concluse:
248 366 1695 414 rante fin al tavolo rotondo nell’angolo, ove di solito si radunava la Com¬
1852 377 3184 450 Che fatalità.., proprio andó battere col capo su l’anello di pietra
247 390 1040 436 pagnia, terminata la rappresentazione.
301 430 1686 482 Alcuni già sedevano: Wiegel-Wagel, Jedeck con sua moglie, un signore
1745 423 1973 481 del pozzo.
1837 467 3181 528 Ho sentito del rumore non sono cinque minuti — rispose l’uomo in
260 475 1696 516 dagli occhiali, nuovo per Carlo. Tutti iel rivedere il giovanotto lo salu¬
1740 500 1945 556 camicia.
263 508 1695 571 tarono senza far mostra di meraviglia; ma subito dopo udi dietro a sé
1788 536 2783 597 Tutti lo guardavano, ed egli continuava ripetere:
257 545 866 593 la voce di Maria che diceva:
1841 584 2554 637 Proprio.., non sono cinque minuti.
361 561 1172 627 Trovo si, mamma... conosco la strada.
1783 621 3173 683 — Come trovó la via a sahr sopra? — chiese timidamente qualcuno
294 615 1690 670 Carlo non osava voltarsi; intanto la ragazza gli era venuta sedersi
1741 650 2075 717 dietro a Carlo.
248 668 465 718 accanto:
1831 692 3181 744 Aveva pratica della casa — rispose un altro. — A tastoni traverso
346 680 1435 755 Buona sera, signor Breiteneder — disse — come sta?
1737 735 3143 780 la cucina, sali la scala di legno e giü dal parapetto.,, non é difficile..
300 736 1696 786 In quel momento egli ricordó che Maria aveva preso piü tardi a dare
1779 778 3179 822 Carlo non riusciva distinguere dalle voci chi bisbigliasse tali cose; era
258 784 1696 827 ad un suo innamorato del ier e del signore.., Le venne recata la cena con
1744 816 3171 863 oppresso da un peso enorme, come un incubo.,. Nelle vicinanze un gallo
261 817 1691 871 vivande sminuzzate; gli altri erano allegri, festanti, come nulla si fosse
1749 857 3173 904 si mise a cantare; il padrone della casa collocó la lanterna vicino al pozzo,
257 861 437 913 mutato.
1747 897 2865 948 mentre la signora Ladembauer chiedeva singhiozzando:
349 888 1697 951 Tutto é andato benone.., I bei tempi ritornano! — esclamó il vecchio
1848 935 2646 974 Ma il dottore.., non arriva il dottore.
252 930 538 991 Ladembauer.
1787 966 3182 1021 Quindi il padre sollevó la testa della moribonda; la luce giunse baciarle
293 949 1695 1012 La signora Jedeck affermava che ognuno trovava la voce di Maria piü
1739 1011 3164 1065 il viso e Carlo vide le sue narici in un leggero tremito, le labbra con¬
253 1004 1443 1061 bella di prima e Wiegel-Wagel alzando il bicchiere gridó:
1744 1050 3128 1101 tratte, gli occhi spenti fissarlo e la terra sotto il capo rossa, umida.
342 1051 910 1109 Alla salute della signorina!
1843 1091 2390 1143 Maria... Maria... — gridö.
324 1094 1679 1150 Ognuno levó il bicchiere, e cosi Maria; Carlo col suo toccó quello di
1786 1122 2600 1169 Nessuno sentiva, lui stesso non udiva...
244 1140 1692 1182 leie gli pareva ch’ella volesse fondervi dentro i suoi occhi morti uniti
1782 1160 3170 1219 L’uomo del balcone era sempre lä, con le due donne: parevano spet¬
245 1175 1688 1219 aquelli di lui, quasi se dopo avesse potuto guardare profondamente ne
1745 1207 3180 1265 tacoli da teatro. La candela s’era già spenta; nel cortile veniva l’aurora
245 1212 865 1267 le pupille del vecchio amico.
1743 1250 2242 1300 in un chiarore violetto.
341 1225 1696 1305 piü allegro era certo llka: il suo ammiratore, giovane forte dal viso
1778 1268 3186 1325 La signora Ladembauer aveva posata la testa della figlia su lo scialle
254 1285 1695 1333 spazioso che le sedeva di rimpetto chiassando con Ladembauer e solo la
1737 1331 3184 1372 piegato diverse volte, e Carlo guardava immobile, atterrito. Ma tutto
251 1336 1687 1382 signora Jedeck fissava ad un angolo, chiusa ancora nella mantellina per
1745 1371 3184 1412 ad una volta si fece una gran luce: s’alzava il sole e Breiteneder
250 1369 1692 1424 pioggia, color giallo. Due o tre volte vennero persone da un tavolo
1746 1401 3178 1446 miro il sembiante calmo di Maria sul quale gocce sanguinee si muove¬
247 1410 1698 1469 vicino a congratularsi con la cieca, e lei rispondeva tranquilla come
1748 1439 3181 1504 vano dalla fronte, dai capelli, lungo le gote bianche, attraverso il collo
253 1450 1305 1506 prima, come niente si fosse mutato. Disse a Carlo:
1749 1481 2256 1542 e stillavano su la terra...
345 1489 957 1538 Perché cosi tanto silenzioso?
285 1519 1682 1567 Appena allora egli s’accorse d’esser stato gran tempo senza aprir bocca,
2398 1511 2519 1600 IX.
251 1560 1694 1619 s’animö, prese parte al divertimento degli altri, ma con Maria non
1785 1572 3184 1639 Apri gli occhi, come per scacciare un triste sogno; sedeva solo sulla
251 1602 593 1660 scambió parola.
1742 1627 3172 1676 panca all’orlo della strada e vide il direttore d’orchestra e Jedeck scender
288 1637 1682 1698 Rebay raccontava del bel tempo, quando componeva per Matras; narrö
1742 1667 3181 1715 per dove prima erano saliti insieme. Sen brava che i due ragionassero
248 1681 1695 1726 il contenuto d’un operetta buffa composta a trent’anni e ne fischiettava
1748 1710 3167 1756 ben animati; il bastone di Jedeck si mostrava come una linea all’oriz¬
244 1716 807 1776 le parti dei singoli attori.
1749 1738 3176 1808 zonte. Camminavano con molta fretta, li seguiva una leggera nuvola di
297 1750 1682 1809 Quaie suonatore boemo detest wa la grande allegrezza, e alle una la
1746 1784 2698 1844 polvere e le loro parole si perdevano nell’aria.
244 1794 1697 1852 comitiva si sciolse. La signora Ladembauer prese a braccetto la figlia;
1778 1818 3179 1886 D intorno splendeva il paesaggio e giü ne la valle, sotto la canicola
251 1840 1687 1892 tutti ridevano, gridavano.., era strano: nessuno trovava cosa di meraviglia
1741 1857 2619 1923 dell’ora di mezzogiorno, scintillava la cittä.
249 1877 1696 1933 se per Maria il mondo fosse diventato buio, nero. Carlo le camminava
2623 1875 3097 1963 Arturo Schnitzler.
256 1910 1690 1968 d’accantose la signora gli chiedeva senza riguardo molte cose: e come
1911 1923 2206 1996 trad. d’ Inoilla.
255 1951 1691 2005 stavano di salute a casa e quanto s’era divertito viaggiando. Egli diceva
1976 1962 2515 2048 (G. A. Padovani, Lonigo).
252 1995 1683 2048 con vivacità del moltc veduto, specialmente di teatrie di caffé concerto,
250 2036 1695 2096 mentre in sé stesso si stupiva della sicurezza di Maria nel camminare e
248 2070 1067 2135 come l’ascoltasse cosi calma, cosi lieta.
900 2116 1041 2188 VIII.
284 2167 1691 2228 Entrarono in un caffé; un locale vecchio affumicato, che a quell’ora
253 2210 1695 2262 era quasi vucto; lika pagó per tutta la comitiva. Fra la festosità, il
250 2255 1693 2291 chiasso, Maria si strinse a Carlo, come faceva talvolta in altri tempi, e
1917 2188 2707 2327 NEL REGNO
252 2295 1688 2344 lui provó la sensazione del tepore di quelle membra e senti mo¬
252 2334 1687 2382 versi anche le sue manine cercando d’accarezzarlo senza far parola
261 2376 1683 2412 Carlo avsehbe voluto dire qualcosa..qualcosa d’affettuoso, di consolante.
2164 2359 3169 2437 PELLA NSUA
257 2410 1691 2461 ma non #riuscl. La contemplava.,, via, via gli pareva scorgere ne’ suoi
250 2448 1687 2504 occhi non uno sguardo umano, ma cosa nuova, strana, prima mai piü
1772 2476 3165 2534 La questione dell'abbigliamento non passa mai a Parigi in seconda
252 2494 1680 2534 vedutailterrore Simpossessó di lui, quasi se avesse davanti uno
1730 2525 3183 2574 linea. I piü grandi avvenimenti, i piü terribili disastri non assorbono il
257 2529 1257 2588 spet###., Tremo nelle mani e si sciolse dalle sue
1737 2558 3173 2609 pensiero cosi da far dimenticare ció che piu interessa la pariginacio
280 2565 639 2630 Eaaria bisbiglio:
1737 2595 3172 2649 per cui essa é specialmente ammirata: la foileffe. L’inondazionenon
294 2589 1131 2665 Che temis lo sono sempre la stessa
1729 2642 3178 2692 spense neppur per un istante la sérenità e la vanità di questo popolo,
286 2637 1365 2698 Ne seppe dirle nuliae prese a parlare con gli altri.
1732 2677 3168 2730 che, come tutti gli esseri molto inciviliti e che molto hanno vissuto,
284 2681 1365 2751 Dopo qualche tempo, una voce gridö all’improvviso:
1730 2718 3173 2767 non conosce o non palesa mai sentimenti estremi e non si spaventä né#
296 2722 654 2774 — Dov’é Maria!
1744 2754 3176 2798 s’impressiona di nulla. A Parigi non é signorile gesticolare parlando, né
292 2762 1680 2824 Era la signora Ladembauer; tutti compresero che la figlia era scomparsa.
1736 2798 3170 2852 e chic parlar forte; del pari non & chic dolersi con interiezioni e accenti
343 2805 1127 2848 Dov’é Maria? — gridarono degli altri.
307 2808 351 2846 —
1742 2833 3176 2889 drammatici di qualsiasi cosa per quanto dolorosa essa sia. I parigini non
284 2833 1689 2903 Alcuni s’alzarono, la vecchia signora dalla soglia del caffé chiamava
1736 2874 3177 2926 pensano seriamente che a due cose: divertirsi e far bella figura. Tutto
263 2876 856 2946 disperata traverso la strada:
1737 2909 3167 2962 cio che se ne scosta é une quanlilé négligeable e passa in seconda linea.
334 2916 705 2972 Maria... Maria
1758 2954 3173 2999 L’inondazione ha commosso abbastanza quelli che qui ne furono vit¬
280 2937 1391 3002 Ognuno s’agitava, parlava concitato; taluno ripeteva:
1737 2984 3174 3041 Stime, e la miseria in cui vennero ridotte centinaia di famiglie ha fatto
303 3007 348 3042 —
338 3001 1422 3042 Oh perché si lascia andar sola una tal disgraziata?.
1728 3023 3175 3098 pullulare infiniti Comitati di beneficenza e provocato feste e discorsi di
285 3040 1456 3104 D’un tratto giunse dal cortile della casa un grande vocio:
1743 3078 3170 3129 occazione; ma, in fondo, Parigi si é appassionata di piü alle vicende di
336 3073 1088 3118 Portate candele.., portate lanterne...
1738 3106 2531 3176 Gantecler che ai misfatti della Senna.
333 3108 1288 3169 Gesummaria! — urló la signora Ladembauer.
1764 3138 3178 3196 Anche l’inondazione fu uno spettacolo, e molti se ne divertirono, ma
285 3141 1353 3199 Tutti precipitarono dalla cucina del caffé nel cortile.
1730 3194 3175 3239 quantunque i giornali riferiscano tutte le tristi conseguenze del disastro,
292 3182 1675 3240 Già l'alba scendeva sulla terra; ad un balcone, dal parapetto in legno.
1740 3223 3170 3276 i parigini non ci pensano tanto da desolarsene. Commuoversi troppo
253 3233 1695 3296 uno s’affacció in camicia, reggendo la candela accesa e dietro a lui
1749 3262 3169 3316 noné igienico e non giova a nessuno, del resto. Parigi soccorre gli
256 3274 1138 3332 comparvero due donne in veste da camera.
1742 3302 3108 3368 inondati, ma pensa nello stesso tempo a divertirsi e ad agghindarsi.
286 3310 1682 3371 Carlo vide tutto questo da principio, indi luccicare qualche cosa e indi
1778 3340 3167 3388 Oggi ancora le signore si radunano e lavorano alacremente per le vit¬
259 3347 1638 3398 venir alzato da terra uno scialle bianco e poi lasciarlo cadere... Udi:
1729 3372 3172 3433 time della piena; cuciono abiti, vestitini, maglie, e raccolgono oggetti
351 3385 1243 3437 Non giova piü niente.., non si muove pill..
1728 3425 3162 3473 utili con mirabile zelo. Ma ció non le distoglie dal loro argomento fa¬
341 3429 1313 3479 Correte pel medico.., alla sede dell’ambulanza
1733 3461 3164 3526 vorito, des chrwons, i quali destano uno speciale interesse ora che si é
354 3467 955 3521 Una guardia.., una guardia
1735 3500 2552 3554 alla vigilia delle rivelazioni della Moda.
278 3496 1296 3554 Tutti s’agitavano, s'urtavano, correvano in strada.
1768 3523 3168 3590 Si sanno giá molte cose, ma non tutte ancora. Le novità lanciate da
279 3540 1683 3596 Lo sguardo di qualcuno perseguitava Carlo; era la signora Jedeck ne
1736 3585 3166 3632 parecchie Case di Moda e accaparrate da ditte e da sarti stranieri, non
241 3583 1672 3626 la sua mantellina gialla, che si stringeva il viso fra le mani; poscia s’allon¬
1735 3617 3152 3675 hanno importanza per le parigine, che aspettano i verdetti di quei sette
257 3625 725 3679 tanó e non venne pill.
1342 3720 2136 3785 Mode e Confezioni
2809 3707 3121 3811 Espositione
1545 3759 1881 3839 Cappelli
1714 3810 2175 3894 Camiciette
2906 3826 3034 3890 delle
1880 3871 2251 3941 Sottane
301 3867 1285 3946 Ssiohe Seefnde.
2826 3882 3111 3971 ultime novitä
1972 3905 2759 3993 Sorties de theätre
2863 3935 3209 4046 paripine—
340 3974 1253 4051 TORINO “ Via Barbaroux, 4
1944 3990 2754 4055 E CREAZION!
1452 3999 1652 4053 MÖI
