3248 4256
494 22 597 73 TE
2789 97 3008 170 W
1110 71 1831 193 s —
714 147 912 258 —.
820 322 2085 453 LA CANZONE NUOVA
203 403 578 505 S
775 452 2144 535 Ei sentiamo lieti di poter offrire alle gentili nostre lettrici una prima
229 467 454 520 STDeR
721 504 2130 582 novella 6'Arturo Schnitaler: scritkore viennese di molta e meritala hema,
3023 523 3092 585 29
205 524 368 610 #
378 527 1580 603 1 1o1 in Italia den iverst lavori leatrali.
767 583 2133 648 Egli sa parte a quella esigna schiera d'artisti che coraggiosamente si
601 630 2137 688 dresentano alle battaglie letterarie, quando sono giä ben avanti zu altra strada.
289 609 392 700 2
425 675 2145 753 lnsatti lo Schniteler nell'se prendeva la laurea in mecicina e, Huhblicati
604 707 2132 757 darecchi notévoli studi, due anni dopo abbandonava la severa disciplina per
599 736 2117 814 dedicare interamente alla letteratura Eingegno Jelicissimo. Ed ecco Anatol —
489 782 2141 837 # lihro di novelle zivaci. smaglianti — che gli apre la via alla sama. Ad esso
486 815 2144 880 sanno corona aliri raccouli impressi d’una originalilä altraente, vitale, come Sterben
479 851 2138 916 (Morire), Paracelso, Frau Bertha Garlan — che vell'anima gemplice porla nascosto
478 895 2133 969 un amo#e tenace derso un celebre artista, ehe le su piccolo amico nella giovinezza
250 922 2137 1004 — Leutnant Gustl (Iltenentino Gustavo), novella, come serive 17 Meuasel, ehe sollevö conkro l'antore
207 972 1750 1033 le dolemiche di parecchi ussiciali austriaci, credendosi punti nell'amor proprio.
238 1012 2136 1083 L.o Schnitaler dä auche pregevoli lavori pel leatro; basta citare Liebelei (amoretti), dramma sentito
203 1037 2123 1110 #e delicalo, che Hercorse tutte le scene europee; Vermächtnis (II legato), II velo di Beatrice, dramma
201 1084 2135 1154 in versi, Der einsame Weg (La via sclitaria), Zwischenspiel (Intermezzo), kradotto con Pusnale
207 1135 2123 1203 eleganza dal Nani. Ultimamente il nostro novelliere e drammaturgo s'é dato anche il vomanzo,
2451 1123 2817 1199 Arturo Schnitzler.
207 1168 2093 1229 e proprio l'anno scorso usci Der weg ins Freie, che ebbe il plauso unanime dei eriliei tedeschi.
243 1214 3148 1289 L’arte delle Schniteler, con la stessa agilitä, insegue un sogno o scruta nei profondi destini della vita, o ci porge sotto lo sguardo kutti i riflessi
202 1259 3131 1322 d'un'anima interessante. Lo stile é semplice, il periodo intenso di pensiero # adorno di imagini facili, ma nel gioco delle diverse situazioni dei personaggi,
206 1291 3136 1381 kratti da ambienti #artt, ora si sa nervoso, rotlo e ci pone un zenso C'angoscia che tormenka, ora é di frasi ironiche che sanno male, orrero & scherzoso
202 1327 2343 1408 #esorridente. La novella che lieti presentiamo sa parte del recente libro: Dammerseelen (Anime al crepuscolo).
1677 1450 3144 1551 occhi su Carlo e gli mandava saluti scherzosi con le piccole mani, o
273 1476 1653 1553 — La colpa non é mia, signor Breiteneder, si convinca.,, nessuno lo
1683 1502 2451 1566 sedevagli accanto a guardar le carte.
187 1513 437 1603 pud dire.
233 1579 1660 1640 Carlo Breiteneder sentiva venir da lontano queste parole, ma, chi le
2345 1566 2454 1639 II.
197 1606 1656 1683 aveva pronunciate gli camminava appresso, s’accorse persino dell’acre
1720 1602 3150 1694 Ora, camminando, il giovane ricordava quel di in cui aveva fatto con
200 1637 893 1716 odore di vino che le avvolgeva.
1679 1649 3149 1713 Maria l’istessa strada. Vinti ambedue da una grande stanchezza avevana
235 1679 1648 1752 Non rispose nulla; era impossibile, troppo stanco, scosso dallo spa¬
1689 1700 3141 1747 lasciato, quasi all’alba, il caffé e gli altri artisti e s’erano portati a dor¬
202 1718 1654 1789 ventoso avvenimento della notte; aveva bisogno di trovarsi soloe all’aria
1678 1743 3148 1811 mire sul pendio d’un prato, all’ombra d’una betulla. Appena la calda
201 1765 1657 1833 aperta. Per questo appunto non s’era né pure recato a casa, ma aveva
1679 1774 3135 1832 ora del mezzogiorno li sveglio, s’internarcno nei bosco, parlarono, risero,
198 1811 1658 1871 passeggiato. alla brezza mattutina, per vie solitarie e poi all’aperto, verso
1678 1813 3149 1869 si fecero burle.., cosi per tutta la giornata senza saperne la causa. Nella
194 1844 1654 1912 le colline sorgenti fra vaporose nebbie primaverili. Un brivido dietro
1690 1856 3154 1924 sera, appena in tempo, ella rientró in città per la rappresentazione.. Di
196 1884 1656 1932 l’altro gli correva da capo a piedi e non aveva piu la sensazione della
1685 1889 3152 1950 tali bei ricordi Carlo ne aveva alcuni e tutti e due vivevano contenti,
197 1925 1646 2001 frescura, che soleva penetrarlo alle prime ore del di, dopo nottate va¬
1686 1935 2281 1986 senza pensiero del domani.
195 1952 420 2033 gabonde.
1717 1965 3137 2041 Ma al principio dell'’inverno, Maria ammalo improvvisamente; il dot¬
254 1988 1652 2047 I suoi occhi non vedevano che la lugubre scena fuggita... L’uomo che
1680 2008 3132 2083 tore aveva dato ordine che non s’entrasse nella sua stanza. La malattia
193 2036 1652 2097 gli camminava a flanco doveva appena averlo raggiunto. Cosa voleva da
1691 2048 3151 2133 era una meningite o qualcosa di simile ed ogni impressione doveva
1695 2078 2011 2148 esser evitata.
198 2065 1647 2128 lui? perché si difendeva? e perché proprio davanti a lui? Carlo non
196 2120 1649 2186 aveva né meno pensato a rimproverarlo, era il vecchio Rebay, quan¬
1720 2131 3143 2210 Da principio Carlo s’informö giorno per giorno presso i Ladembauer,
186 2145 1646 2229 tunque si sapesse che gran colpa dell’accaduto fosse sua. Gli diede una
1708 2157 2396 2229 piü tardi ogni secondo o terzo di.
200 2196 1642 2269 rapida occhiata; chi pareva mai quell’uomo! La giubba cra sdruscita,
1719 2213 2878 2294 Una volta la madre dell'ammalata gli disse dalla porta:
195 2240 1477 2290 macchiata, priva d’un bottone e gli altri portati agli orli che
190 2276 1483 2320 sembravano frangie e all’occhiello un fiore appassito, ler sera
190 2318 1487 2372 Carlo lo vide fresco, quel fiore.,. anzi 1 vecchio Rebay direttore
186 2347 1490 2420 d’orchestra, ornato di quel garofano s’era geduto ad uno stridulo
2060 2354 2173 2423 ne
2307 2356 2554 2430 Lied
1689 2345 3091 2465 18. Das neue J.d box 2/8
187 2401 1477 2449 pianoforte e, come faceva da quasi trent'anni, aveva eseguite di¬
199 2439 1492 2501 verse suonatine per la Compagnia Ladembauer, II piccolo
199 2472 1485 2515 ristorante era pieno, zeppo ed anche fuori, in giardino, si vede¬
2086 2477 2541 2563 Aritardare la
189 2513 1483 2571 vano tavolini e sedie perché, come annunziavano i cartelloni
1784 2518 2678 2608 rormazione delle rughe,
186 2551 1480 2618 gialli, stampati a grandi caratteri nerie rossi, c’ere: e Prima ri¬
192 2590 1482 2659 comparsa della signorina Maria Ladembauer, dettag il Merlo
1674 2571 2809 2703 a0 a prevenire le tanto fastidios
192 2624 1395 2686 bianco“, dopo la sua guarigione da pericolosa malattia.
2815 2634 2927 2724 #
1805 2644 2783 2736 screpolature della pelle e 1 geloni,
231 2654 1477 2736 Carlo trasse un profondo respiro. S’era fatto chiaro e già per
185 2689 1471 2762 la via eglie il direttore d’orchestra non erano piü soli; dietro
1617 2690 2829 2786 □a rendere la pelle bianca, morbida, bella,
190 2745 1480 2798 loro, a dritta, a manca, perfino dall’alto del bosco veniva gente.
1623 2731 3033 2833 indispensablie quel sovrano del saponi da toeletta cheeIINer
190 2783 1476 2848 Solo allora Carlo s’accorse ch’era domenica e si fece lieto di
188 2816 1478 2887 non avere impegni per ritornare in città, peró suo padre gli
188 2861 1467 2944 avrebbe rimproverato un giorno di lavoro perduto, come sece
2975 2901 3074 2962 —
1492 2926 1560 3000 2
226 2937 1458 2995 II vecchio negozio di tornitore nella via Alser andava avanti
197 2974 1461 3032 anche senza di lui, ma il padre sapeva per esperienza che i
185 3011 1464 3067 Breiteneder erano sempre in tempo per decidersi ad una vita
191 3044 1458 3132 di comodi. Quanto poi alla relazione del figlio con Maria La¬
186 3084 926 3159 dembauer, non gli era mai andata.
285 3129 1459 3210 Puoi fare quello che vuoi — una volta gli aveva detto con
186 3178 1465 3243 calma — sono stato anch’io giovane.,, ma con le famiglie delle
190 3226 1469 3295 mie.,, amiche non volli tener mai relazioni.., Ho sempre tenuto
196 3256 627 3317 troppo a me stesso.
291 3282 1468 3357 Lo avessi ascoltato.,. — pensava ora Carlo — quanto mi
183 3329 774 3397 sarebbe stato risparmiato l.
220 3365 1466 3435 Ma aveva sentito si vivo amore per Maria.., In fondo era
1559 3393 1702 3470 O
186 3414 1468 3472 una cara ragazza, dolcemente a lui affezionata e se passeggiavano
183 3449 1476 3528 insieme, lei tutta posandosi sul suo braccio, chi la credeva una
184 3493 1213 3559 donnina che aveva giá conosciuta la vita allegra?
1865 3518 2091 3599 BE
219 3520 1461 3591 Del resto, in famiglia si trattava come in qualunque casa
2457 3449 2784 3616 LLI
1636 3529 1818 3621 22
183 3558 1465 3635 borghese. L’abitazione era tenuta con semplice eleganza; sugli
1783 3566 2783 3669 ∆Proprietarla la Società A. BERTELLI & 6
2773 3573 3023 3667 S
177 3605 1467 3675 stipi v’erano libri; sovente veniva in visita il fratello del vecchio
1919 3640 2750 3732 MILARO - ROML — MAPOLI - TORINO - GENOVA - PALERMO
176 3648 1462 3696 Ladembauer, impiegato al municipio, e allora si parlava di
2023 3680 2637 3763 Commissioni per corrispondento:
175 3688 1472 3732 cose serie: politica, elezioni, fatti comunali. Di domenica Carlo
2102 3714 2552 3785 26, via Paolo Frisi, 26
173 3720 1459 3783 giocava a tarocco con Ladembauer e con quel matto di Jedeck,
2187 3738 2402 3793 MILANO
168 3757 1461 3817 lo stesso che alla sera, vestito da buffone, suonava con l’orlo dei
2638 3756 2700 3825 C
2698 3773 2766 3819 2
173 3808 1467 3868 piatti e dei bicchieri. Presso la finestra, a cui di contro sulle
1911 3757 2705 3925 T0o - ee
174 3837 1464 3907 pareti pendevano quadri di paesaggi svizzeri, sedeva l’alta a
182 3876 1457 3938 pallida signora Jedeck (alla sera declamatrice di noiose poesie)
171 3916 1465 4000 che chiaccherava senza posa con Maria. Questa peró teneva gli
