<?xml version="1.0" encoding="UTF-8" standalone="yes"?>
<PcGts xmlns="http://schema.primaresearch.org/PAGE/gts/pagecontent/2013-07-15" xmlns:xsi="http://www.w3.org/2001/XMLSchema-instance" xsi:schemaLocation="http://schema.primaresearch.org/PAGE/gts/pagecontent/2013-07-15 http://schema.primaresearch.org/PAGE/gts/pagecontent/2013-07-15/pagecontent.xsd">
    <Metadata>
        <Creator>prov=University of Rostock/Institute of Mathematics/CITlab/Gundram Leifert/gundram.leifert@uni-rostock.de:name=ONB_Newseye_GT_M1+(htr_id=10810)::::v=2.4.2
prov=University of Rostock/Institute of Mathematics/CITlab/Tobias Gruening/tobias.gruening@uni-rostock.de:name=de.uros.citlab.module.baseline2polygon.B2PSeamMultiOriented:v=2.4.2
prov=University of Rostock/Institute of Mathematics/CITlab/Tobias Gruening/tobias.gruening@uni-rostock.de:name=/mnt/transkribus/LA/DEA/URO/LA_news_onb_att.pb:de.uros.citlab.segmentation.CITlab_LA_ML:v=2.4.2
Transkribus</Creator>
        <Created>2019-10-07T11:36:23.081+02:00</Created>
        <LastChange>2019-10-08T08:44:47.918+02:00</LastChange>
        <TranskribusMetadata docId="223979" pageId="9500642" pageNr="38" tsid="16508352" status="IN_PROGRESS" userId="40391" imgUrl="https://files.transkribus.eu/Get?id=RCACXIPNMLANKWPNMXURBIUE&amp;fileType=view" xmlUrl="https://files.transkribus.eu/Get?id=MNRSXHCYMHNBOGVSTUOCXNKY" imageId="6190864"/>
    </Metadata>
    <Page imageFilename="223979_0038.jpeg" imageWidth="3532" imageHeight="4384">
        <ReadingOrder>
            <OrderedGroup id="ro_1711448964599" caption="Regions reading order">
                <RegionRefIndexed index="0" regionRef="r1"/>
                <RegionRefIndexed index="1" regionRef="r2"/>
            </OrderedGroup>
        </ReadingOrder>
        <TextRegion orientation="0.0" id="r1" custom="readingOrder {index:0;}">
            <Coords points="332,1479 332,1631 358,1631 358,1479"/>
            <TextLine id="r1l1" custom="readingOrder {index:0;}">
                <Coords points="312,1600 334,1602 338,1598 349,1599 356,1604 374,1605 380,1529 362,1527 352,1515 344,1518 341,1514 319,1512"/>
                <Baseline points="332,1579 358,1581"/>
                <TextEquiv>
                    <Unicode>*</Unicode>
                </TextEquiv>
            </TextLine>
            <TextEquiv>
                <Unicode>*</Unicode>
            </TextEquiv>
        </TextRegion>
        <TextRegion orientation="0.0" id="r2" custom="readingOrder {index:1;}">
            <Coords points="348,345 348,3697 3312,3697 3312,345"/>
            <TextLine id="r2l1" custom="readingOrder {index:0;}">
                <Coords points="2000,384 2157,407 2183,392 2256,408 2326,397 2352,412 2388,394 2458,406 2459,314 2411,332 2323,317 2290,338 2257,316 2099,340 2056,318 2001,325"/>
                <Baseline points="2019,384 2045,383 2071,383 2097,384 2124,385 2150,386 2176,387 2202,388 2229,388 2255,390 2281,390 2307,390 2334,390 2360,388 2386,387 2412,384 2439,381"/>
                <TextEquiv>
                    <Unicode>box 20/1</Unicode>
                </TextEquiv>
            </TextLine>
            <TextLine id="r2l2" custom="readingOrder {index:1;}">
                <Coords points="329,389 1877,433 1980,424 1981,365 824,310 329,345"/>
                <Baseline points="348,371 428,377 509,381 590,384 671,388 751,390 832,391 913,393 994,393 1074,394 1155,394 1236,394 1317,394 1397,394 1478,394 1559,395 1640,395 1720,396 1801,398 1882,400 1963,402"/>
                <TextEquiv>
                    <Unicode>14. Der Schleier der Beatrice</Unicode>
                </TextEquiv>
            </TextLine>
            <TextLine id="r2l3" custom="readingOrder {index:2;}">
                <Coords points="906,1336 1067,1347 1091,1371 1340,1382 1344,1309 1277,1313 1195,1276 1150,1285 1067,1270 1011,1293 909,1278"/>
                <Baseline points="926,1333 952,1334 978,1336 1005,1337 1031,1337 1058,1338 1084,1339 1110,1340 1137,1341 1163,1342 1190,1343 1216,1345 1242,1346 1269,1349 1295,1351 1322,1354"/>
                <TextEquiv>
                    <Unicode>Telefon 12801.</Unicode>
                </TextEquiv>
            </TextLine>
            <TextLine id="r2l4" custom="readingOrder {index:3;}">
                <Coords points="2386,1435 2811,1449 2815,1354 2759,1374 2605,1371 2537,1342 2500,1352 2390,1336"/>
                <Baseline points="2404,1408 2429,1407 2455,1407 2481,1408 2507,1408 2533,1409 2559,1410 2585,1411 2610,1411 2636,1413 2662,1414 2688,1416 2714,1417 2740,1419 2766,1421 2792,1423"/>
                <TextEquiv>
                    <Unicode>Telefon 12801.</Unicode>
                </TextEquiv>
            </TextLine>
            <TextLine id="r2l5" custom="readingOrder {index:4;}">
                <Coords points="432,1439 1779,1478 1806,1423 433,1369"/>
                <Baseline points="449,1429 515,1430 582,1431 649,1432 716,1433 783,1435 850,1436 916,1438 983,1440 1050,1441 1117,1443 1184,1445 1251,1447 1318,1449 1384,1450 1451,1451 1518,1453 1585,1454 1652,1456 1719,1457 1786,1457"/>
                <TextEquiv>
                    <Unicode>Alex. Weigl’s Unternehmen für Zeitungs-Ausschnitte</Unicode>
                </TextEquiv>
            </TextLine>
            <TextLine id="r2l6" custom="readingOrder {index:5;}">
                <Coords points="1428,1517 1461,1519 1476,1529 1497,1516 1505,1520 1522,1504 1530,1511 1555,1505 1593,1522 1651,1503 1648,1459 1549,1454 1476,1463 1461,1456 1454,1464 1424,1458"/>
                <Baseline points="1447,1511 1473,1507 1499,1505 1525,1502 1552,1500 1578,1499 1604,1499 1631,1501"/>
                <TextEquiv>
                    <Unicode>Ausschaltt</Unicode>
                </TextEquiv>
            </TextLine>
            <TextLine id="r2l7" custom="readingOrder {index:6;}">
                <Coords points="1923,1513 3282,1538 3233,1460 1926,1433"/>
                <Baseline points="1944,1491 2013,1495 2082,1498 2152,1501 2221,1503 2291,1506 2360,1508 2429,1510 2499,1512 2568,1514 2638,1515 2707,1517 2777,1518 2846,1519 2915,1521 2985,1522 3054,1524 3124,1526 3193,1528 3263,1530"/>
                <TextEquiv>
                    <Unicode>Alex. Weigi's Unternehmen für Zeitungs-Ausschnitte</Unicode>
                </TextEquiv>
            </TextLine>
            <TextLine id="r2l8" custom="readingOrder {index:7;}">
                <Coords points="2924,1563 2953,1562 2968,1576 2998,1579 3034,1574 3068,1603 3100,1576 3137,1575 3136,1539 3114,1539 3091,1525 3062,1537 3055,1530 3026,1534 3018,1527 2923,1534"/>
                <Baseline points="2941,1579 2966,1575 2991,1571 3016,1570 3041,1570 3066,1571 3091,1572 3117,1571"/>
                <TextEquiv>
                    <Unicode>Ausschnitt</Unicode>
                </TextEquiv>
            </TextLine>
            <TextLine id="r2l9" custom="readingOrder {index:8;}">
                <Coords points="767,1580 1781,1605 1783,1520 1751,1512 1383,1544 1220,1499 1178,1535 1051,1506 995,1534 923,1492 769,1495"/>
                <Baseline points="784,1570 833,1567 882,1564 931,1563 980,1562 1029,1563 1078,1564 1127,1565 1176,1567 1225,1570 1274,1572 1323,1574 1372,1577 1421,1579 1470,1580 1519,1582 1568,1583 1617,1583 1666,1583 1715,1581 1764,1578"/>
                <TextEquiv>
                    <Unicode>„OBSERVEK Nr. 17</Unicode>
                </TextEquiv>
            </TextLine>
            <TextLine id="r2l10" custom="readingOrder {index:9;}">
                <Coords points="1986,1599 2004,1600 2011,1604 2027,1590 2034,1594 2052,1595 2056,1518 2016,1516 2012,1520 1990,1519"/>
                <Baseline points="2006,1582 2034,1583"/>
                <TextEquiv>
                    <Unicode>4</Unicode>
                </TextEquiv>
            </TextLine>
            <TextLine id="r2l11" custom="readingOrder {index:10;}">
                <Coords points="2040,1618 2284,1659 2908,1657 2912,1547 2798,1557 2730,1521 2663,1554 2474,1517 2322,1558 2261,1522 2045,1509"/>
                <Baseline points="2060,1596 2101,1604 2142,1611 2184,1616 2225,1621 2267,1624 2308,1627 2349,1630 2391,1632 2432,1633 2474,1634 2515,1634 2556,1635 2598,1635 2639,1636 2681,1636 2722,1638 2763,1639 2805,1641 2846,1643 2888,1646"/>
                <TextEquiv>
                    <Unicode>105 „OBSERVER“</Unicode>
                </TextEquiv>
            </TextLine>
            <TextLine id="r2l12" custom="readingOrder {index:11;}">
                <Coords points="2944,1677 3058,1660 3094,1679 3160,1669 3211,1681 3226,1667 3244,1678 3281,1664 3282,1616 3183,1626 3165,1607 3135,1625 3110,1606 3088,1617 3037,1579 2945,1589"/>
                <Baseline points="2963,1644 2988,1646 3013,1647 3038,1649 3063,1649 3088,1650 3113,1650 3138,1651 3163,1651 3188,1651 3213,1650 3238,1650 3263,1649"/>
                <TextEquiv>
                    <Unicode>Nr. 72</Unicode>
                </TextEquiv>
            </TextLine>
            <TextLine id="r2l13" custom="readingOrder {index:12;}">
                <Coords points="363,1661 3177,1779 3327,1774 3332,1668 367,1570"/>
                <Baseline points="383,1635 529,1633 675,1634 822,1636 968,1639 1115,1644 1261,1650 1408,1657 1554,1665 1701,1673 1847,1681 1993,1689 2140,1697 2286,1705 2433,1712 2579,1718 2726,1724 2872,1727 3019,1730 3165,1731 3312,1729"/>
                <TextEquiv>
                    <Unicode>I. österr. behördl. cone, Bureau für Zeitungsberichte u. Fersonalnschrichten I. österr. behördl. cone. Bureau für Zeitungsberichte u. Personaluachrichten</Unicode>
                </TextEquiv>
            </TextLine>
            <TextLine id="r2l14" custom="readingOrder {index:13;}">
                <Coords points="538,1719 1636,1765 1676,1747 1678,1681 539,1664"/>
                <Baseline points="558,1711 615,1714 673,1717 731,1719 789,1720 847,1722 905,1723 962,1724 1020,1725 1078,1726 1136,1727 1194,1727 1252,1728 1309,1729 1367,1730 1425,1732 1483,1734 1541,1736 1599,1738 1657,1741"/>
                <TextEquiv>
                    <Unicode>Wien, IX, Türkenstrasse 17.</Unicode>
                </TextEquiv>
            </TextLine>
            <TextLine id="r2l15" custom="readingOrder {index:14;}">
                <Coords points="2046,1790 3162,1838 3165,1750 2048,1724"/>
                <Baseline points="2066,1776 2122,1779 2179,1782 2236,1784 2293,1786 2349,1787 2406,1789 2463,1791 2520,1792 2577,1794 2633,1795 2690,1796 2747,1798 2804,1799 2861,1801 2917,1803 2974,1805 3031,1807 3088,1809 3145,1813"/>
                <TextEquiv>
                    <Unicode>Wien. IX. Türkenstrasse 17.</Unicode>
                </TextEquiv>
            </TextLine>
            <TextLine id="r2l16" custom="readingOrder {index:15;}">
                <Coords points="764,1820 944,1805 988,1825 1032,1803 1229,1829 1263,1808 1306,1834 1406,1799 1449,1815 1450,1764 1139,1739 1077,1760 982,1736 930,1761 854,1738 765,1758"/>
                <Baseline points="784,1793 816,1793 848,1794 881,1794 913,1795 946,1796 978,1796 1011,1797 1043,1798 1076,1798 1108,1799 1140,1800 1173,1800 1205,1801 1238,1802 1270,1802 1303,1803 1335,1803 1368,1803 1400,1804 1433,1804"/>
                <TextEquiv>
                    <Unicode> Filiale in Budapest: „Figyelö“ —</Unicode>
                </TextEquiv>
            </TextLine>
            <TextLine id="r2l17" custom="readingOrder {index:16;}">
                <Coords points="2247,1867 2613,1897 2687,1876 2800,1904 2921,1877 2922,1826 2852,1836 2827,1813 2775,1838 2736,1808 2688,1836 2249,1798"/>
                <Baseline points="2264,1862 2297,1862 2331,1863 2364,1864 2398,1864 2432,1865 2465,1866 2499,1867 2533,1868 2566,1868 2600,1869 2633,1870 2667,1871 2701,1871 2734,1872 2768,1872 2802,1873 2835,1873 2869,1874 2903,1874"/>
                <TextEquiv>
                    <Unicode>— Filiale in Budapest: „Figyeló“</Unicode>
                </TextEquiv>
            </TextLine>
            <TextLine id="r2l18" custom="readingOrder {index:17;}">
                <Coords points="366,1868 1728,1913 1824,1900 1826,1827 368,1794"/>
                <Baseline points="384,1851 455,1853 526,1855 597,1857 668,1859 739,1861 810,1863 881,1865 952,1866 1023,1868 1094,1870 1165,1872 1236,1874 1307,1876 1378,1878 1449,1879 1520,1882 1591,1884 1662,1887 1733,1889 1804,1891"/>
                <TextEquiv>
                    <Unicode>Vertretungen in Berlin, Chicago, Genf, Londön, Newyork, Bars, Rom, Stockholn:</Unicode>
                </TextEquiv>
            </TextLine>
            <TextLine id="r2l19" custom="readingOrder {index:18;}">
                <Coords points="2922,1812 2936,1814 2936,1911 2922,1909"/>
                <Baseline points="2922,1875 2936,1877"/>
                <TextEquiv>
                    <Unicode>—</Unicode>
                </TextEquiv>
            </TextLine>
            <TextLine id="r2l20" custom="readingOrder {index:19;}">
                <Coords points="1813,1900 1980,1945 3309,1974 3282,1889 1814,1853"/>
                <Baseline points="1829,1912 1902,1915 1975,1919 2048,1922 2121,1924 2194,1926 2267,1929 2341,1931 2414,1933 2487,1935 2560,1937 2633,1939 2706,1941 2779,1942 2853,1944 2926,1945 2999,1947 3072,1949 3145,1951 3218,1953 3292,1955"/>
                <TextEquiv>
                    <Unicode>Vertretungen in Berli Chicago, Genf, London, Newyork, Paris, Rom, Stockholm.</Unicode>
                </TextEquiv>
            </TextLine>
            <TextLine id="r2l21" custom="readingOrder {index:20;}">
                <Coords points="354,1973 477,2016 522,1991 712,2013 837,1996 869,2012 914,2001 915,1936 831,1923 764,1948 721,1925 622,1941 582,1922 493,1939 354,1929"/>
                <Baseline points="370,1982 396,1982 422,1983 448,1983 474,1984 501,1984 527,1985 553,1985 579,1985 605,1986 632,1986 658,1986 684,1987 710,1987 736,1988 763,1988 789,1989 815,1990 841,1990 867,1991 894,1992"/>
                <TextEquiv>
                    <Unicode>Ausschnitt aus:</Unicode>
                </TextEquiv>
            </TextLine>
            <TextLine id="r2l22" custom="readingOrder {index:21;}">
                <Coords points="1842,2050 1995,2077 2062,2057 2190,2065 2218,2085 2241,2063 2310,2084 2406,2061 2407,2017 2364,2001 2283,2013 2181,1984 2075,1996 1991,1978 1957,2003 1844,1988"/>
                <Baseline points="1862,2046 1888,2045 1914,2045 1940,2045 1966,2045 1993,2046 2019,2046 2045,2047 2071,2048 2097,2049 2124,2050 2150,2051 2176,2052 2202,2054 2228,2055 2255,2056 2281,2057 2307,2058 2333,2058 2359,2059 2386,2059"/>
                <TextEquiv>
                    <Unicode>Ausschnitt aus:</Unicode>
                </TextEquiv>
            </TextLine>
            <TextLine id="r2l23" custom="readingOrder {index:22;}">
                <Coords points="2380,2077 2556,2112 2757,2110 2790,2088 2827,2111 2981,2094 3036,2117 3105,2096 3106,2000 3044,1989 2601,1980 2436,2011 2381,1993"/>
                <Baseline points="2400,2079 2434,2082 2468,2084 2503,2086 2537,2087 2572,2088 2606,2088 2640,2088 2675,2087 2709,2087 2744,2087 2778,2086 2812,2086 2847,2086 2881,2086 2916,2086 2950,2087 2984,2089 3019,2091 3053,2094 3088,2097"/>
                <TextEquiv>
                    <Unicode>Wieng eins Zelung</Unicode>
                </TextEquiv>
            </TextLine>
            <TextLine id="r2l24" custom="readingOrder {index:23;}">
                <Coords points="363,2138 591,2169 670,2153 719,2180 854,2192 1020,2187 1026,2118 757,2087 733,2104 636,2077 553,2107 370,2058"/>
                <Baseline points="382,2125 413,2128 444,2130 475,2133 506,2135 537,2137 568,2140 599,2142 630,2144 661,2146 692,2149 723,2152 754,2155 785,2157 816,2160 847,2163 878,2167 909,2170 940,2173 971,2177 1002,2181"/>
                <TextEquiv>
                    <Unicode>o 46  10%</Unicode>
                </TextEquiv>
            </TextLine>
            <TextLine id="r2l25" custom="readingOrder {index:24;}">
                <Coords points="1846,2187 2052,2225 2125,2190 2188,2235 2318,2215 2388,2258 2489,2236 2494,2163 2448,2148 2259,2171 2196,2129 2072,2116 1992,2147 1972,2123 1851,2117"/>
                <Baseline points="1865,2188 1895,2185 1925,2185 1956,2185 1986,2186 2016,2189 2047,2192 2077,2195 2107,2200 2138,2204 2168,2208 2198,2212 2229,2216 2259,2218 2289,2221 2320,2222 2350,2223 2380,2222 2411,2220 2441,2217 2472,2211"/>
                <TextEquiv>
                    <Unicode>vom 4 0 7600</Unicode>
                </TextEquiv>
            </TextLine>
            <TextLine id="r2l26" custom="readingOrder {index:25;}">
                <Coords points="2110,2430 3183,2444 3183,2374 3033,2362 2110,2371"/>
                <Baseline points="2129,2416 2180,2419 2232,2421 2284,2423 2336,2424 2388,2425 2439,2426 2491,2427 2543,2427 2595,2427 2647,2427 2698,2427 2750,2427 2802,2427 2854,2427 2906,2426 2957,2426 3009,2426 3061,2426 3113,2427 3165,2427"/>
                <TextEquiv>
                    <Unicode>— Gegenüber einer „in privaten Kreisen“ verbreiteten</Unicode>
                </TextEquiv>
            </TextLine>
            <TextLine id="r2l27" custom="readingOrder {index:26;}">
                <Coords points="2007,2491 3135,2480 3186,2465 3186,2414 2007,2425"/>
                <Baseline points="2026,2473 2083,2472 2140,2471 2197,2471 2254,2471 2311,2471 2368,2471 2425,2472 2482,2472 2539,2472 2596,2473 2653,2473 2710,2473 2767,2473 2824,2473 2881,2473 2938,2473 2995,2472 3052,2471 3109,2470 3166,2469"/>
                <TextEquiv>
                    <Unicode>Meinung, welcher zufolge die Ablehnung des Schnitzler¬</Unicode>
                </TextEquiv>
            </TextLine>
            <TextLine id="r2l28" custom="readingOrder {index:27;}">
                <Coords points="2007,2538 3186,2531 3186,2465 2007,2472"/>
                <Baseline points="2024,2515 2081,2515 2138,2516 2195,2516 2252,2516 2309,2517 2366,2517 2423,2517 2480,2517 2537,2517 2595,2517 2652,2517 2709,2517 2766,2517 2823,2516 2880,2516 2937,2516 2994,2516 3051,2516 3108,2516 3166,2516"/>
                <TextEquiv>
                    <Unicode>schen Dramas „Der Schleier der Beatrice" über Anordnung</Unicode>
                </TextEquiv>
            </TextLine>
            <TextLine id="r2l29" custom="readingOrder {index:28;}">
                <Coords points="2004,2578 3180,2570 3180,2526 3114,2515 2004,2523"/>
                <Baseline points="2021,2558 2078,2558 2135,2559 2192,2559 2249,2560 2306,2560 2363,2560 2420,2560 2477,2560 2534,2560 2592,2560 2649,2560 2706,2560 2763,2560 2820,2560 2877,2559 2934,2559 2991,2559 3048,2559 3105,2558 3163,2558"/>
                <TextEquiv>
                    <Unicode>einer der Burgtheater=Direction vorgesetzten Behörde erfolgt</Unicode>
                </TextEquiv>
            </TextLine>
            <TextLine id="r2l30" custom="readingOrder {index:29;}">
                <Coords points="2756,2600 2825,2604 2840,2619 2869,2601 2943,2619 2976,2594 3089,2617 3192,2610 3192,2562 2870,2568 2851,2549 2815,2567 2756,2567"/>
                <Baseline points="2774,2599 2800,2600 2827,2600 2853,2600 2880,2601 2906,2601 2933,2601 2959,2601 2986,2602 3012,2602 3039,2602 3065,2602 3092,2602 3118,2602 3145,2602 3172,2601"/>
                <TextEquiv>
                    <Unicode>daß diese Annahme</Unicode>
                </TextEquiv>
            </TextLine>
            <TextLine id="r2l31" custom="readingOrder {index:30;}">
                <Coords points="2000,2608 2711,2611 2710,2563 2633,2556 2000,2572"/>
                <Baseline points="2018,2604 2051,2604 2085,2604 2118,2604 2152,2604 2186,2603 2219,2603 2253,2603 2287,2603 2320,2602 2354,2602 2388,2601 2421,2601 2455,2601 2489,2601 2522,2600 2556,2600 2590,2600 2623,2600 2657,2601 2691,2601"/>
                <TextEquiv>
                    <Unicode>sei, erklärte heute Director Schlent</Unicode>
                </TextEquiv>
            </TextLine>
            <TextLine id="r2l32" custom="readingOrder {index:31;}">
                <Coords points="2009,2669 3129,2661 3191,2654 3191,2610 2008,2621"/>
                <Baseline points="2025,2646 2082,2646 2139,2646 2197,2646 2254,2647 2311,2647 2369,2647 2426,2647 2483,2647 2541,2647 2598,2647 2655,2646 2713,2646 2770,2646 2827,2646 2885,2646 2942,2646 2999,2646 3057,2646 3114,2646 3172,2646"/>
                <TextEquiv>
                    <Unicode>absolut unrichtig sei, daß er keinen Wink, das Stück nicht</Unicode>
                </TextEquiv>
            </TextLine>
            <TextLine id="r2l33" custom="readingOrder {index:32;}">
                <Coords points="2000,2693 2850,2714 3158,2700 3191,2656 2000,2657"/>
                <Baseline points="2017,2692 2074,2691 2132,2690 2190,2689 2248,2689 2305,2688 2363,2688 2421,2688 2479,2688 2536,2688 2594,2689 2652,2689 2710,2689 2767,2690 2825,2690 2883,2691 2941,2691 2998,2692 3056,2692 3114,2692 3172,2693"/>
                <TextEquiv>
                    <Unicode>aufzuführen, bekommen habe, er vielmehr ganz selbstständig</Unicode>
                </TextEquiv>
            </TextLine>
            <TextLine id="r2l34" custom="readingOrder {index:33;}">
                <Coords points="615,2687 1550,2749 1639,2724 1642,2669 918,2632 869,2656 742,2623 616,2654"/>
                <Baseline points="634,2685 683,2689 732,2693 781,2696 831,2699 880,2702 929,2704 978,2707 1028,2709 1077,2711 1126,2714 1175,2716 1225,2718 1274,2721 1323,2723 1372,2726 1422,2728 1471,2730 1520,2733 1569,2736 1619,2739"/>
                <TextEquiv>
                    <Unicode>Ein Telegrantmickus Wicn metdedllns: Tireethr</Unicode>
                </TextEquiv>
            </TextLine>
            <TextLine id="r2l35" custom="readingOrder {index:34;}">
                <Coords points="2005,2745 2943,2720 3188,2756 3188,2701 3119,2694 2005,2690"/>
                <Baseline points="2025,2734 2082,2734 2139,2734 2196,2734 2254,2734 2311,2734 2368,2733 2426,2733 2483,2733 2540,2732 2598,2732 2655,2732 2712,2732 2769,2732 2827,2732 2884,2733 2941,2733 2999,2734 3056,2735 3113,2736 3171,2738"/>
                <TextEquiv>
                    <Unicode>und nur aus künstlerischen Motiven mit der Ablehnung</Unicode>
                </TextEquiv>
            </TextLine>
            <TextLine id="r2l36" custom="readingOrder {index:35;}">
                <Coords points="552,2737 1046,2772 1095,2741 1569,2797 1620,2789 1623,2738 555,2671"/>
                <Baseline points="571,2724 622,2727 674,2731 725,2735 777,2738 828,2741 880,2743 931,2746 983,2749 1034,2752 1086,2754 1137,2757 1189,2759 1240,2761 1292,2763 1343,2765 1395,2768 1446,2769 1498,2771 1549,2773 1601,2776"/>
                <TextEquiv>
                    <Unicode>Schleuther theilt mit daß die Vermuthung, zr</Unicode>
                </TextEquiv>
            </TextLine>
            <TextLine id="r2l37" custom="readingOrder {index:36;}">
                <Coords points="1999,2769 3189,2790 3189,2746 2947,2721 1999,2736"/>
                <Baseline points="2018,2779 2075,2779 2133,2779 2191,2778 2248,2778 2306,2778 2364,2777 2421,2777 2479,2777 2537,2776 2595,2776 2652,2775 2710,2775 2768,2775 2825,2775 2883,2775 2941,2775 2998,2775 3056,2775 3114,2776 3172,2777"/>
                <TextEquiv>
                    <Unicode>vorgegangen sei, für welche Handlung er die volle Verant¬</Unicode>
                </TextEquiv>
            </TextLine>
            <TextLine id="r2l38" custom="readingOrder {index:37;}">
                <Coords points="575,2777 1512,2802 1627,2848 1631,2778 577,2729"/>
                <Baseline points="594,2770 644,2772 695,2774 746,2777 797,2779 848,2781 899,2784 950,2786 1001,2789 1052,2791 1103,2794 1153,2796 1204,2799 1255,2801 1306,2804 1357,2806 1408,2808 1459,2810 1510,2812 1561,2814 1612,2815"/>
                <TextEquiv>
                    <Unicode>habe bei Ablehnung des „Schleiers der Beatrice" von</Unicode>
                </TextEquiv>
            </TextLine>
            <TextLine id="r2l39" custom="readingOrder {index:38;}">
                <Coords points="1993,2817 3194,2845 3165,2775 1993,2770"/>
                <Baseline points="2013,2825 2071,2824 2129,2823 2187,2822 2245,2822 2304,2821 2362,2821 2420,2820 2478,2820 2536,2820 2595,2820 2653,2820 2711,2820 2769,2820 2827,2820 2886,2820 2944,2821 3002,2821 3060,2822 3118,2822 3177,2823"/>
                <TextEquiv>
                    <Unicode>wortung übernehme. — In seiner, in den heutigen</Unicode>
                </TextEquiv>
            </TextLine>
            <TextLine id="r2l40" custom="readingOrder {index:39;}">
                <Coords points="567,2812 1613,2869 1615,2825 1510,2802 569,2775"/>
                <Baseline points="587,2810 637,2812 688,2814 738,2817 789,2819 839,2822 890,2824 940,2827 991,2829 1041,2831 1092,2834 1142,2836 1193,2838 1243,2841 1294,2843 1344,2845 1395,2846 1445,2849 1496,2850 1546,2852 1597,2854"/>
                <TextEquiv>
                    <Unicode>Schnitzler einem höheren Zwange gehorcht, den That¬</Unicode>
                </TextEquiv>
            </TextLine>
            <TextLine id="r2l41" custom="readingOrder {index:40;}">
                <Coords points="1997,2855 3191,2881 3191,2811 1997,2822"/>
                <Baseline points="2015,2870 2072,2868 2130,2866 2188,2864 2246,2863 2304,2862 2362,2862 2419,2861 2477,2861 2535,2861 2593,2862 2651,2862 2709,2862 2767,2863 2824,2863 2882,2863 2940,2863 2998,2863 3056,2863 3114,2862 3172,2861"/>
                <TextEquiv>
                    <Unicode>Morgenblättern veröffentlichten Ent¬</Unicode>
                </TextEquiv>
            </TextLine>
            <TextLine id="r2l42" custom="readingOrder {index:41;}">
                <Coords points="562,2853 1575,2908 1614,2859 565,2794"/>
                <Baseline points="580,2847 630,2850 681,2854 731,2857 782,2859 833,2863 883,2866 934,2868 984,2871 1035,2874 1086,2876 1136,2879 1187,2881 1237,2883 1288,2887 1339,2888 1389,2891 1440,2893 1490,2895 1541,2897 1592,2899"/>
                <TextEquiv>
                    <Unicode>sachen nicht entspreche. Die Entscheidung sei aus</Unicode>
                </TextEquiv>
            </TextLine>
            <TextLine id="r2l43" custom="readingOrder {index:42;}">
                <Coords points="1996,2920 3194,2921 3150,2863 1996,2854"/>
                <Baseline points="2014,2912 2072,2911 2130,2910 2188,2909 2246,2908 2304,2908 2362,2907 2420,2907 2478,2906 2536,2906 2594,2906 2652,2906 2710,2906 2768,2906 2826,2906 2884,2905 2942,2905 3000,2905 3058,2905 3116,2905 3174,2905"/>
                <TextEquiv>
                    <Unicode>gegnung erklärte Herr Director Schlenther</Unicode>
                </TextEquiv>
            </TextLine>
            <TextLine id="r2l44" custom="readingOrder {index:43;}">
                <Coords points="559,2898 1623,2959 1626,2882 562,2839"/>
                <Baseline points="578,2889 629,2892 680,2895 731,2898 783,2901 834,2904 885,2907 937,2910 988,2912 1039,2916 1091,2918 1142,2921 1193,2923 1244,2925 1296,2927 1347,2929 1398,2931 1450,2933 1501,2934 1552,2935 1604,2936"/>
                <TextEquiv>
                    <Unicode>schließlich von künstlerischen Rücksichten dictirk</Unicode>
                </TextEquiv>
            </TextLine>
            <TextLine id="r2l45" custom="readingOrder {index:44;}">
                <Coords points="381,2956 429,2952 436,2945 447,2952 458,2949 462,2953 480,2942 502,2942 502,2868 469,2865 451,2879 425,2876 403,2887 381,2883"/>
                <Baseline points="400,2933 427,2931 454,2931 482,2933"/>
                <TextEquiv>
                    <Unicode>Für</Unicode>
                </TextEquiv>
            </TextLine>
            <TextLine id="r2l46" custom="readingOrder {index:45;}">
                <Coords points="491,2938 553,2941 574,2961 619,2941 655,2958 685,2948 717,2961 729,2950 754,2952 757,2890 728,2884 698,2908 665,2899 592,2903 560,2886 533,2896 493,2890"/>
                <Baseline points="510,2931 535,2930 560,2930 586,2931 611,2932 636,2934 662,2936 687,2938 712,2939 738,2941"/>
                <TextEquiv>
                    <Unicode>50 worden.</Unicode>
                </TextEquiv>
            </TextLine>
            <TextLine id="r2l47" custom="readingOrder {index:46;}">
                <Coords points="2001,2952 3195,2953 3144,2910 2001,2908"/>
                <Baseline points="2018,2952 2076,2952 2134,2952 2192,2952 2250,2951 2308,2951 2366,2951 2424,2951 2482,2950 2540,2950 2598,2950 2656,2950 2714,2949 2772,2949 2830,2949 2888,2949 2946,2950 3004,2950 3062,2950 3120,2951 3178,2952"/>
                <TextEquiv>
                    <Unicode>keineswegs, daß das Schnitzler'sche Stück aus</Unicode>
                </TextEquiv>
            </TextLine>
            <TextLine id="r2l48" custom="readingOrder {index:47;}">
                <Coords points="460,2973 489,2972 497,2979 519,2978 523,2982 578,2983 576,2932 550,2937 539,2933 535,2937 524,2927 510,2931 502,2924 495,2931 491,2928 488,2932 458,2933"/>
                <Baseline points="480,2974 506,2972 532,2971 559,2971"/>
                <TextEquiv>
                    <Unicode>100</Unicode>
                </TextEquiv>
            </TextLine>
            <TextLine id="r2l49" custom="readingOrder {index:48;}">
                <Coords points="1511,3026 1540,3024 1579,2989 1633,2983 1726,2993 1750,2973 1780,2975 1776,2913 1674,2922 1655,2908 1617,2943 1573,2953 1507,2949"/>
                <Baseline points="1528,2997 1554,2988 1580,2981 1606,2978 1632,2976 1658,2976 1684,2977 1710,2978 1736,2978 1762,2978"/>
                <TextEquiv>
                    <Unicode>helusive</Unicode>
                </TextEquiv>
            </TextLine>
            <TextLine id="r2l50" custom="readingOrder {index:49;}">
                <Coords points="1863,3019 1892,3023 1914,3004 1925,3012 1929,3008 1973,3012 1973,2935 1954,2935 1947,2942 1932,2938 1925,2946 1918,2946 1885,2927 1863,2927"/>
                <Baseline points="1880,2995 1905,2993 1930,2993 1956,2995"/>
                <TextEquiv>
                    <Unicode>Für</Unicode>
                </TextEquiv>
            </TextLine>
            <TextLine id="r2l51" custom="readingOrder {index:50;}">
                <Coords points="1393,2992 1412,2991 1423,3002 1441,3001 1445,3005 1448,3001 1485,3000 1483,2945 1468,2945 1461,2949 1450,2946 1443,2954 1432,2950 1418,2955 1410,2951 1392,2952"/>
                <Baseline points="1410,2996 1439,2994 1468,2994"/>
                <TextEquiv>
                    <Unicode>28-</Unicode>
                </TextEquiv>
            </TextLine>
            <TextLine id="r2l52" custom="readingOrder {index:51;}">
                <Coords points="1959,2998 3186,3003 3160,2955 2871,2942 1959,2950"/>
                <Baseline points="1977,2998 2036,2998 2096,2997 2155,2997 2215,2996 2274,2996 2334,2996 2393,2996 2453,2996 2512,2995 2572,2995 2632,2995 2691,2995 2751,2995 2810,2995 2870,2994 2929,2994 2989,2993 3048,2992 3108,2992 3168,2991"/>
                <TextEquiv>
                    <Unicode>50künstlerischen Motiven abgelehnt wurde,</Unicode>
                </TextEquiv>
            </TextLine>
            <TextLine id="r2l53" custom="readingOrder {index:52;}">
                <Coords points="1568,3012 1600,3013 1626,3029 1633,3022 1681,3023 1688,3031 1710,3028 1717,3021 1743,3022 1745,2978 1723,2977 1704,2987 1686,2987 1664,2975 1645,2989 1613,2980 1569,2982"/>
                <Baseline points="1584,3015 1612,3015 1640,3016 1669,3017 1697,3019 1726,3019"/>
                <TextEquiv>
                    <Unicode>Porto.</Unicode>
                </TextEquiv>
            </TextLine>
            <TextLine id="r2l54" custom="readingOrder {index:53;}">
                <Coords points="1383,3033 1420,3034 1432,3041 1457,3039 1469,3045 1486,3037 1498,3043 1531,3041 1528,2997 1502,3002 1483,2996 1469,3005 1447,3003 1435,2993 1421,3001 1410,3002 1403,2995 1381,3000"/>
                <Baseline points="1403,3035 1430,3034 1457,3032 1484,3030 1511,3027"/>
                <TextEquiv>
                    <Unicode>50.—</Unicode>
                </TextEquiv>
            </TextLine>
            <TextLine id="r2l55" custom="readingOrder {index:54;}">
                <Coords points="1949,3042 3249,3054 3249,2992 1949,2994"/>
                <Baseline points="1968,3039 2031,3040 2094,3041 2157,3041 2220,3041 2284,3041 2347,3041 2410,3040 2473,3040 2536,3039 2600,3039 2663,3039 2726,3038 2789,3038 2852,3039 2916,3039 2979,3040 3042,3041 3105,3042 3168,3044 3232,3046"/>
                <TextEquiv>
                    <Unicode>100sondern vielmehr deshalb, weil ihn der ive</Unicode>
                </TextEquiv>
            </TextLine>
            <TextLine id="r2l56" custom="readingOrder {index:55;}">
                <Coords points="458,3055 554,3058 565,3050 587,3050 585,2882 560,2882 527,2897 519,2890 490,2890 479,2879 457,2879"/>
                <Baseline points="476,3051 506,3052 537,3051 568,3051"/>
                <TextEquiv>
                    <Unicode>150</Unicode>
                </TextEquiv>
            </TextLine>
            <TextLine id="r2l57" custom="readingOrder {index:56;}">
                <Coords points="1556,3054 1582,3055 1603,3067 1633,3060 1669,3069 1684,3062 1720,3068 1739,3054 1757,3054 1759,3021 1719,3020 1685,3030 1678,3022 1663,3025 1616,3008 1558,3010"/>
                <Baseline points="1576,3051 1603,3052 1630,3052 1657,3054 1684,3054 1711,3056 1739,3058"/>
                <TextEquiv>
                    <Unicode>Zahlbar</Unicode>
                </TextEquiv>
            </TextLine>
            <TextLine id="r2l58" custom="readingOrder {index:57;}">
                <Coords points="1362,3073 1388,3077 1395,3070 1402,3078 1505,3082 1519,3094 1545,3095 1548,3026 1529,3025 1499,3046 1444,3039 1430,3024 1408,3031 1365,3021"/>
                <Baseline points="1381,3073 1410,3071 1439,3073 1468,3075 1497,3077 1526,3076"/>
                <TextEquiv>
                    <Unicode>110.—</Unicode>
                </TextEquiv>
            </TextLine>
            <TextLine id="r2l59" custom="readingOrder {index:58;}">
                <Coords points="1941,3078 3231,3091 3069,3040 1941,3045"/>
                <Baseline points="1961,3080 2023,3083 2086,3085 2148,3086 2211,3087 2273,3087 2336,3087 2398,3086 2461,3086 2523,3085 2586,3084 2649,3083 2711,3082 2774,3081 2836,3081 2899,3081 2961,3081 3024,3083 3086,3084 3149,3087 3212,3091"/>
                <TextEquiv>
                    <Unicode>200 Autor „vor eine unerfüllbare Bedingung).</Unicode>
                </TextEquiv>
            </TextLine>
            <TextLine id="r2l60" custom="readingOrder {index:59;}">
                <Coords points="404,3118 426,3117 437,3124 462,3101 470,3108 477,3100 518,3113 587,3110 585,3052 541,3050 490,3059 456,3028 430,3029 419,3040 401,3041"/>
                <Baseline points="420,3098 449,3095 479,3092 508,3092 538,3091 568,3092"/>
                <TextEquiv>
                    <Unicode>„ 1000</Unicode>
                </TextEquiv>
            </TextLine>
            <TextLine id="r2l61" custom="readingOrder {index:60;}">
                <Coords points="1367,3114 1459,3120 1482,3137 1541,3137 1583,3109 1690,3126 1755,3100 1781,3106 1777,3033 1724,3058 1599,3068 1569,3051 1526,3076 1365,3077"/>
                <Baseline points="1385,3111 1410,3112 1435,3111 1460,3111 1486,3109 1511,3107 1536,3105 1561,3103 1587,3101 1612,3099 1637,3098 1662,3096 1688,3096 1713,3095 1738,3096 1764,3098"/>
                <TextEquiv>
                    <Unicode>200.—] im Voraus.</Unicode>
                </TextEquiv>
            </TextLine>
            <TextLine id="r2l62" custom="readingOrder {index:61;}">
                <Coords points="1934,3106 2161,3143 3237,3132 3237,3080 1934,3077"/>
                <Baseline points="1953,3118 2016,3121 2079,3124 2142,3125 2206,3127 2269,3128 2332,3129 2396,3129 2459,3129 2522,3129 2586,3128 2649,3127 2712,3127 2775,3126 2839,3125 2902,3125 2965,3124 3029,3124 3092,3124 3155,3125 3219,3126"/>
                <TextEquiv>
                    <Unicode>500 stellte“. Unserer Ansicht nach widersprechen diese ar</Unicode>
                </TextEquiv>
            </TextLine>
            <TextLine id="r2l63" custom="readingOrder {index:62;}">
                <Coords points="467,3155 1711,3189 1792,3179 1793,3106 1463,3137 467,3104"/>
                <Baseline points="485,3148 549,3151 614,3153 678,3156 743,3158 807,3160 872,3161 936,3162 1001,3164 1065,3165 1130,3166 1194,3167 1259,3167 1323,3168 1388,3169 1452,3170 1517,3171 1581,3171 1646,3172 1710,3174 1775,3175"/>
                <TextEquiv>
                    <Unicode>Im Gegensatze zu anderen Bureaux für Zeitungsausschnitte ist da</Unicode>
                </TextEquiv>
            </TextLine>
            <TextLine id="r2l64" custom="readingOrder {index:63;}">
                <Coords points="1905,3175 3256,3187 3227,3121 2161,3137 1905,3095"/>
                <Baseline points="1924,3154 1989,3160 2055,3163 2120,3167 2186,3170 2252,3171 2317,3173 2383,3174 2449,3174 2514,3174 2580,3174 2646,3174 2711,3173 2777,3172 2843,3172 2908,3171 2974,3171 3040,3170 3105,3170 3171,3171 3237,3171"/>
                <TextEquiv>
                    <Unicode>„ 1000 beiden Aeuß rungen einander. Der Widersprüch ist offenbar ius.</Unicode>
                </TextEquiv>
            </TextLine>
            <TextLine id="r2l65" custom="readingOrder {index:64;}">
                <Coords points="336,3202 1804,3247 1806,3181 338,3133"/>
                <Baseline points="356,3186 427,3187 499,3188 570,3190 642,3191 714,3193 785,3194 857,3196 928,3198 1000,3200 1072,3201 1143,3204 1215,3205 1286,3207 1358,3208 1430,3210 1501,3212 1573,3213 1644,3215 1716,3216 1788,3217"/>
                <TextEquiv>
                    <Unicode>Abonnement durch keine bestimmte Zeitdauer begrenzt: — auch steht es dei</Unicode>
                </TextEquiv>
            </TextLine>
            <TextLine id="r2l66" custom="readingOrder {index:65;}">
                <Coords points="1942,3209 3279,3255 3279,3193 3162,3170 1943,3165"/>
                <Baseline points="1960,3209 2025,3212 2090,3215 2155,3217 2220,3218 2285,3218 2350,3218 2415,3217 2480,3216 2545,3214 2611,3213 2676,3212 2741,3212 2806,3211 2871,3212 2936,3213 3001,3216 3066,3220 3131,3225 3196,3231 3262,3239"/>
                <TextEquiv>
                    <Unicode>lm auf ein neuerliches Schwanken in der Meinung d#s</Unicode>
                </TextEquiv>
            </TextLine>
            <TextLine id="r2l67" custom="readingOrder {index:66;}">
                <Coords points="338,3239 1645,3275 1647,3216 1596,3212 340,3187"/>
                <Baseline points="356,3224 419,3226 483,3227 546,3229 610,3231 674,3233 737,3235 801,3236 865,3238 928,3239 992,3241 1056,3242 1119,3244 1183,3245 1247,3246 1310,3247 1374,3248 1438,3249 1501,3250 1565,3251 1629,3252"/>
                <TextEquiv>
                    <Unicode>Abonnenten frei die aufgegebenen Themen zu ergänzen oder zu ändern.</Unicode>
                </TextEquiv>
            </TextLine>
            <TextLine id="r2l68" custom="readingOrder {index:67;}">
                <Coords points="1822,3245 3282,3301 3283,3253 3083,3226 1823,3201"/>
                <Baseline points="1840,3247 1911,3249 1982,3251 2053,3253 2124,3255 2195,3257 2266,3259 2338,3261 2409,3263 2480,3264 2551,3266 2622,3268 2693,3270 2764,3272 2836,3274 2907,3275 2978,3277 3049,3279 3120,3280 3191,3282 3263,3283"/>
                <TextEquiv>
                    <Unicode>Abonnemeides Herrn Directors zurückzuführen. ##enet: — auen sgmes den</Unicode>
                </TextEquiv>
            </TextLine>
            <TextLine id="r2l69" custom="readingOrder {index:68;}">
                <Coords points="1828,3314 3142,3352 3144,3282 1830,3252"/>
                <Baseline points="1848,3285 1911,3288 1975,3290 2039,3293 2103,3296 2166,3298 2230,3300 2294,3303 2358,3304 2421,3306 2485,3308 2549,3310 2613,3312 2676,3313 2740,3315 2804,3316 2868,3318 2931,3319 2995,3320 3059,3321 3123,3322"/>
                <TextEquiv>
                    <Unicode>Abonnenten irei die aufgegebenen Themen zu ergänzen oder zu ändern.</Unicode>
                </TextEquiv>
            </TextLine>
            <TextLine id="r2l70" custom="readingOrder {index:69;}">
                <Coords points="462,3315 1761,3358 1788,3296 594,3281 463,3245"/>
                <Baseline points="481,3312 545,3315 609,3317 674,3320 738,3322 803,3324 867,3326 932,3328 996,3330 1061,3331 1125,3333 1189,3334 1254,3335 1318,3336 1383,3337 1447,3338 1512,3339 1576,3340 1641,3340 1705,3341 1770,3341"/>
                <TextEquiv>
                    <Unicode>Der „OBSERVER“ veranstaltet täglich einen Auszug enthaltend die</Unicode>
                </TextEquiv>
            </TextLine>
            <TextLine id="r2l71" custom="readingOrder {index:70;}">
                <Coords points="339,3360 1793,3388 1794,3337 1736,3332 341,3290"/>
                <Baseline points="357,3352 431,3354 506,3355 581,3357 655,3358 730,3361 805,3362 879,3364 954,3366 1029,3368 1103,3370 1178,3372 1253,3374 1327,3375 1402,3377 1477,3378 1551,3379 1626,3380 1701,3380 1776,3381"/>
                <TextEquiv>
                    <Unicode>Inhaltsangabe aller wichtigen Mittheilungen der Wiener Morgen</Unicode>
                </TextEquiv>
            </TextLine>
            <TextLine id="r2l72" custom="readingOrder {index:71;}">
                <Coords points="1933,3378 3287,3432 3289,3345 1934,3320"/>
                <Baseline points="1950,3375 2015,3378 2081,3382 2147,3385 2213,3387 2279,3390 2345,3392 2411,3395 2477,3397 2543,3398 2609,3400 2674,3401 2740,3403 2806,3404 2872,3405 2938,3407 3004,3408 3070,3409 3136,3410 3202,3411 3268,3411"/>
                <TextEquiv>
                    <Unicode>Der „OBSERVER“ veranstaltet täglich einen Auszug enthaltend die</Unicode>
                </TextEquiv>
            </TextLine>
            <TextLine id="r2l73" custom="readingOrder {index:72;}">
                <Coords points="345,3400 1725,3437 1781,3379 346,3356"/>
                <Baseline points="362,3387 432,3390 502,3392 572,3394 642,3397 712,3399 782,3401 852,3403 922,3405 992,3407 1062,3409 1132,3410 1202,3411 1272,3413 1342,3414 1412,3414 1482,3415 1552,3416 1622,3416 1692,3416 1763,3416"/>
                <TextEquiv>
                    <Unicode>blätter (Tagesjournale ausser „Neue Freie Presse“ und „Wiener Zeitung“</Unicode>
                </TextEquiv>
            </TextLine>
            <TextLine id="r2l74" custom="readingOrder {index:73;}">
                <Coords points="1822,3417 3169,3462 3268,3450 3269,3413 1823,3373"/>
                <Baseline points="1842,3412 1912,3415 1982,3417 2053,3420 2123,3423 2194,3425 2264,3428 2335,3431 2405,3433 2476,3435 2546,3437 2616,3439 2687,3441 2757,3442 2828,3444 2898,3445 2969,3446 3039,3448 3110,3449 3180,3449 3251,3450"/>
                <TextEquiv>
                    <Unicode>Inhaltsangabe aller wichtigen Mittheilungen der Wiener Morgen¬</Unicode>
                </TextEquiv>
            </TextLine>
            <TextLine id="r2l75" custom="readingOrder {index:74;}">
                <Coords points="346,3437 1789,3477 1790,3419 1732,3410 347,3386"/>
                <Baseline points="365,3426 435,3429 505,3432 575,3435 645,3438 716,3439 786,3441 856,3443 926,3445 996,3446 1067,3448 1137,3449 1207,3450 1277,3452 1347,3452 1418,3454 1488,3455 1558,3457 1628,3458 1698,3460 1769,3461"/>
                <TextEquiv>
                    <Unicode>wodurch eine Uebersicht über das gesammte politische und wirthschaftliche Leber</Unicode>
                </TextEquiv>
            </TextLine>
            <TextLine id="r2l76" custom="readingOrder {index:75;}">
                <Coords points="1834,3462 3199,3505 3276,3503 3278,3437 1835,3415"/>
                <Baseline points="1851,3450 1921,3453 1991,3456 2062,3459 2132,3461 2203,3464 2273,3467 2343,3470 2414,3472 2484,3475 2555,3477 2625,3479 2695,3481 2766,3483 2836,3484 2907,3485 2977,3485 3047,3485 3118,3484 3188,3484 3259,3482"/>
                <TextEquiv>
                    <Unicode>blätter (Tagesjournale ausser „Neue Freie Presse“ und „Wiener Zeitung“)</Unicode>
                </TextEquiv>
            </TextLine>
            <TextLine id="r2l77" custom="readingOrder {index:76;}">
                <Coords points="335,3481 1708,3527 1789,3510 1790,3466 336,3423"/>
                <Baseline points="352,3466 423,3469 494,3471 565,3474 636,3475 707,3477 778,3479 849,3481 920,3483 991,3484 1062,3485 1133,3487 1204,3488 1275,3490 1346,3491 1417,3493 1488,3495 1559,3497 1630,3500 1701,3503 1772,3505"/>
                <TextEquiv>
                    <Unicode>des In- und Auslandes in drastischer Kürze geboten wird. Diese Mittheilunge</Unicode>
                </TextEquiv>
            </TextLine>
            <TextLine id="r2l78" custom="readingOrder {index:77;}">
                <Coords points="1834,3496 3272,3550 3274,3469 1835,3452"/>
                <Baseline points="1854,3489 1927,3493 2001,3497 2074,3500 2148,3502 2222,3505 2295,3508 2369,3510 2443,3513 2516,3514 2590,3516 2663,3518 2737,3519 2811,3521 2884,3521 2958,3522 3032,3523 3105,3524 3179,3524 3253,3524"/>
                <TextEquiv>
                    <Unicode>wodurch eine Ueversicht über das gesammte politische und wirthschaftliche Leben</Unicode>
                </TextEquiv>
            </TextLine>
            <TextLine id="r2l79" custom="readingOrder {index:78;}">
                <Coords points="347,3531 1175,3537 1176,3493 1096,3487 349,3476"/>
                <Baseline points="366,3505 405,3507 445,3508 484,3509 524,3510 564,3511 603,3513 643,3514 682,3516 722,3517 762,3518 801,3520 841,3521 880,3522 920,3523 960,3524 999,3525 1039,3525 1078,3526 1118,3527 1158,3527"/>
                <TextEquiv>
                    <Unicode>werden in Wien um 9 Uhr Früh verschickt.</Unicode>
                </TextEquiv>
            </TextLine>
            <TextLine id="r2l80" custom="readingOrder {index:79;}">
                <Coords points="1824,3528 3233,3591 3275,3522 1825,3484"/>
                <Baseline points="1841,3528 1911,3531 1982,3534 2053,3537 2124,3540 2194,3542 2265,3544 2336,3547 2407,3549 2477,3551 2548,3553 2619,3554 2690,3556 2760,3557 2831,3559 2902,3560 2973,3561 3043,3563 3114,3564 3185,3565 3256,3566"/>
                <TextEquiv>
                    <Unicode>des In- und Auslandes in drastischer Kürze geboten wird. Diese Mittheilungen</Unicode>
                </TextEquiv>
            </TextLine>
            <TextLine id="r2l81" custom="readingOrder {index:80;}">
                <Coords points="1828,3594 2286,3590 2351,3611 2645,3591 2646,3554 1830,3528"/>
                <Baseline points="1846,3568 1885,3570 1924,3571 1963,3573 2002,3575 2041,3577 2080,3578 2119,3579 2158,3581 2197,3582 2236,3583 2275,3585 2314,3586 2353,3587 2392,3588 2431,3589 2470,3590 2509,3591 2548,3591 2587,3592 2627,3592"/>
                <TextEquiv>
                    <Unicode>werden in Wien um 9 Uhr Früh verschickt.</Unicode>
                </TextEquiv>
            </TextLine>
            <TextLine id="r2l82" custom="readingOrder {index:81;}">
                <Coords points="637,3624 1497,3650 1499,3573 1360,3549 1139,3585 858,3547 638,3558"/>
                <Baseline points="654,3601 695,3605 736,3607 777,3610 818,3612 860,3613 901,3615 942,3617 983,3618 1024,3619 1066,3619 1107,3620 1148,3620 1189,3620 1230,3620 1272,3620 1313,3620 1354,3620 1395,3620 1436,3619 1478,3619"/>
                <TextEquiv>
                    <Unicode>Prospecte gratis und franco.</Unicode>
                </TextEquiv>
            </TextLine>
            <TextLine id="r2l83" custom="readingOrder {index:82;}">
                <Coords points="2106,3696 2370,3682 2589,3716 2692,3688 2959,3719 2961,3628 2895,3612 2543,3642 2108,3611"/>
                <Baseline points="2126,3664 2166,3667 2207,3669 2248,3672 2289,3674 2330,3676 2371,3678 2411,3679 2452,3681 2493,3682 2534,3682 2575,3683 2616,3683 2657,3684 2697,3684 2738,3683 2779,3683 2820,3683 2861,3682 2902,3681 2943,3680"/>
                <TextEquiv>
                    <Unicode>Prospecte gratis und franco</Unicode>
                </TextEquiv>
            </TextLine>
            <TextEquiv>
                <Unicode>box 20/1
14. Der Schleier der Beatrice
Telefon 12801.
Telefon 12801.
Alex. Weigl’s Unternehmen für Zeitungs-Ausschnitte
Ausschaltt
Alex. Weigi's Unternehmen für Zeitungs-Ausschnitte
Ausschnitt
„OBSERVEK Nr. 17
4
105 „OBSERVER“
Nr. 72
I. österr. behördl. cone, Bureau für Zeitungsberichte u. Fersonalnschrichten I. österr. behördl. cone. Bureau für Zeitungsberichte u. Personaluachrichten
Wien, IX, Türkenstrasse 17.
Wien. IX. Türkenstrasse 17.
 Filiale in Budapest: „Figyelö“ —
— Filiale in Budapest: „Figyeló“
Vertretungen in Berlin, Chicago, Genf, Londön, Newyork, Bars, Rom, Stockholn:
—
Vertretungen in Berli Chicago, Genf, London, Newyork, Paris, Rom, Stockholm.
Ausschnitt aus:
Ausschnitt aus:
Wieng eins Zelung
o 46  10%
vom 4 0 7600
— Gegenüber einer „in privaten Kreisen“ verbreiteten
Meinung, welcher zufolge die Ablehnung des Schnitzler¬
schen Dramas „Der Schleier der Beatrice" über Anordnung
einer der Burgtheater=Direction vorgesetzten Behörde erfolgt
daß diese Annahme
sei, erklärte heute Director Schlent
absolut unrichtig sei, daß er keinen Wink, das Stück nicht
aufzuführen, bekommen habe, er vielmehr ganz selbstständig
Ein Telegrantmickus Wicn metdedllns: Tireethr
und nur aus künstlerischen Motiven mit der Ablehnung
Schleuther theilt mit daß die Vermuthung, zr
vorgegangen sei, für welche Handlung er die volle Verant¬
habe bei Ablehnung des „Schleiers der Beatrice" von
wortung übernehme. — In seiner, in den heutigen
Schnitzler einem höheren Zwange gehorcht, den That¬
Morgenblättern veröffentlichten Ent¬
sachen nicht entspreche. Die Entscheidung sei aus
gegnung erklärte Herr Director Schlenther
schließlich von künstlerischen Rücksichten dictirk
Für
50 worden.
keineswegs, daß das Schnitzler'sche Stück aus
100
helusive
Für
28-
50künstlerischen Motiven abgelehnt wurde,
Porto.
50.—
100sondern vielmehr deshalb, weil ihn der ive
150
Zahlbar
110.—
200 Autor „vor eine unerfüllbare Bedingung).
„ 1000
200.—] im Voraus.
500 stellte“. Unserer Ansicht nach widersprechen diese ar
Im Gegensatze zu anderen Bureaux für Zeitungsausschnitte ist da
„ 1000 beiden Aeuß rungen einander. Der Widersprüch ist offenbar ius.
Abonnement durch keine bestimmte Zeitdauer begrenzt: — auch steht es dei
lm auf ein neuerliches Schwanken in der Meinung d#s
Abonnenten frei die aufgegebenen Themen zu ergänzen oder zu ändern.
Abonnemeides Herrn Directors zurückzuführen. ##enet: — auen sgmes den
Abonnenten irei die aufgegebenen Themen zu ergänzen oder zu ändern.
Der „OBSERVER“ veranstaltet täglich einen Auszug enthaltend die
Inhaltsangabe aller wichtigen Mittheilungen der Wiener Morgen
Der „OBSERVER“ veranstaltet täglich einen Auszug enthaltend die
blätter (Tagesjournale ausser „Neue Freie Presse“ und „Wiener Zeitung“
Inhaltsangabe aller wichtigen Mittheilungen der Wiener Morgen¬
wodurch eine Uebersicht über das gesammte politische und wirthschaftliche Leber
blätter (Tagesjournale ausser „Neue Freie Presse“ und „Wiener Zeitung“)
des In- und Auslandes in drastischer Kürze geboten wird. Diese Mittheilunge
wodurch eine Ueversicht über das gesammte politische und wirthschaftliche Leben
werden in Wien um 9 Uhr Früh verschickt.
des In- und Auslandes in drastischer Kürze geboten wird. Diese Mittheilungen
werden in Wien um 9 Uhr Früh verschickt.
Prospecte gratis und franco.
Prospecte gratis und franco</Unicode>
            </TextEquiv>
        </TextRegion>
    </Page>
</PcGts>
