3484 4256
1977 158 2432 264 box 20/4
314 159 1824 268 14. Der Schleien der Beatrice
2936 1690 3371 1767 ihm zurückkeyrt, so i
184 1652 2932 1753 nden. Der Grund jetzt packt sie das Grausen vor dem Tode. Jetl wuthen Aber die Handlungen des Herzogs in dem Drama
189 1709 597 1784 sreichend. Anatol¬
2930 1737 3386 1809 jetzt, weil sie verschwi
624 1730 1779 1819 sie gegen Filippe und nennt ihn einen Mörder. Jetzt will
1781 1749 2950 1837 assen wenig zu den Worten, die ihn beschreiben. Stark
190 1765 615 1833 ungen. Man tödtet
2936 1785 3389 1856 besitzen will. Der ##
598 1780 1786 1868 sie leben — leben! „So geh' fort von hier und lebe!“
1772 1819 2947 1886 ind hart sollte er sein; in Wirklichkeit ist er schwach und
244 1815 608 1889 man Angst hat,
2945 1835 3384 1906 weggesetzt hat, um ei
591 1824 1776 1913 sagt Filippo kalt. „In dim Becher war kein Gift. Ich
226 1855 593 1925 selbst wenn die
1776 1853 2937 1930 eich. Und auch er, mag er sich noch so sehr für einen
584 1871 1779 1964 habe dich nur prüfen wollen.“ Er selbst aber nimmt jetzt
2930 1886 3372 1958 darf sich nicht einen
1762 1894 2947 1976 Bezwinger des Lebens ausgeben, ist Anatol, der von jeder
226 1902 596 1978 Wirklichkeit würde
2937 1922 3391 1990 den Verdacht der Un
595 1920 1769 2010 Gift und bricht todt zusammen. Beatrice beugt sich über
199 1956 347 2028 loch bes
352 1959 587 2027 er, lebendig
1771 1959 2359 2032 Stimmung bezwungen wird.
589 1955 1776 2041 den Leiche.m. „Erwache! Die Sonne geht auf! Wir
2943 1972 3372 2050 Herzog schlecht an,
229 2003 341 2056 die
366 1990 584 2080 nan eifer¬
1853 1976 2946 2069 Die Nacht vor dem Morgen, an dem er hinausziehen
588 2011 1780 2098 wollen fliehen — fliehen und leben!“ Und da er starr und
2945 2018 3380 2091 eines Augenblicks en
224 2048 359 2116 ersüchti
1770 2044 2952 2131 vird zum Entscheidungskampfe gegen Cesare Borgta, zu
594 2060 1759 2165 todt bleibt stürzt sie aus dem Gemach mit dem Rufe:
1766 2070 3389 2165 einem Kampf um Tod und Leben, will der Herzog in haben wird, als Ehe
586 2103 811 2180 „Leben!“
392 2086 586 2170 ist, was
2939 2120 3387 2192 nicht der Herzog, der
1767 2144 2944 2222 Freuden verbringen. Und da er auf seinem Gange durch
343 2133 600 2216 Stückes und
674 2154 1765 2242 Eine schöne Scenc, eine starke Scene! Wenn man nur
2949 2166 3368 2224 Leben aus tausend
1764 2183 2949 2269 die Stadt der schönen Beatrice begegnit (diese erste Seene
304 2197 590 2269 ellsten Lichte.
2943 2198 3390 2283 Anatol ist es, der d#
581 2179 1766 2296 wüßte, warum Filippo sich vergiftet! Denn seine Neigung
1772 2233 2960 2321 zwischen dem Herzog und Beatrice ist auch eine ganz vor¬
350 2254 592 2312 reden und
584 2250 1766 2329 zu Beatrice ist erloschen, da sie die Prüfung nicht bestanden
1777 2249 3389 2379 treffliche dramatische Arbeit), will er sie als seine Geliebte von der Schwelle
181 2289 332 2354 nit ein
429 2295 586 2363 etischen
582 2296 1767 2381 und da er gesehen hat, daß es ihr nicht ernst ist mit ihrem
1767 2298 3354 2405 mit sich nehmen. „Nein,“ antwortet Beatrice, „ich will Eigenthümlichkeit
187 2347 582 2412 ors doch immerhin
586 2345 1773 2417 Entschluß, ihm in den Tod zu folgen. „Kannst du davon
1764 2347 3396 2454 geheiratet sein.“ Was thut der Herzog? Wenn er so ist, übrigens daß sie ges
187 2390 586 2463 ppo Loschi, dessen
584 2390 1759 2482 mich jagen?“ fragt Beatrice. „Gib Acht, nur rasch,“ sagt
1774 2406 3382 2517 wie er geschildert wird, so wird er diese Aufforderung als Frauen fortzujagen,
189 2439 588 2523 ter ist. Er sagt zu
3036 2451 3359 2515 Beatrice hat
576 2433 1775 2519 Fklippo, und er trinkt den vergifteten Wein. Nun hat die
1778 2471 2970 2553 einen guten Witz betrachten und wird vielleicht auf diesen
2954 2483 3379 2574 kostbaren Schleie#ich
581 2496 1755 2565 Liebe zu einer Frau wol schon manchen Selbstmord ver¬
191 2512 265 2591 ich!
1771 2518 2963 2608 Witz so weit eingehen, daß er der schönen Beatrice eine
590 2532 1768 2634 schuldet; unbegreiflich aber ist, daß ein Mann sich tödtet,
2945 2535 3340 2618 shat. Der Fer#og
1776 2576 2957 2657 Heirats=Comödie vorspielt. In jener Zeit pflegten sich die
575 2593 1760 2662 weil er eine Frau nicht liebt; und ein ganz seltsames Ver¬
2962 2586 3344 2659 bringen, wo sie d
212 2532 404 2688 Mhscen.
1775 2624 2963 2703 hohen Herren nicht mit moralischen Serupeln zu plagen,
576 2633 1756 2705 fahren ist es, daß ein Mann, der eine Frau, die er nicht
231 2656 305 2704 hin
1783 2624 3345 2752 wenn sie mit einem Mädchen aus dem Volke sich ver= dieses Mädchen ge
312 2677 410 2751 ieder
578 2687 1763 2778 mehr liebt, loswerden will, sich zu diesem Zwecke selber
1793 2690 3381 2794 gnügen wollten; überdies steht ja Cesare Borgia vor den dem todten zusamme
571 2718 804 2795 umbringt.
1785 2738 3375 2858 Thoren, und am nächsten Morgen ist ein Untergang zu ist, der im letzten
656 2769 1756 2850 Den Gegensatz zu dem Grübler Filippo soll der
1798 2770 3381 2887 erwarten, der Recht und Unrecht, Schuld und Verantwor=veranlaßt, so heiß
568 2789 1756 2895 Herzog bilden, der „Lebensbejaher“, der allein in der
1792 2834 3192 2940 tung in seinen Strudeln verschlingen wird. So könnte und Beatrice.“
578 2864 1763 2952 Gegenwart lebt und, ohne sich viel um die Folgen zu
3052 2855 3369 2934 Es ist ein ver
1802 2901 2973 2978 müßte der Herzog handeln, wenn die angeführten Verse
568 2898 1762 2984 kümmern, genießt, was die Stunde zu bieten vermag. Das
2961 2920 3383 2992 mit ausgezeichneten
1796 2940 2967 3032 Recht hätten. In Wirklichkeit wallt eine sentimentale Stim¬
580 2962 1714 3055 spricht er selbst aus in den Schlußworten des Dramas:
1793 2970 3385 3079 mung in ihm auf, und von dieser Stimmung sogleich vor Allem alch in
723 3018 1452 3079 Das Leben ist die ülle, nicht die Zeit,
1809 3011 3385 3122 überwältigt, führt er Beatrice zum Traualtar. Dieser Dichter ist — eine#
725 3052 1479 3124 Und noch der nächste Augenblick ist weit.
2959 3057 3401 3146 heutzutage in Deu
182 3070 578 3175 ladet sie ein, sich
1810 3084 2978 3166 Mann, von dem es heißt, daß er über Menschen wie über
652 3111 1745 3195 In prächtigen Versen schildert auch Filippo das Weser
2971 3114 3379 3188 die Frage, ob es
176 3145 577 3210 keines zu erquicken.
1804 3131 2972 3219 feuchtes Gras dahingeschritten ist, bringt es nicht über sich,
571 3128 878 3231 des Herzogs:
2971 3143 3389 3230 erreichen, nach dem
167 3183 571 3257 ber will auch noch
1805 3189 2969 3258 ein schönes Mädchen zur Geliebten zu nehmen, ohne sie
1293 3190 1589 3285 Ihn neid' ich,
2961 3207 3386 3292 hängt ab von der
168 3234 577 3309 se Nacht ist unser,
704 3213 1373 3302 Den Bentivoglio der an jedem Tag
1799 3250 2225 3327 vorher zu heiraten.
2968 3251 3368 3318 aus der kleinen
709 3262 1555 3346 Sein Leben trinkt aus tausend klaren Quellen,
183 3286 587 3351 scheiden wir dann
1889 3252 2972 3351 Nunmehr wird der angebliche Ueberwinder vollständig
2977 3290 3388 3372 Schaffen sich bisher
706 3307 1542 3372 Und jebe weckt den Durst und jede löscht ihn.
186 3331 577 3407 mehr in unserer
1794 3327 2971 3405 von dieser Ehe überwunden, die doch nicht viel mehr als
2967 3357 3372 3421 die Stimmungen —
701 3352 1549 3418 Ihn drückt der Stunde Last niemals zu schwer
187 3370 592 3448 u das?“ — „Du
1803 3369 2982 3455 ein Carnevalsspaß ist, wenngleich sie in Sanet=Petron
703 3380 1538 3445 Und nie so leicht, daß er sich fliegen däuchte!
2980 3391 3378 3457 Gefühlen hervorgeh
164 3408 583 3497 Em Becher hast du
704 3429 1564 3510 Wär' ich wie der, und wär' ich über Menschen,
1801 3422 2979 3499 feierlich vollzogen wurde. Allerdings ist es ja keine
2976 3444 3381 3510 den Weg zu finde
709 3453 1450 3529 Wie über feuchtes Gras dahingeschritten,
1810 3463 2985 3544 Kleinigkeit, daß die Braut in der Hochzeitsnacht ver¬
200 3478 579 3548 Entsetzen. Jetzt,
2976 3490 3375 3554 den Dichter mit j
713 3490 1613 3578 Daß mir der Fuß vom Thau des Lebens dampst.
1808 3510 2987 3597 schwindet. Da aber der Herzog dieses Mädchen so heiß
190 3518 585 3609 nWirklichkeit —
694 3547 1472 3623 Das ich zertrat, so wär' ich ohne Unrecht.
2978 3526 3382 3622 füllen vermag, aus
1801 3561 2990 3640 begehrt, daß er sie sogar zur Herzogin gemacht  hat, nur
1811 3601 3030 3717 um sie besitzen zu können, und da sie noch rechtzeitig zu
