3484 4320
1923 218 2406 322 box 20//4
268 232 1807 346 14: Der Schleier der Beatrice
530 1108 1550 1182 einen reicheten Sioff als dieher! Dnich ptomsthel, ...
1606 1142 3343 1215 wollen. Er hat nur — im vousten Eintlung i Blemarasfglanens vom Dreibunde
529 1170 1556 1229 seitigkeit und Unparteilichkeit wird er von erhöhtem,
1619 1199 3345 1267 Politik — die inneren Angelegenheiten fremder Länder als einendarin — Frankreich sich
570 1206 1191 1272 unmittelbar praltischem Werte sein.
1634 1303 3349 1372 sich flugs eine kräftige Rede, mit der er dem Minister gehörig Frau Conrad=Ramlo aus
433 1317 635 1406 1#
1642 1346 3360 1424 unter die Nase geleuchtet habe. Zwar werde nach wie vor alles! Bisse“ auf die Bretter ste
663 1358 1431 1447 Von den Berliner Theatern.
1617 1399 3134 1466 beim alten bleiben, aber die Regierung wisse nun doch, daß es deutsche Note.
2905 1431 3362 1502 Die dramatischen Geg
1183 1441 2857 1500 Berlin, 21. März. in Dornstein noch Kerle gebe. Darob allgemeine Begeisterung,
506 1476 3364 1553 Wie nun schon seit Jahren, so sind auch in diesem wieder Fackelzug und Liedertafelständchen: „Wer hat dich, du schönerssind mit dieser einen und
1645 1527 3341 1586 Wald.“ Aber im nüchternen Lichte des nächsten Morgens er-andre, worüber noch zu
418 1544 1650 1592 allerlei Versuche gemacht worden, etwas von der allgemeinen
1642 1559 3357 1638 scheint den lieben Dornsteinern der Männermut vor Minister-hinab. Sogar das klassisch
416 1583 1651 1638 Karnevaislust, an der sich München und Köln alljährlich er¬
1644 1605 3359 1682 fesseln denn doch bedenklich. Wer weiß — mit großen Herren istlnoch dazu im königlichen
412 1628 1644 1687 freuen, nach Berlin zu verpflanzen. Vergebens; die zwei Seelen,
1642 1646 3357 1721 nicht gut Kirschen essen — vielleicht bekommen sie nun über=Ernsts Pressekomödie ihr
416 1668 1648 1730 die in Berlins Brust wohnen, das preußische Spartanertum und
417 1710 3367 1760 die reichshauptstädtische Repräsentationswürde, sträuben sich haupt keine Bahn. Der Herr Bürgermeister hätte doch auchfallermodernsten Schlagwo
411 1749 3331 1814 gleichermaßen dagegen. Wir sind zu ernst und zu steif, um uns etwas sachter auftreten können! Genug, die Stimmung ist aversgeschmettert hat. Einen
421 1804 3360 1859 einmal mit Eleganz selbst zum besten haben zu können, und so Nacht umgeschlagen: der korrekte Amtsrichter, des blonden Katsch für seine historisch
418 1841 3364 1924 weit die Narrenhüte sein mögen, schwerlich wird einer groß Bürgermeistertöchterleins Bräutigam, zieht sich aus Sorge umsden Marcus Pacuvius, e
418 1913 3361 1943 genug sein, um unter diesen einen all die eigensinnigen Köpfe diese Karriere zurück, die Stadtverordneten kommen und lamentierenjv. Chr., den bis zum 13.
423 1942 3362 1983 zu bringen, die in Berlin gefragt sein wollen, bevor etwas über die allzu schroffe Opposition. Und das alles um einellogen und Archäologen kan
430 1975 3351 2034 Allgemeines in Szene gesetzt, geschweige denn zu stande ge=Philippika, die gar zu gehalten worden! Erst als der reuige Kind, daß er es war, d
429 2018 3364 2078 bracht werden kann. Aber wir mögen uns trösten: was man Bürgermeister verspricht, durch eine zweite Audienz beim Minister Geist hat erscheinen lassen
426 2060 3365 2122 im Leben wünscht, hat man im — Theater die Fülle! In der alles wieder zum Guten zu kehren, fühlen sich die Gemüter wiederfunden hat, der noch heute
420 2113 3370 2162 Tat muß man den reichshauptstädtischen Bühnen durch die Bank beruhigt. Ja, man ist so gerührt von der Selbstüberwindunglund leider auch bei den D
429 2132 3386 2216 das Zeugnis ausstellen, daß sie im Fastnachtsmonat Februar nichts des Herrn Bürgermeisters, daß Liedertafel und Feuerwehr ihm Stück bald wieder los s##
430 2202 3333 2253 versäumt haben, um uns wenigstens durch die „Kunst“ für den noch selbigen Abends eine neue Ovation bringen. Zur Ab- Es geht dem armen P¬
2614 2234 3353 2295 .. Leiderebenso selten wie seine Si
421 2235 2636 2294 tatsächlich fehlenden Karneval schadlos zu halten. Vom königlichen wechslung singen sie diesmal: „Still ruht der See“
436 2275 3368 2327 Schauspielhause und vom Deutschen Theater herunter bis inshat Thoma diesen lustigen Einfall nicht in einen Einakter zu- Zuversicht und sein Sch
424 2324 3366 2385 Residenztheater und ins letzte Überbretl: Possen und Schwänke, sammengedrängt, sondern allzu breit und flach in einen Drei=Patsche helfen. Namentl
423 2367 3362 2429 Schwänke und Possen! Nun allmählich, mit dem Nahen deslatter ausgemünzt. Dazu reicht weder der Stoff noch die saftige Versenkung einen leibhaftig
427 2427 3359 2465 Frühlings, der ja uns Norddeutsche eher schwermütig als landschaftliche Lokalfarbe aus, die einige Szenen so ergötzlich befördern soll, setzt er
437 2457 3361 2516 fröhlich zu machen pflegt, geht es wieder ein wenig bergan. Inlmacht. Der wider das bajuvarische Bierphilistertum aus- gelingt ihm, den großen
2556 2484 3371 2561 oft wiederholtszu interessieren, der ger#
423 2498 2485 2560 die Schwänke, die ganz auch jetzt noch nicht fehlen, kommt etwas reitet, wird am Ende selbst philiströs,
432 2547 3360 2615 von jener literarischen Bedeutung, die man mit dem Namenlund kopiert er sich selber. Auch fehlt ihm der schlag=Karthagische Siegesfeier
2308 2586 3364 2648 der vie nie verlegenengeprobt, aber sie scheitert
435 2590 2303 2650 Komödie“ zu bezeichnen pflegt; und nach den Knallbonbon= undffertige Geist des Augenblicks,
430 2629 3362 2688 Pfefferkuchenversen, die wir in sogenannten Sagen= und Märchen=französischen Schwankdichter so behende über Schwierigkeiten der wäre wirklich etwas wie k
427 2684 3366 2750 dramen zu kosten bekommen haben, strecken jetzt zur Zeit der Situation hinweghüpfen läßt. Und dennoch! Wie kommt es,ider zufälligen Betrunkenh#
432 2708 3364 2786 ersten Veilchen, ein paar wirkliche dichterische Versdramen ihre daß wir aus dieser Tölpelei trotzdem eine Art wohligen Behagens Dramatiker, von seinen S
1636 2760 3358 2820 in unsere Adern strömen fühlen? Wie kommt es, daß nun dieselseiner Gläubiger; aber ge
439 2764 772 2842 Köpfe hervor.
539 2819 3357 2875 Für den Schwank kam der Aufschwung aus Süddeutschland. breite Behaglichkeit immer noch turmhoch über den Witzeleien einesknur allzu unvermittelt i
433 2862 3350 2927 Ludwig Thoma, der Peter Schlemihl des Simplicissimus gibt Blumenthal steht? Doch wohl, weil wir ein Tröpfchen von dem überlegenen Humor, um
1644 2894 3344 2940 niederländischen Saft und Humor unserer deutschen Komödieldamit über sich selbst
440 2894 1665 2980 in seiner „Lokalbahn“ die Komödie eines politischen Umfalls, die
431 2926 3371 3004 Komödie des spießbürgerlichen Philistertums, der gernegroßen darin schmecken, weil wir fühlen, daß sich in dieser Schnurre ein Stück damit schließen la
1653 2974 3338 3032 kleines Stückchen deutscher Gemütslandschaft birgt, daß auch in dem Gefühl geschieden,
432 3004 1668 3062 Schildbürgerei. Die Schnurre, die er erzählt, könnte im Schalk, im
434 3010 3365 3106 Dorfbarbier oder, wenn er einmal besonders gemütlich gesonnen, Thoma etwas von den altdeutschen Schalkspossen der Hans Sachs=wenn auch eine recht dürr
435 3071 3374 3142 auch wohl im Simplicissimus gestanden haben: Dornstein soll Zeit fortlebt. Der „ewige Student“ in diesen Thoma und Dreyer das Dutzend bei ihm durch
1714 3114 3370 3176 denn auch der Verfasser des „Tals des Lebens“ gehört noch eine Szene an, die un
445 3129 1673 3190 eine Lokalbahn erhalten, aber die Anlage des Bahnhofs, drei¬
441 3154 3376 3223 viertel Stunden von der Stadt, paßt der Bürgerschaft nicht. hierher — macht sich lustig über die kleinstädtischen Liedertafeln besonnen hat und daß das
446 3208 3312 3275 Ihr städtisches Oberhaupt macht sich deshalb auf, dem Minister und Kriegervereine mit ihren „Hipp, hipp, hurrah!“ oder „Heillgeführt werden wird.
440 3218 3376 3312 den Kopf zurechtzusetzen. Aber vor der hohen Excellenz sinktldir im Siegerkranz“ — aber wenn er einmal in guter Stunde auch Marcus Pacuvius fel
439 3303 3356 3366 dem Biedern Herz und Beredtsamkeit in die Hosen; „Grüß Gott!“ so ganz bei sich selber ist, dann singt auch er mit des Bassesmenschlich liebenswürdige
435 3352 3360 3384 und „Ade!“ ist alles, was er hervorbringen kann. Wieder Grundgewalt: „Zwischen Frankreich und dem Böhmerwald“, Szenen, die dekorativen
435 3385 3370 3450 daheiri, wird er von der ungeduldigen Erwartung seiner liebenjund seine Stimme zittert vor Wehmut: „Nur in Deutschland, jas gewisse Atelierlustigkeit vo
2082 3419 3368 3481 Die Aufführung des Thomaschen Schwanks Form (fünffüßige Jambenp
442 3412 2054 3478 Mitbürger fast erdrückt; man erwartet den Bericht einer Brutustat. nur in Deutschland.“
451 3457 3379 3563 Um die guten Leute nicht gar zu sehr zu enttäuschen, erfindet ersim „Neuen Theater“ erhielt durch das Gastspiel der prächtigenssich der Geschmack des St#
1408 3538 1520 3610 2
