3436 4448
277 18 465 110 14.
464 -2 1776 120 Der Schleiender Beatrice
804 1340 1496 1424 %7 Deutsches Theater.
1290 1390 1846 1457 „Der Schleier der
682 1378 925 1457 (Akthur
999 1400 1273 1459 chnitzlers'
619 1438 1836 1488 Baatrise“ wurde nach seiner Vollendung lange durch die Spalten
614 1474 1837 1532 der Wiener Presse gezerrt.: Der Dichter warf dem Direktor des
616 1522 1827 1571 Wiener Burgtheaters vor, er habe ses Versprechen, dies Schauspiel
620 1554 1830 1603 aufzuführen, nicht eingelöst. Direkye= Schleuther abe behauptete,
625 1600 1838 1646 ein bindendes Besprechen sei nicht gezeben worden. Nun ist dies
615 1633 1828 1681 heiß umstrittene Stück bei uns erschienen und hat starken Beifall
625 1674 1833 1722 nach dem zweiten und dritten Alt gesunden. Der Erfolg blieb aber
623 1708 1841 1756 zum Schluß nicht unbestritten. Schauplatz der an starken Erregun¬
611 1750 1834 1794 gen und blutigen Thaten reichen Handlung ist Bologna zur Zeit, da
610 1785 1831 1829 die Vorgias in Italien vor den Madonnenbildern ihre sinnliche
626 1834 1829 1880 Natur zur wollüstigen Begierde entflammten, da sie vor der Kirchen¬
621 1859 1832 1912 pforte und in den Palästen ihre Gegner mit Gift und Dolch aus
625 1907 1828 1952 dem Wege räumten und weite Länderstrecken Italiens durch mörde¬
624 1947 1830 1991 rische Kriege verheerten. Cesar Borgia belagert Bokogna zu einer
620 1977 1833 2026 Zeit, da der Herzog dieser Stadt die Bekanntschaft des Dichters
622 2015 1829 2062 Filippo Loschi machen will. Dieser Poet aber folgt des Herzogs
631 2051 1833 2098 Einladung nicht, denn er vergißt die ganze Welt über den süßen
620 2091 1835 2131 Schäferstunden, die ihm mit der verführerischen Beatrice unter den
611 2124 1837 2184 Rosenbüschen seiner Villa beschieden sind. In den Armen Filippos
611 2178 1849 2216 aber erzählt Beatrice einen Traum, in dem sie sich als Herzogin!
627 2198 1867 2261 sah und dies veranlaßt den empfindlichen Dichter, sie mit Verachtung
620 2240 1860 2292 von sich zu stoßen. Die zu ihrer lasterhaften Mutter und Schwester,
616 2275 1863 2327 heimkehrende Beatrice wird von einem Freunde ihres Bruders zum
626 2321 1850 2368 Weibe begehrt, als sie mit diesem zur Kirche geht, bezaubert sie durch
615 2356 1861 2398 ihre Schönheit den Herzog derart, daß er sit zu seiner Herzogin
617 2381 1847 2441 macht. In der Brautnacht aber — es ist die Nacht vor dem Ent¬
611 2425 1860 2477 scheidungskampfe mit dem Belagerungsheer — läuft Veatrice zum
624 2471 1864 2516 Poeten, der unterdessen mit galanten Florentinerinnen eine Orgie
613 2512 1850 2553 gefeiert hat. Sie will mit Filippo sterben, als der Dichter sie aber
615 2547 1858 2592 auf die Probe stellt, schäumt ihre Lebenslust gegen den Todesge¬
621 2588 1845 2630 danken auf. Filippo schleudert ihr seine Verachtung ins Gesicht und
614 2609 1853 2663 schlürft selber den Gifttrank. Als er entseelt zu Boden sinkt, flieht
626 2656 1858 2718 Beatrice mit Hinterlassung ihres Brautschleiers und kehrt ze
626 2708 1858 2749 Herzog zurück. Der verlorene Schleier verräth ihre Untreue, und
624 2740 1856 2784 nach gräusigen Verhören und Bedrohungen wird sie vom eigenen¬
626 2771 1853 2824 Bruder erdolcht. Der Herzog aber hält dem todten Dichter, trotz¬
626 2805 1852 2877 dem dieser sein Rival war. eine ehrende Nachrede, in der sich em
627 2853 1423 2905 hoher Respekt vor der Literatur offenbart.
717 2865 1854 2928 Die schöne Beatrice gehört zu den problematischen Frauen¬
615 2926 1854 2979 naturen, die zu ergründen sind. Bald ist sie kindlich einfach, bald
619 2962 1854 3010 verträumt und phantastisch, bald will sie sterben, um Filippos willen,
626 2995 1857 3038 bald reicht sie einem ungeliebten Manne die Hand. Als dieser Selbst¬
618 3028 1861 3080 mord um ihretwillen begeht, nimmt sie dies mit äußerster Wursch¬
624 3066 1863 3121 tigkeit auf. Sie streckt nach der Herzogskrone begierig die Hände,
626 3109 1868 3173 aus und flieht in der Brautnacht zu ihrem Dichter. Bald will sie
1940 33 2394 114 box 20/4
2264 1281 2347 1351 S e
1853 1329 3075 1386 sterben, bald lustig leben. Ihr Charakterbild wird dadurch nicht ver¬
1857 1370 3072 1429 ständlicher, daß zum Schluß drei widersprechende Urtheile über ihr
1843 1412 3066 1461 Wesen gefällt werden. Der Herzog beurtheilt sie mild, der Bruder
1858 1445 3072 1505 streug und sie selber macht das Schicksal für ihre Flatterhaftigkeit
1850 1487 3066 1534 verantwortlich. Der Dichter hat viel Sdannung in sein Drama durch
1851 1527 3069 1573 die drohende Kriegsgefahr gebracht, der edle Herzog aber bekümmert
1844 1559 3067 1610 Ich wenig um diese; nur zum Schluß hält er heroische Reden. Das
1857 1598 3068 1656 Zeitbild hat der Dichter mit grellen Farben gemalt, die Vorgänge
1843 1642 3075 1694 mechseln so rasch und sprunghaft, wie die Entschlüsse der schleier¬
1853 1687 2990 1737 hoften Heldin. Voll Wohlklang ist die Verssprache Schnitzlers.
1934 1698 3072 1773 Die Darstellung befriedigte wenig. Frl. Triesch konnte
1846 1761 3075 1808 den hohen Anforderungen, die an Veatrice gestellt werden, nicht ent¬
1849 1796 3073 1839 spaechen, allein einige Details waren bestechend ausgeführt. Eine
1857 1823 3071 1880 Italienerin voll Glut und bösen leidenschaftlichen Trieben stellte Frl.
1852 1862 3063 1915 Damont in der Rosina auf die Szene. Herr Rittners
1855 1903 3058 1956 Inszividualität widerstrebte dem excentrischen aber empfindsamen
1853 1954 3061 1993 Poaten. Herr Kayßler besaß als Herzog alle Merkmale einer
1837 1989 3069 2033 destwtischen Natur, allein er schrie, wo er sprechen sollte. Eine feine
1850 2027 3069 2066 anzibhende Gestalt schuf Herr Sauer in dem Cosini. Die Aus¬
1854 2051 3067 2107 stattung der Novität war prächtig und die Villa Filippos, wie die
1848 2095 3072 2153 Gärtzen des herzoglichen Palastes versetzten uns ganz in die genuß¬
2851 2132 3017 2197 R. E.
1851 2136 2354 2201 frohe Zeit der Renaissance.
