3484 4224
1632 164 2118 222 ebe das Lebens. Cubl
2236 170 2288 209 1145
902 192 2231 249 eine Redensart vom Lande der Dichter und Denker¬
900 236 2295 310 Was bedeutet Goethe, die Verkörperung der Deutschheit,
919 297 2373 347 seinen 342 und Lessing mit seinen ## Abenden gegen den
904 348 2370 413 gewaltigen Bühnenherrscher? In der That, diese Ziffern lassen
897 404 2351 458 es als sehr nöthig erscheinen, dass nicht eine allzu strenge.
904 437 2343 499 Kritik die zurückgesetzte zeitgenössische Prodaction chtmulingen
1013 484 2357 557 Aber Südermann hat ja Genessen im ErfoigerEr derhauf¬
884 525 2334 590 dem Umwege über Philippi und Ernst seine eigenen Geschälts¬
890 587 2357 655 und Eitelkeitsinteressen mit einem vor keiner Thotheit und Nied¬
888 639 1078 708 BEKEI
1258 627 2347 701 chreckenden Muthe vertrat, theilt auche mittden
1076 683 2375 743 und Fulda den goldenen Lörbeer. osound 6en and
894 727 2360 793 hre Records, also zwei., beziehungsweise dreimal so viel als
912 766 2350 845 essing und Goethe. Lobredner der capitalistischen Un¬
900 814 2381 900 uitur werden die in nächster Nähe liegende Entschüldigung
901 879 2371 945 inden, dass die neue Ware stets mehr Käufer locke als die
896 929 2346 1000 ilte. Schön — aber wie diese neue Ware beschaffen ist, kenn¬
908 965 2343 1047 teichnet eben die künstlerische Verwahrlosung unseres in des
903 1014 2349 1080 Wortes eigentlichem Sinne rgoldenene Zeitalters. Die Zeitge¬
892 1064 2377 1136 nossen mögen immerhin die erfolgreichsten sein — aber weiche
896 1112 2358 1169 Zeitgenossen? Ist in den Ernst, Südermann, Philippi und
895 1160 2354 1220 Hartleben auch nur eine Ahnung von dem ungeheuerlichen
898 1219 2348 1281 Leben unserer furchtbaren Zeit, haben sie je ihre Gedanken be¬
885 1264 2337 1336 lauscht und die verschiedenen Differenzierungen der Menschen¬
899 1339 1411 1416 seelen auch nur be
1522 1346 2351 1424 Von der ohrenzerreissenden diaboli
903 1391 1375 1462 schen Symphonie d
1460 1419 2326 1472 genwarterklang auch nicht ein einzig
903 1447 1347 1513 altnseliger Actord
1520 1451 2359 1529 Werken. Haben Sie sich, kluge Zärt-
887 1485 1346 1558 linge und feilte A
1518 1495 2352 1565 stwa aus dem wirten Chaos in die
904 1544 2354 1616 bunte Welt der Gesemente genucmtet, das Skelett der vergangen¬
903 1588 2363 1669 heit mit blühendem Fleische überzogen, aus Pergamenten und
891 1640 2354 1717 alten Historien wieder das Leben hervorgezaubert? Ach, nichts
907 1696 2346 1768 von alledem! Sie haben Theaterstücke geschrieben, bunten,
875 1752 2354 1821 greilen Tand, fäde Lügen und seichte Oberflächenscherze!
867 1799 2330 1863 Das Officierscorps ist anders als im zRosenmontage, die Schule
898 1845 2347 1905 hat andere und liefere- Prebleme als die Flachsmänner, die allei
900 1896 2344 1945 das Gehirnchen eines Otto Ernst erfasst, die grosse Seelener¬
889 1946 2346 1990 weiterung durch echte Künstlerschaft äussert sich anders als bei
886 1983 2329 2055 der jämmerlichen Magda in der -Heimats. Und sind diese Stücke
896 2037 2363 2107 eima nur Jauie de mienr Erfolger Werden sie nur gespielt, weil
898 2079 2343 2153 unsere Zeit keine dramatischen Dichter hat? Mit nichten; was
901 2135 2329 2193 in Schreibtischen und muffelnden Archiven an Dichterkraft, en
896 2176 1158 2239 NE
1161 2183 2308 2247 vethöhnter, gemordeter Dichterkraft schlummert
890 2236 2329 2298 wer weiss es? Aber einiges wissen wir. So dass Philipp Lang¬
884 2277 2304 2333 mann uns in seiner -Herzmarkes den grossgedachten-Versuet
896 2327 2326 2405 der Tragödie der Industrie geschrieben hat, ein nachdenkliches
883 2360 2307 2427 manchmal tiefes, an verborgenen Schönheiten reiches Werk —
897 2419 2349 2479 und wir wissen, dass sich noch keine Bühne zum Vollstrecker
881 2470 2353 2556 dieser Dichterthat gemacht hat. Und man komme ja nicht damit#
896 2524 2339 2564 dass dies oder jenes in der Dichtung unklar, schrullenhaft oder
889 2561 2341 2657 verfehlt sei — wer so Grosses will und so Vieles kann, der
889 2607 2345 2686 muss gehört werden! Weshalb dennübrigens gerade bei Dichtern;
887 2662 2340 2742 so strenge? ist etwa die Gerechtigkeitt so tadellos in der Form,
892 2719 2337 2790 Es lebe das Lebene so meisterhaft durchgeführt? Und was
886 2758 2342 2844 konnte der peinlichste Verehrer glatter Mittelmässigkeit an dem
889 2821 2353 2868 „Schleier der Beatrices von Arthur Schnitzler, für Uneben¬
859 2864 2342 2922 (heiten finden? Dies Drama, das rücksichtslos und künstlerisch
974 2911 2353 2995 Prohlein der Frau löst, dieses in leuchtenden, unvergänglichen
876 2929 2339 3039 FFarben gemalte Bildnis der Renaissancezeit, dieses Werk, von
878 3026 2326 3084 dem eine Scene mehr Wert hat als Sudermänn und. Balda.
890 3056 2347 3131 Lobei noch Otto Ernst draufgegeben werden kann, wie oft
892 3114 2318 3186 Mirde es gespielt? Antwort: 0. So ergeht esden Dichtern, so¬
896 3156 2350 3200 Mul jenen, die den pochenden Athem der Zeit belauschen, wie
890 3197 2349 3286 jetzen, die in Visionen uns grosse Bilder der Menschengeschichte
879 3256 1461 3315 ver die Augen zaubern.
1108 3281 2344 3382 etwa noch bezweitem wollte, dass in der Zeit des,
990 3357 2317 3419 rinen Capitalismus der Bühnenerfolg etwas anderes be¬
879 3398 1123 3458 weise, 18
1125 3403 2357 3458 Mittelmässigkeit und Allerweltsgedanken, dem seinoch:
888 3445 2342 3522 eine Ziffer vorgelegt. Friedrich Hebbel, der Vielgestaltendes
889 3502 2135 3558 und Gewaitige, hat 00 Aufführungen zu verzeichr
893 3552 2354 3618 Schöpfer der -Nibelungens, von= Maria Magdalena-, -erodese
886 3614 2288 3669 ind Mariamnes, Gyges und sein Ringe und dem -Rubine —
885 3644 2335 3705 alles in allem 90 Aufführungen gegen 1130 Sudermann's“.
896 3687 2339 3766 Freilich = er ist noch zahlreicher vertreten als Henrik ibsen,
879 3742 2364 3798 als Kleist und Molière, deren Ziffern so niedrig sind, dass
875 3784 2340 3851 sie die Bühnengehossenschaft bei Verfertigung ihrer Bilanz als
886 3841 2337 3887 #nzsenbeträchtlich gar nicht angab. Die Thatsache, dass eine
871 3876 2334 3947 fache, nicht einmal lustige und geschickte Philisterposse von- Otto
871 3940 2325 3984 Ernst zehnmal mehr Hörer hatte als das ganze, so uner¬
932 4007 1669 4116 Eopftich reiche Lebenswerk
1775 4034 2352 4146 hsenwas b
911 4080 1168 4151 weist sie
1018 4116 2332 4207 Sie beweist, dass das Theater unserer Geldepoche si#
1045 4185 1222 4235 at
2871 4108 3092 4181 r ee
