3484 4256
307 232 1830 319 14. Der Schleier der Beatrice
271 816 1327 927 nTelephon 12801.
473 914 1693 1002 Alex. Weigl’s Unternehmen für Zeitungs-Ausschnitte
1405 978 1635 1048 Ausschnitt
726 1029 1403 1124 „OBSEN VEN
1471 1038 1764 1133 Nr. 43
368 1120 1814 1182 L österr. behördl. conc. Bureau für Zeitungsberichte u. Personalnachrichten
623 1181 1545 1265 Wien, I., Concondiaplatz 4.
372 1232 1810 1299 Vertretungen in Berlin, Budapest, Chicago, Genf, London, Newyork, Paris, Rom,
728 1293 1461 1360 Stockholm, Kristiania, St. Petersburg.
370 1415 880 1511 Ausschnitt aus:
1009 1445 1735 1554 Hennoverischer Courier
363 1568 718 1670 vom: J%
703 1591 917 1676 4 160%,
717 1768 1373 1867 Theater und Musik.
777 1847 1297 1922 Berliner Theaterbrief.
534 1866 1613 1971 Aus Berlin, 8. März, wird uns geschrieben: Arthur
453 1913 1606 2017 Schnitzler, der Dichter des „Anatol“, des „Freiwild“ und
446 1983 1610 2055 der „Liebelei", hat sich mit seinem Schauspiel „Der
447 2018 1608 2092 Schleier der Beatrice", das gestern im Deutschen
449 2053 1605 2147 Theater zum ersten Mal aufgeführt wurde, auf ein seiner
444 2095 1597 2171 Begabung sehr fern liegendes Gebiet begeben. Aus den Jung¬
439 2136 1596 2211 gesellenbuden, Kaffeehäusern und Chambres separées des moder¬
444 2179 1596 2249 nen Wien schwang er sich mit kühnem Saltomortale mitten in
439 2211 1594 2293 die Welt der italienischen Renaissance. Der saubere, zierliche,
433 2256 1590 2328 geistreiche Miniaturenpinseler wollte al fresco malen. Die
446 2300 1599 2366 glänzenden Gestalten eines Blütezeitalters der Menschheit soll¬
437 2325 1590 2415 ten in Ueberlebensgröße vor uns erstehen: ein Frühlingsge¬
371 2391 1598 2445 per schlecht, das zwischen Schön und Häßlich, aber nicht zwischen
1594 2382 1794 2450 inclusive
451 2412 1751 2489 Gut und Böse unterscheidet, schönheitstrunkene Krieger und j Porto.
1586 2461 1769 2516 Zahlbar
451 2446 1788 2568 Tyrannen, Künstler, die das Schwert wie die Leier zu hande  Vorau
451 2497 1783 2622 haben wissen, glühende, schäumende Lebenslust, von höchster ie ist dl
455 2537 1798 2679 öshetischer Kultur durchtränkt. Ein sechzehnjähriges Mägdelein, scht es d#
442 2550 1702 2700 Beatrice, des bologneser Wappenschneiders Nardi Tochter, steht dern.
375 2611 1591 2723 4# im Mittelpunkt der äußeren Geschehnisse. Um ihretwillen
370 2649 1600 2758 4h opfert der große Dichter Filippo Loschi seine Braut, seine
447 2706 1793 2797 Kunst und seine Ehre, um zu spät zu erkennen, daß ein zer= haltend d
437 2726 1793 2817 flatterndes Irrlicht ihn täuschte. Sie ist bereit, eines braven Morgel
448 2766 1785 2863 Bürgersohnes Hausfrau zu werden, aber auf dem Wege zum e Zeitung
381 2833 420 2881 1
372 2797 1758 2916 in! Tranaltar entschlüpft sie den Armen des guten Vittorino t#schaftlie
430 2837 1776 2958 und — läßt sich dem Herzog vermählen, dessen Laune ihrer be¬ Diese a
384 2881 1574 2977 *gehrt. Aber auch der Fürst genießt ihre Liebe nicht, denn be¬
375 2906 1597 3037 Le vor das Brautgemach sie empfängt, eilt sie in das Haus Filippos
379 2962 1573 3069 2 und bringt dem Geliebten den Untergang. Schließlich fällt sie,
425 3004 1592 3119 der der betrogene Gatte verziehen hat, von der Hand ihres
429 3036 1580 3131 Bruders, dessen Abgott sie gewesen ist. Ein Kind, das wie im
421 3104 1574 3190 Traume durch das Leben schwebt, ahnungslos Glück und Ver¬
420 3129 1565 3234 derben bringend, sich selber und den anderen ein Rätsel, hatte
425 3165 1573 3267 der Dichter mit der Gestalt der schönen Beatrice zeichnen wollen.
420 3202 1573 3292 Er hat noch vieles andere gewollt, sein Wert ist voll von ernsten
416 3258 1576 3347 und großen Absichten, aber zum Vollbringen mangelte ihm
408 3290 1580 3381 die Kraft. Der Saltomortale mißlang. Bunte, reizvolle Bil¬
494 3340 1558 3429 ziehen vorüber, zahllose Namen klingen an unser Ohr, hie
566 3370 1553 3455 fesselt uns ein schönes und tiefes Wort, eine stimmungs¬
796 3423 1568 3511 die Gestalten und die Vorgänge zerfließen
933 3476 1305 3535 vor inseren Augen
1436 3499 1566 3557 ver¬
1443 3536 1556 3588 Herr
427 3562 505 3606 aber
1469 3576 1561 3632 at,
410 3600 488 3648 Fl
395 3643 464 3694 11
1436 3643 1552 3703 Bea¬
407 3679 472 3725 tio
1404 3681 1552 3744 Direk¬
392 3718 481 3769 Rit
1395 3728 1541 3779 ung —
832 3740 997 3798 assermani
412 3760 514 3828 Jauß
1386 3766 1542 3822 Bruder,
626 3768 1544 3870 Herzog — einen parodistischen Scherz machen
1971 212 2413 299 box 20/4
1798 1290 1890 1368 —
2294 1380 2786 1472 Telephon 12801.
1944 1467 3157 1565 Alex. Welgl’s Unternehmen für Zeitungs-Ausschnitte
1830 1535 2155 1659 Nelog
2164 1530 3147 1689 „OBSERVEP“ —
2983 1599 3224 1690 Nr. 37
1829 1668 3254 1748 I. österr. behördl. conc. Bureau für Zeitungsberichte u. Personalnachrichten
2050 1737 3065 1818 Wien, IX/1, Türkenstrasse 17.
2214 1818 2868 1888 — Filiale in Budapest: „Figyelö“ —
1829 1860 3256 1956 Vertretungen in Berlin, Chicago, Genf, London, Newyork, Paris, Rom, Stockholm.
1825 1992 3092 2127 Ausschnitt aus: Breslaver General-Anzelger
1830 2133 2443 2255 vom: 70/ 100
1884 2451 3149 2587 Arthur Schnitzlers Schauspiel „Der Schleier der Beatriee“
1897 2504 3151 2645 das, wie bekannt, vor zwei Jahren im Breslauer Lobetheater seine
1904 2564 3136 2668 überhaupt erste Aufführung fand, hat am Sonnabend endlich auch
1895 2592 3160 2739 seinen Weg nach Berlin gefunden und daselbst im Deutschen Theater
1926 2656 2768 2770 nicht mehr wie einen Achtungserfolg erstrüten.
2296 2853 2811 2939 Bezugs-Bedingungen:
1820 2917 3001 2997 Für 50 Zeitungsausschnitte (Artikel oder Notizen) Kr. 15.—
2862 2939 3238 3036 28.— inclusive
1939 2972 2046 3024 100
3042 2989 3215 3038 Porto.
2871 3010 2981 3056 50.—
1935 3007 2041 3061 200
3028 3022 3225 3073 Zahlbar
2820 3047 2986 3110 „ 110.—
1933 3053 2054 3105 500
2677 3064 2743 3111 „
2828 3064 3254 3146 „ 200.— im Voraus.
1915 3091 2060 3156 1000
2571 3097 2636 3149 „
1849 3111 1920 3167 „
1946 3121 3281 3176 Im Gegensatze zu anderen Bureaux für Zeitungsausschnitte ist das
2914 3168 3273 3234 auch steht es den
1831 3179 2869 3222 Abonnement durch keine bestimmte Zeitdauer begrenzt;
1827 3212 3156 3261 Abonnenten frei die aufgegebenen Themen zu ergänzen oder zu ändern.
1946 3286 3278 3352 Der „OBSERVER“ veranstaltet täglich einen Auszug enthaltend die
1830 3332 3265 3392 Inhaltsangabe aller wichtigen Mittheilungen der Wiener Morgen¬
1837 3374 3262 3434 blätter (Tagesjournale ausser „Neue Freie Presse“ und Wiener Zeitung")
1838 3418 3282 3463 wodurch eine Uebersicht über das gesammte politische und wirthschaftliche
1840 3451 3276 3511 Leben des In- und Auslandes in drastischer Kürze geboten wird. Diese Mit¬
1829 3504 2861 3558 theilungen werden in Wien um 9 Uhr Früh verschickt.
2150 3574 2936 3660 Prospecte gratis und franco.
