3484 4384
1953 303 2407 396 box 20/1
289 306 1825 389 14. Der Schleier der Bestrice
736 584 1157 664 Telefon 12801.
272 695 1621 773 Alex. Weigl’s Unternehmen für Zeitungs-Ausschnitte
1293 756 1483 822 Ausschnitt
267 785 1637 910 v 105 „OBSERVER“ Nr. 38
229 893 1671 963 I. österr. behördl. conc. Burta# für Zeitungsberichte u. Personalnachrichten
402 961 1497 1041 Wien, IX, Türkenstrasse 17.
606 1053 1279 1138 — Filiale in Budapest: „Figyelö“ -
225 1110 1672 1194 Vertretungen in Berlin, Chicago, Genf, London, Newyork, Paris, Rom, Stockholm.
831 1180 1437 1297 Behemia
224 1235 748 1334 Ausschnitt aus:
223 1372 776 1498 2 8000
1407 1589 3320 1714 dient in den Annalen der Theater Wiens fetts sches Stück mit dem flotten Titel „Die hohe
589 1590 1268 1700 Wiener Theaterbrief.
1422 1654 2372 1734 vermerkt zu werden. Es frägt sich nur, wie
538 1683 1403 1742 O. T. Es ist lebendig geworden in der
2366 1685 3318 1760 Schule“ und einer furchtbar=originellen und
1417 1699 3322 1801 das Publicum Wiens über dieses Experiment langwierigen Kategorisirung gebracht. Man
442 1722 1405 1801 Wiener Theaterwelt. Scheint die Sonne noch
1407 1743 2360 1827 denkt. Wird es dem Wiedener Theater, in
440 1779 1402 1845 so schön, einmal muß man dennoch ins Theater
2367 1772 3312 1856 höre: „Fünf Acte aus dem Leben eines Mäd¬
1410 1796 2346 1866 welchem allerdings einst „Die Zauberflöte“ zu¬
2359 1829 3321 1901 chens von Talent, Münchener Stück!“ So
437 1821 1406 1895 gehen. Und die alten und neuen Herrschaften
1409 1841 2348 1910 erst ihre lieblichen Melodien hören ließ und
443 1869 1406 1941 in den verschiedenen Tempeln der Kunst laden
2355 1857 3312 1944 etwas war noch nicht da, obgleich unsere Au¬
1404 1900 2355 1970 nachmals den Classikern volksthümlich gehuldigt
447 1904 1396 1976 so dringend und mit so verlockenden Ankündi¬
2369 1914 3312 1996 toren unmodern zu sein fürchten, wenn sie
1402 1940 2350 2005 wurde, beschieden sein, zur ernsten Schaubühne
441 1957 1387 2033 gungen zum Eintritt, daß man nicht fern blei¬
2352 1954 3305 2042 nach gutem alten Brauche ein deutliches „Schau¬
1409 1995 2349 2060 emporzuwachsen oder wird hinter den Coulissen
447 2005 1391 2087 ben kann. Allenthalben gibt es Ereignisse, groß
2359 2005 3306 2087 spiel, Trauerspiel oder Lustspiel“ schreiben.
1402 2020 2354 2108 die verbannte „schöne Helena“ den rechten
437 2058 1387 2131 genug, um echte Theater=Menschen aufzuregen,
2356 2059 3318 2147 Max Dreyer glaubt seiner „Großmama“ die
1401 2080 2344 2159 Augenblick erwarten, um in erneutem Glanze
426 2096 1392 2167 und mit Schreck entdecke ich an meiner unge¬
2350 2095 3312 2180 präcisirende Bezeichnung „Jung=Gesellen¬
1400 2129 2350 2199 über die Bühne zu schweben? Man ist vorsichtig
436 2143 1386 2225 störten Seelenruhe, daß ich eigentlich gar kein
2361 2151 3303 2235 Schwank“ geben zu müssen. Als ob „Schwank“.
1406 2173 2349 2246 und behält die intime Verbrüderung mit dem
445 2198 1393 2283 echter Theatermensch mehr bin. Zum Beispiel:
2347 2192 3311 2282 nicht genug wäre! „Junggesellenschwank“ klingt
248 2183 359 2284 Für
1399 2216 1890 2286 Carltheater im Auge.
1892 2231 2337 2300 Erleidet „Napoleon“
347 2252 443 2303 100
443 2240 1383 2319 „Der Schleier der Beatrice!“ Welch' grimmen
2345 2237 3302 2316 sogar verdächtig und erweckt bei den Theater¬
1395 2255 2333 2340 eine unvorhergesehene Niederlage, so ist ein
343 2298 1387 2355 200 Krieg zwischen wehrhaften Helden der Feder
2351 2289 3315 2379 Ronés Hoffnungen, die das grundanständige
1397 2315 2337 2391 anderer Theaterdespot, „Der Großmogul“, be¬
431 2340 1390 2416 und dem Burgtheater=Director Schlenther, der
2348 2333 3313 2423 Stück nicht erfüllt. Wolzogen aber thut es
1398 2366 2341 2443 reit, unter lustigen Operettenmelodien den ruhm¬
277 2385 1391 2465 „ 1000 die Feder mit dem Theaterdirectors=Scepter
2345 2373 3316 2465 unter 11 Worten nicht. In Wien hätte man
1394 2406 2337 2484 reichen Corsen auf der Wieden abzulösen. Das
354 2421 1384 2500 Im vertauscht hat, hat dieses der Welt noch unbe¬
2346 2433 3289 2513 so etwas vor einigen Jahrzehnten „Sittenbild“.
1388 2438 2331 2532 Repertoire sieht sogar im Vorhinein eine Ab¬
231 2468 1384 2557 Abonneme kannte Stück Arthur Schnitzler's entfesselt!
2339 2491 3296 2560 genannt; jetzt sagt #an mit genialer Unbe¬
1384 2511 2334 2582 wechslung vor und rechnet mit der Uibersied¬
236 2507 1385 2608 Abonnente Mußte es Schlenther aufführen oder nicht?
2336 2524 2893 2604 stimmtheit „Wienück“
2975 2541 3309 2609 als ob gerade
1389 2548 2332 2645 lung des Carltheater=Großmoguls auf die
430 2572 1376 2645 Das ist jetzt eine Frage, welche mehrere Lite¬
2338 2574 3293 2654 das, was man auf der Bühne so nennt, so
1386 2593 2025 2663 züngste Napoleonbühne Wiens.
347 2584 1378 2686 Der raturcirkel stürmisch dewegt. Es ist viel Tinte
2339 2624 3299 2704 färbt oder so verzerrt, allein=wiener# wäre!
1476 2634 2334 2726 Und wie ist der große Personen=Tausch
230 2626 1371 2749 Inhaltsus um diese Frage verschrieben, viel heiliger Zorn
234 2677 440 2729 blätte:
2339 2675 3300 2752 Ebenso wenig ist das allein münchenerisch, was
1382 2690 2328 2756 Raimundtheater=Volkstheater, Carltheater=Rai¬
237 2723 1369 2794 wodurch e verbraucht worden, und doch weiß man noch
2333 2713 3290 2806 Wolzogen mit seiner „talentvollen“ Münche¬
1380 2742 2319 2814 mundtheater ausgefallen? Herr Thaller ist
230 2766 1373 2838 des In- 1 keineswegs, ob Schlenther wirklich der Ver¬
2326 2756 3289 2843 nerin, einer ganz=modernen Fatinitza, vorgehen
1382 2795 2329 2871 rasch, an einem einzigen lustigen Abende, voll¬
238 2796 1361 2890 werden in brecher war: vielleicht wäre etwas Geduld sehr
2333 2812 3290 2899 läßt. Auch der Humor Wolzogens ist an keine
1381 2834 2324 2919 bürtiges Volkstheater=Mitglied geworden. Er
426 2855 1374 2924 anzuempfehlen, bis das geschätzte Publicum in
2333 2859 3279 2942 Stadt gebannt; er ist grenzenlos, d. h. er
1384 2876 2315 2959 spielte den fanatischen Junggesellen=Baron in
407 2895 1372 2983 die Lage kommt, darüber zu entscheiden, wie
2322 2918 3279 2984 voltigirt tapfer über alle Geenzen des einfach¬
1382 2924 2314 3008 dem Dreyer'schen Schwank „Die Großmama“,
421 2946 1364 3025 schwer sich das Burgtheater durch seine Zurück¬
2324 2960 3284 3024 komischen und wird grotesk, Frau Odilon
1374 2974 2317 3058 und das Publicum, das schon ganz premieren¬
408 2987 1374 3071 haltung an dem Werke versündigt hat. An
2320 3006 3289 3074 war das „Mädchen von Talent“. Man muthet
1369 3033 2321 3098 haft aussah, jubelte ihm zu. Thaller ist eben
403 3044 1365 3125 positiven Thaten that das Burgtheater, seitdem
2321 3035 3282 3129 ihr eben alles Talent zu, und sie hat auffal¬
1371 3061 2317 3153 einer von jenen ganzen großen Männern, die
408 3092 1368 3161 es seine Pforten wieder eröffnet hat, nur eine
2320 3086 3294 3176 lend viel davon — ein Stück kann durch sie
1379 3113 2733 3229 auf der modernen Bühne selten sind; er ist und von ihr leben.
3244 3154 3300 3210 8
396 3125 1361 3211 jener „Neuaufführungen“ geboten, wie sie seit
1370 3163 2322 3250 ein Original, keine Copie, und deshalb ersetzt
390 3171 1359 3257 einigen Jahren das rührend=herzliche Ver¬
1371 3207 2317 3292 er wieder Originale, Tyrolt z. B., wahrschein¬
395 3234 1358 3302 hältniß zwischen den einzelnen Schaubühnen
1365 3246 2322 3332 lich auch Girardi, der irrlichtelirend zwischen
398 3261 1355 3351 der Residenz ermöglicht: die Aufführung der
1366 3307 2319 3368 allen Wiener Theatern herumflackert und sich
393 3319 1353 3394 „Mütter“ Georg Hirschfelds, welche schon das
1359 3349 2319 3435 nicht entschließen kann, irgendwo sein Licht leuchten
395 3360 1351 3455 deutsche Volkstheater als echte Neuigkeit ge¬
1366 3399 2316 3469 zu lassen. Wahrscheinlich wird er sich unter die
385 3401 679 3478 bracht hatte.
1360 3439 2319 3539 Meistbietenden monatweise verspielen lassen:
488 3459 692 3523 Ja, es
682 3444 1347 3543 ist rührend, jenes Verhältniß.
1356 3480 2308 3571 das Wiedener, das Raimund= und Josephstädter,
387 3507 1346 3594 Man tauscht die Mitglieder, die Stücke, ja
1349 3529 2317 3616 vielleicht auch das Carltheater, wollen ihren
383 3557 1348 3643 mitunter das gesammte Personal und Reper¬
1355 3573 2314 3672 Girardi=Monat haben, und verschiedene Federn
378 3610 1344 3681 toire, so daß man in allen zwanzig Wiener
1347 3618 2302 3725 spitzen sich bereits, um jeder in die Girardi¬
388 3637 1345 3717 Bezirken die gesammte Wiener Kunst ohne be¬
1353 3679 2293 3756 Bewerbung tretenden Direction ein an den be¬
391 3697 1338 3766 sondere Tramway= und Omnibus=Reisen aus
1348 3712 2295 3831 rühmten kostbaren Leib geschriebenes Stück
379 3738 1343 3829 nächster Nähe genießen kann. Das Burg¬
1352 3769 1578 3837 zu dichten.
375 3780 1350 3873 theater hat dem Volkstheater in aller
1445 3804 2293 3903 So weit hat es Thaller, der ja auch einmal
387 3833 1332 3919 Harmonie seine beste weibliche Kraft Frau
1345 3847 2297 3953 und zwar recht lange der Liebling Prags war,
386 3881 1338 3961 Schmittlein, abgenommen und entführt ihm
1336 3909 2295 3990 noch nicht gebracht: er zählt noch zu denjenigen,
367 3923 1328 4016 nun eine fast ebenso werthvolle Schauspielerin,
1337 3972 2287 4041 welche an einer einzigen Bühne aushalten
377 3982 1330 4060 Frau Retty — dafür ist das Volkstheater
1334 4003 2270 4082 können. Auch mit den „Leib= und Zug=Stücken“
380 4014 1333 4107 prompt in den Wiederbesitz des an die Burg
1342 4049 2300 4152 hat es gute Wege bei ihm; sein Repertoire ist
368 4074 1326 4148 verlorenen Kutschera gelangt. Das Raimund¬
1335 4105 2283 4182 elastisch und reicht von dem hartgesottenen Jung¬
378 4107 1316 4204 theater cedirt demselben Volkstheater, allerdings
1325 4135 2280 4238 gesellen auf Schloß Soundso weit ins Anzen¬
373 4159 1320 4245 mit mäßiger Freude, Willi Thaller und ent¬
1332 4202 2289 4297 gruber=Reich und in das feinere Lustspiel hinein.
363 4197 1323 4300 schädigt sich dafür durch das Engagement von
1327 4250 2283 4329 Sein Debut war belebt durch die Kraft und
365 4244 1570 4343 Betty Stoian, dem bisherigen CaritheaterSinnmmne
1582 4295 1841 4356 K
