3484 4384
308 318 2403 424 14: Der Schleier der Beatrice box 20/1
926 1314 1357 1435 Telefon 12801.
2383 1338 2827 1457 Telefon 12801.
460 1413 1824 1529 Alex. Weigl's Unternehmen für Zeitungs-Ausschnitte
1884 1438 3291 1536 Alex. Weigl’s Unternehmen für Zeitungs-Ausschnitte
1466 1508 1681 1568 Ausschnitt
2936 1528 3150 1602 Ausschnitt
787 1498 1433 1654 „OBSERVER“
348 1529 650 1652 N105
1422 1556 1796 1663 Nr. 87
2257 1523 2902 1679 „OBSERVER“
2955 1566 3282 1680 Nr. 91
1832 1530 2139 1681 * 105
387 1630 3322 1744 I. österr. behördl. conc. Bureau für Zeitungsberichte u. Personalnachrichtel I. österr. behördl. conc. Bureau für Zeitungsberichte u. Personalnachrichten
579 1714 1685 1821 Wien, IX, Türkenstrasse 17.
2056 1723 3162 1827 Wien, IX. Türkenstrasse 17.
763 1781 1478 1888 — Filiale in Budapest: „Figyelé“ —
2256 1815 2930 1909 — Filiule in Budapest: „Figyelé“ —
398 1847 3311 1969 Vertretungen in Berlin, Chicago, Genf, London, Newyork, Paris, Rom, Stockholm Vertretungen in Berlin, Chicago, Genf, London, Newyork, Paris, Rom, Stockholm.
385 1969 945 2079 Ausschnitt aus:
1181 1974 1825 2114 Pesti Hirlap
1808 1997 2421 2110 Ausschnitt aus:
2537 2013 3133 2166 Budegesti Hiriag
388 2109 974 2240 vom 49 4% 00
1858 2092 2537 2253 „eK 400 400.
2224 2637 3134 2748 Drämairó és szinigazgató harca.) 4
638 2648 1544 2756 (Schnitzler) nagy port folvert dräma-affai¬
2079 2721 3137 2790 „Beatrix fätyola“ cimü darab visszautasitäsa miatt“
490 2686 1557 2818 rejéhöl, a „Beatrix fätyola“ alkalmäbel a béest'szin¬
2069 2765 3128 2815 a burg-szinhäz igazgatója ellen kitört häboru ujabb
499 2766 1561 2862 häzak erdeklödése e darab folé fordult. Az „An der
2083 2802 3137 2868 städiumba jutott. Mint Bécsbél a berlini lapoknak
503 2806 1551 2874 Wien“ szinhäz igazgatója föl is körte a szerzôt, bo¬
2086 2846 3133 2915 sürgönyzik, a szinhäz intézó köreiben az igazgatösäg
499 2851 1548 2939 esässa rendelkezésére a darabot. Schnitzler azonban
2075 2893 3126 2954 magatartäsät a szorzövel s az igazgatösägot tämadó
505 2906 1561 2987 egyelöre nem szändékozik Béesben valèsägos Eris
2076 2932 3138 2997 kritikusokkai szemben helgeslik, ami valöszinüleg a¬
501 2947 1187 3022 almäjät képezó darabjät elöadatni.
1210 2957 1536 3033 . 10.—
1879 2944 2082 3038 Für 50
498 2985 626 3041 100
2076 2984 3290 3081 sajtó nagy részénck egy ujabb es hatärozoitabh nyl- nelusive
1414 2968 1817 3080 28 — inclusive
1604 3026 1786 3081 Porto.
490 3028 615 3080 200
2079 3030 3264 3090 latkozatät fogja provokälni, annyival inkabb, mert à Porto.
1420 3045 1493 3092 50
1961 3021 2078 3112 10
492 3065 608 3114 500
1590 3055 1798 3121 Zahlbar
2079 3077 3272 3136 jelzett telegramm szerint Schlenter burgszinhäzi igaz. Zahlbar
1407 3079 1564 3143 110.—
1970 3088 2094 3150 500
476 3102 616 3176 ,1000
1401 3107 1812 3192 200.— im Voraus.
2076 3116 3291 3190 gató allasa — épen o magatartäsa következtében meg- Voraus.
1199 3098 1261 3182 1
1906 3115 2083 3208 „ 1000
2075 3156 2316 3221 szilärdult.
493 3164 1837 3238 Im Gegensatze zu anderen Bureaux für Zeitungsausschnitte ist da:
1972 3164 3320 3261 Im genaug zu“ anderen Bureaux für Zeitungsausschnitte ist das
375 3193 1836 3298 Abonnement durch keine bestimmte Zeitdauer begrenzt; — auch steht es der
1848 3212 3313 3298 Abonnement durch keine bestimmte Zeitdauer begrenzt; — auch steht es den
380 3247 1689 3336 Abonnenten frei die aufgegebenen Themen zu ergänzen oder zu ändern.
1859 3262 3164 3347 Abonnenten frei die aufgegebenen Themen zu ergänzen oder zu ändern.
485 3302 1829 3407 Der „OBSERVER“ veranstaltet täglich einen Auszug enthaltend die
1961 3345 3314 3419 Der „OBSERVER“ veranstaltet täglich einen Auszug enthaltend die
377 3359 1831 3451 Inhaltsangabe aller wichtigen Mittheilungen der Wiener Morgen
1862 3395 3330 3463 Inhaltsangabe aller-wichtigen Mittheilungen der Wiener Morgen¬
373 3410 1816 3484 blätter (Tagesjournale ausser „Neue Freie Presse“ und „Wiener Zeitung“
1859 3436 3312 3496 blätter (Tagesjournale ausser „Neue Freie Presse“ und „Wiener Zeitung“)
384 3443 1816 3520 wodurch eine Uebersicht über das gesammte politische und wirthschaftliche Leben
1870 3470 3305 3539 wodlurch eine Uebersicht über das gesammte politische und wirthschaftliche Leben
375 3487 1815 3579 des In- und Auslandes in drastischer Kürze geboten wird. Diese Mittheilunger
1859 3523 3308 3593 des In- und Auslandes in drastischer Kürze geboten wird. Diese Mittheilungen
379 3521 1195 3597 werden in Wien um 9 Uhr Früh verschickt.
1864 3557 2683 3635 werden in Wien um 9 Uhr Früh verschickt.
666 3587 1522 3709 Prospecte gratis und franco.
2153 3619 3005 3728 Prospecte gratis und franco.
