3436 4448
1928 167 2370 266 box 20//4
268 173 1777 258 14. Der SchleienderBeatrice
383 409 1467 493 Arthur Schnitzler: „Der Schleier der
744 466 1113 540 Beatrice“.*)
519 513 1385 593 Der starb um Dich? Und den verrietest Du?
503 579 1450 640 Und mich um ihn? Und wied'rum ihn um mich?
509 617 1237 672 Was bist Du für ein Wesen, Beatrice?
488 660 1477 724 In jedem bedeutenden Manne steckt wohl ein
390 707 1463 761 Stück Weiberverächter, das je zuzeiten, je auch
384 751 1478 799 nach den Erfahrungen, die ihm am nächsten
381 796 1469 846 liegen, mit besonderer Gewalt hervorbricht. Es
384 838 1474 900 steckt wohl auch in der bedeutenden Frau ein gut
399 885 1478 950 Teil Männerverachtung — so daß am Ende kein
385 926 1466 989 Geschlecht vor dem anderen etwas voraus hat. Nur,
387 969 1456 1032 daß sich die gegen die Männer gerichtete Gering¬
395 1010 1476 1064 schätzung fast immer nur auf den Charakter
384 1068 1478 1117 bezieht, auf etwa vermutete Unzuverlässigkeit,
387 1106 1471 1157 Feigheit u. s. w., nicht auf einen sozusagen organischen
399 1148 1474 1204 Mangel an Begabung, der ganzen Anlage und Auf¬
398 1196 1485 1246 fassungsfähigkeit. Auf jeden Fall: Da die „Be¬
398 1245 1460 1294 deutenden", oder, weil man in einer Zeitung vor¬
388 1270 1476 1340 sichtig sein muß,... da die geschichtlich nachzuweisenden
402 1332 1467 1382 „Bedeutenden“ unter dem Geschlecht der Männer
387 1373 1473 1429 bisher unendlich zahlreicher sind als unter dem der
386 1424 1476 1473 Frauen, so tritt die gegen die Weiber gerichtete Ver¬
396 1461 1473 1513 achtung in der Literatur mit einer unvergleichlich viel
388 1505 1468 1562 wuchtigeren Kundgebung hervor als die gegen die
386 1559 1478 1613 Männer. Es würde eine imposante Reihe
390 1591 1474 1662 gramvoller, haßbitterer Dichter= und Denker¬
395 1643 1472 1695 köpfe ergeben, wenn man etwa die Linie
394 1669 1471 1723 von Euripides über Molière zu Schopenhauer,
386 1730 1481 1806 Strindberg, Nietzsche, Schönaich= Carolath ziehen
382 1770 582 1823 wollte.
462 1804 1463 1870 Schnitzler gehört dieser Reihe fast verwünschender,
386 1858 1457 1922 rachedurstiger Weiberhasser nicht an. Er schlägt sich
381 1913 1460 1979 mehr zu der Gruppe neuerer Erzähler, Lyriker und
448 1970 1258 2059 *) Buchausgabe S. Fischer, Verlag. Berlin.
399 2045 1468 2124 Dramatiker, die sich der oftmals gehörten Ver¬
1481 2073 2551 2133 als sie den Tod wollte, war sie ungetreu, da sie das
1493 2117 1812 2185 Leben wählte?
398 2115 1476 2169 dammung der Unzulänglichkeit, Oberflächlichkeit und
408 2159 1478 2215 Kleinlichkeit des weiblichen Geschlechtes mit der
404 2209 1470 2264 zweiten Frage gegenüberstellen: Warum sind denn
1499 2198 2550 2265 das andere; sie tat es beides oder gar nicht. Was
399 2244 565 2301 trotz
663 2246 1476 2306 der tiefen Einsicht vom Wesen
1498 2245 2553 2314 sind die Worte, die starren Schachtelbegriffe unseres
403 2286 1468 2338 der „lieben Dinger“, ces animaux-lä, wie Molière
1483 2288 2549 2348 Denkens, daß sie ein Leben, wie dieses, einfangen
395 2339 1468 2390 sagt, die Männer immer wieder so dumm, sich auf
1488 2335 2554 2391 wollen, das hinfließt gleich dem schillernden Strom,
399 2375 1477 2443 sie einzulassen? Was ist dieses Rätselhafte, dieses
1480 2376 2557 2436 der immer derselbe scheint und immer ein anderer
400 2425 1471 2476 Widerspruchsvolle am Weibe, das fast aus seiner
1488 2423 2548 2475 ist! Was soll ein Entweder=Oder, wo es sowohl¬
402 2467 1477 2525 Nichtigkeit, seiner Eitelkeit und seinem Wankelmut, aus
1485 2476 2551 2531 als auch heißen muß, was soll ein Ja oder ein
406 2514 1466 2577 seiner Lügenhaftigkeit und ganz banalen Interessiertheit
1487 2510 2553 2564 Nein, wo jedes Wort der bestimmten Farbe der
399 2562 1465 2616 kein Geheimnis macht und doch stets von neuem
1492 2564 1981 2629 Entschließung entbehrt?
402 2601 1464 2653 auch diejenigen, welche es am tiefsten erkannt zu
1553 2589 2559 2649 Sie log dem Herzog und sie log dem Dichter
392 2641 1459 2693 haben glauben, anzieht, sie reizt, sie übertölpelt?
1487 2644 2560 2710 und sprach doch beiden Wahrheit, sie betrog den
406 2679 1464 2755 Es muß doch etwas da sein! Schließlich
1489 2706 2559 2745 einen mit dem andern und war doch beiden treu —
394 2729 1426 2788 erfährt vielleicht jeder das Geschick, das
1497 2730 2547 2791 vielleicht liebte sie als dritten, wenigstens für einen
397 2772 1468 2838 verdient; schließlich werden zu diesen Männern, wie
1493 2789 2546 2837 Nachmittag, sogar den biedern Handwerksmann,
404 2821 1468 2884 sie einmal sind, auch diese Frauen, wie sie sind, ge¬
1484 2826 2555 2870 dem ihr Bruder sie zur Sicherheit noch kurz
402 2864 1458 2931 hören. Wir wollen nicht anklagen, nicht die große
1482 2867 2556 2929 vor seinem Scheiden anverlobte. Sie konnte
399 2913 1468 2973 Richterpose einnehmen. Wer donnert und ver¬
1474 2917 2551 2971 sterben, wenn ihr vor Entzücken, vor innerem
394 2952 1463 3005 dammt, verdient das Weib auf ewig, dem er
1492 2958 2545 3014 Jauchzen die Seele zu bersten drohte, sie
399 3000 1473 3061 es antut. Es gilt hier ein Provlem; es heißt, es
1484 3005 2563 3063 mußte leben, mußte taumeln im wilden Rausch
404 3034 1469 3106 möglichst scharf festzustellen und zu umgrenzen.
1478 3046 2560 3102 der Lüste, wenn ihr der Tod sein Grinsen zeigte.
457 3096 1475 3159 Die Franzosen haben nach dieser Richtung bereits
1486 3085 2551 3155 Alles Außerste liegt ihr so nahe wie das Nächste.
394 3132 1461 3197 eine ganze Ahnengalerie, vorzüglich im Roman, auf¬
1480 3137 1598 3186 Sie
1602 3132 2555 3195 nimmt das Bedeutende hin wie das
392 3176 1471 3243 zuweisen. Sie datieren sie etwa von der Manon
1492 3174 2543 3247 Unbeträchtliche, das Unerhörte wie den Alltag.
393 3214 1461 3292 Lescaut des Abbé Prévôt vom Anfang des 18. Jahr¬
1487 3222 2555 3287 Was ist ihr ein großer Dichter, was ihr
400 3270 1458 3328 hunderts. Wir Deutschen sind jünger. Möglich,
1488 3256 2550 3324 ein Herzog! Reiche können zerkrachen und auf den
1486 3297 2561 3375 Trümmern neue Kronen wachsen — es ist ihr nicht
400 3307 1469 3354 daß unseren Dichtern in der sie umgebenden Frauen¬
398 3357 1469 3410 welt nach dem in Betracht kommenden Sinne ein
1488 3344 2557 3415 mehr, als daß ihr Spitzentuch zerreißt. Alles Be¬
404 3404 1472 3460 weniger reiches Beobachtungsmaterial als den
1490 3393 2554 3449 deutende sinkt vor ihr dahin, sie schreitet in ihrer
2430 3444 2546 3498 Mit
1494 3453 2414 3500 Ahnungslosigkeit souverän darüber hinweg.
399 3445 1468 3498 Franzosen zur Verfügung stand. Die deutsche Frau
409 3486 1007 3543 hat weniger hinter sich ...
1484 3478 2557 3546 einer unbewußten Grausamkeit, mit einer nur in der
1002 3484 1473 3552 Was sie noch vor sich
1493 3526 2549 3585 Kindlichkeit begründeten Gleichgültigkeit, in der man
403 3527 1470 3596 hat, das ist das, worüber Dichter, wie Schnitzler,
401 3579 1472 3636 offenbar ihre besonderen Ansichten zu haben glauben.
1492 3571 2548 3638 es zuweilen wie voll Ahnung als einen Aus¬
1491 3605 2549 3687 gleich der zu so schreienden Disharmonien auf¬
1487 3656 2548 3711 gereizten sozialen Gegensätze zu spüren glaubt, als die
465 3662 1464 3733 Ob der „Schleier der Beatrice" zu Bologna und
1491 3706 2556 3761 stille Rache der unteren Dinge an den oberen. Sie
397 3714 1473 3770 in der Renaissance=Zeit spielt, ist gleichgültig. Die
1480 3744 2554 3793 ist ja nur Trieb, nur Pflanze, — sie will nur
403 3761 1468 3815 Umgebung, die äußeren Ereignisse dienen nur, um
1488 3792 2544 3852 lieben, nur leben und da sein, nicht denken und nicht
399 3801 1461 3856 einen allgemeinen Geist der skrupellosen Unge¬
1494 3839 2546 3888 wählen. Ist etwas in ihrer Brust das gerade ein
406 3842 1457 3908 bundenheit, der tatenfrohen Lebensfreude zu
1490 3892 2546 3937 Dichtersmann, ein Herzog befriedigt — warum nicht
401 3881 1468 3951 zeichnen, der die Luft des Stückes bilden
1486 3920 2058 3978 er so gut wie ein anderer?
2059 3922 2554 3981 In schönen Versen hat
401 3912 1465 3990 soll. Das Problem selbst ist ein modernes:
1491 3965 2547 4032 Schnitzler es an verschiedenen Stellen selber klar
411 3968 1471 4043 man könnte sagen, es spielt in Wien um die Jahr¬
1486 4009 1885 4084 aussprechen lassen.
396 4014 724 4083 hundertwende.
462 4061 1462 4124 Beatrice ist das Problem; sie ist das Stück.
1957 4054 2149 4125 Du bist
412 4104 1465 4177 Schnitzler gibt in ihr seine General=Auseinandersetzung
1597 4095 2422 4174 Zu staunen nicht gemacht. Niemals hat Dich
1592 4153 2367 4191 Des Daseins Wunher namenlos erschreckt,
395 4156 1470 4203 mit dem bezeichneten rätselvollen Typus Weib an
2565 2063 3334 2137 zerstörten Illusionen und seinen
2568 2121 3291 2173 dem Dasein macht, der sich
2571 2168 3335 2217 weiser, vor allem wohltätiger sein k
2574 2202 3334 2258 zu schließen, statt mit aufgeregten Sin
2577 2252 3332 2322 daß es nicht auf unser Urteil, auf u
2569 2287 3319 2343 Verdammen ankommt, sondern auf
2571 2338 3314 2392 auf der Welt, wie sie einmal ist,
2568 2374 3317 2433 mögen, der schnell ergreift, um
2563 2418 3332 2479 fahren zu lassen, was er doch nicht h
2573 2476 3318 2528 ist im letzten Sinne der Sieger in
2770 2509 3308 2573 Eine Weile ist es das
2575 2512 2747 2567 Lebens.
2576 2554 3336 2615 Beide Männer denken nach, suchen zu
2563 2596 3338 2657 nichts zu ergründen ist. Beatrice nin
2571 2643 3333 2707 was sie findet, einen Dichter und einen
2561 2690 3328 2744 Männer wollen nach ihren anfängl
2569 2733 3318 2781 ihr alles sein, sie ganz besitzen, sie
2572 2776 3326 2831 sie ist zufrieden mit dem, was da ist,
2573 2821 3335 2879 ihr gerade jeder gibt. Das ist ihr
2566 2867 3328 2921 Minderwertigkeit ist ihre Überlegenheit
2562 2909 3322 2985 der Herzog sie in diesem ihrem We
2559 2964 3260 3026 ist er endgültig über sie hinaus:
2792 3007 3248 3072 wir nannten Dein Tun
2699 3033 3333 3123 Betrug und Frevel und Du warst
2632 3101 3332 3174 Erst jetzt ist er der Überlegene, d
2573 3161 3333 3227 wie frischen Morgenlüften, wie neuem A
2568 3216 3084 3280 Höhen entgegenschreitet:
2720 3257 3335 3315 Das Leben ist die Fülle, nicht di
2721 3310 3312 3383 Und noch der nächste Augenblick
2620 3381 3317 3462 Die drei Gestalten der Beatrice,
2564 3447 3331 3507 des Dichters sind in Schnitzlers Stüc
2559 3497 3330 3551 herausgearbeitet. Sie sind in ihrer
2560 3517 3340 3589 und Charakteristik nicht bloß „gewollt
2567 3576 3329 3643 „gekonnt“. Sie sind es so sehr, daß
2572 3628 3323 3681 Freund dieses Werkes wünschen muß
2561 3673 3303 3729 vielfach unbedeutenden Gewirr
2567 3696 3325 3765 breiten Szenen, des angeblichen Re
2573 3758 3326 3817 Bologneser Treibens herausgeschä
2569 3804 3320 3855 Dann erst würde dieses Stück so hell
2571 3846 3325 3904 es verdient und wirklich als Schnitzl
2569 3884 3318 3954 stehen. Fast jeder Zug verrät den f
2567 3927 3310 3990 künstlerisch klüger und weitsichtiger
2571 3973 3329 4029 mann und Sudermann zusammeng
2578 4025 3327 4083 nur des sozusagen brutalen und dumpf
2571 4067 3307 4110 Urdranges des letzteren und der
2573 4107 3333 4165 der reichen, spielerischen Menschlicht
2571 4156 3300 4209 entbehrt. Die Verse sind von
