3484 4320
1941 179 2407 270 box 20/4
285 186 1798 279 14. Der Schleier der Beatrice
973 1022 2456 1117 lichen Schauspielhause wieder einen neuen Beweis. Warum
977 1074 2434 1183 importiert man ein solches Stück von Frankreich? Den Typ,
976 1144 2444 1222 den es darstellt, den Typ, um es kurz zu sagen, des Rührstücks
970 1205 2444 1297 besitzt das Vaterland der Iffland, Kotzebue, Birch=Pfeiffer, Philippi,
977 1266 2443 1362 doch selbst in genügendem Reichtum; die im Dialog etwa vorhandenen
975 1310 2437 1407 spezifisch gallischen Feinheiten aber gehen erfahrungsgemäß in der
974 1375 2446 1481 Übersetzung zum größten Teil verloren. Trotzdem lauschte man drei
968 1439 2429 1536 Akte lang mit Entzücken dieser rührenden Geschichte von einer schönen
973 1506 2436 1605 und unglücklichen Frau, die mit ihrem scheusäligen Gatten in Scheidung
962 1558 2443 1651 liegt und von einem edelmütigen Millionär aus allen Fährlichkeiten
960 1623 2441 1705 gerettet wird. Als aber zum Schluß ernstliche Schwierigkeiten auf¬
972 1679 2428 1773 tauchen und der beredte Herr Capus auch diese mit glatter Red¬
965 1734 2425 1828 seligkeit bei Seite schieben will, erwachte schließlich das bessere
954 1811 2429 1880 Empfinden, und es gab eine ziemlich heftige Opposition. Das Be¬
962 1859 2431 1953 merkenswerteste an diesem Stück ist, daß es in Paris so starken Erfolg
955 1923 2427 2009 haben konnte. Man ist vermutlich dort der psychologischen Spitz¬
960 1972 2433 2069 findigkeiten müde und schwört der Abwechslung halber einmal wieder
956 2024 1628 2105 zur Philosophie des bon sens.
1044 2085 2432 2175 Giebt sich Capus mit der Psychologie seiner Helden zu wenig
950 2151 2418 2261 Mühe, so motiviert und reflektiert Arthur Schnitzler in seinem
958 2191 2412 2298 Renaissance=Drama „Der Schleier der Beatrice“ das zu Beginn
949 2258 2427 2357 des Mrz nach einem Buchdasein von mehreren Jahren bezw. einer
955 2322 2418 2416 ohne Eindruck gebliebenen Uraufführung in Breslau zum ersten Male
953 2402 2404 2463 am Deutschen Theater vor ein größeres Publikum trat, im Gegen¬
944 2452 2416 2523 teil zu viel. Schnitzler versetzt seine Menschen und seinen Konflikt
945 2509 2410 2593 zwar in die Renaissance=Zeit, aber vom Geiste jener Zeit ist weder er,
947 2565 2409 2640 der Sohn eines von des Gedankens Blässe angekränkelten Zeitalters,
938 2620 2408 2695 noch seine Gestalten beseelt. Das Problem, das ihn angezogen hat,
952 2670 2413 2771 ist durchaus modern: er will die Frau als ein Triebwesen darstellen,
941 2744 2401 2812 das Glück und Unglück stiftet, ohne es zu wissen und zu wollen.
937 2774 2402 2897 Von dieser Art soll seine Beatrice sein, die liebt, verrät und wieder
947 2871 2413 2945 verrät und wieder liebt, ohne es zu wollen und zu wissen. Aber
948 2898 2391 3001 Schnitzlers Beatrice ist nicht von jenem holden Reize und zugleich
937 2982 2412 3086 von jenem Schauer umflossen, den eine solche Elementargestalt besitzen
942 3040 2404 3114 müßte. Sie ist nicht aus der inneren Phantasie=Anschauung geboren,
933 3069 2404 3167 in der die Gegensätze in Harmonie aufgelöst sind, sondern ist mit dem
937 3158 2398 3252 Verstande zusammengedacht. Ihr Gegenstück ist der Dichter Filippo
