<?xml version="1.0" encoding="UTF-8" standalone="yes"?>
<PcGts xmlns="http://schema.primaresearch.org/PAGE/gts/pagecontent/2013-07-15" xmlns:xsi="http://www.w3.org/2001/XMLSchema-instance" xsi:schemaLocation="http://schema.primaresearch.org/PAGE/gts/pagecontent/2013-07-15 http://schema.primaresearch.org/PAGE/gts/pagecontent/2013-07-15/pagecontent.xsd">
    <Metadata>
        <Creator>prov=University of Rostock/Institute of Mathematics/CITlab/Gundram Leifert/gundram.leifert@uni-rostock.de:name=ONB_Newseye_GT_M1+(htr_id=10810)::::v=2.4.2
prov=University of Rostock/Institute of Mathematics/CITlab/Tobias Gruening/tobias.gruening@uni-rostock.de:name=de.uros.citlab.module.baseline2polygon.B2PSeamMultiOriented:v=2.4.2
prov=University of Rostock/Institute of Mathematics/CITlab/Tobias Gruening/tobias.gruening@uni-rostock.de:name=/mnt/transkribus/LA/DEA/URO/LA_news_onb_att.pb:de.uros.citlab.segmentation.CITlab_LA_ML:v=2.4.2
Transkribus</Creator>
        <Created>2019-10-07T11:38:22.689+02:00</Created>
        <LastChange>2019-10-08T14:34:38.114+02:00</LastChange>
        <TranskribusMetadata docId="223979" pageId="9502628" pageNr="497" tsid="16592016" status="IN_PROGRESS" userId="40391" imgUrl="https://files.transkribus.eu/Get?id=GKJUQXKSNWBYRTNXGAGBDXAH&amp;fileType=view" xmlUrl="https://files.transkribus.eu/Get?id=VBKUZJXKKRMSYITIEKPRZHQV" imageId="6192846"/>
    </Metadata>
    <Page imageFilename="223979_0497.jpeg" imageWidth="3436" imageHeight="4320">
        <ReadingOrder>
            <OrderedGroup id="ro_1711449305127" caption="Regions reading order">
                <RegionRefIndexed index="0" regionRef="r1"/>
                <RegionRefIndexed index="1" regionRef="r2"/>
            </OrderedGroup>
        </ReadingOrder>
        <TextRegion orientation="0.0" id="r1" custom="readingOrder {index:0;}">
            <Coords points="725,1178 725,3994 1881,3994 1881,1178"/>
            <TextLine id="r1l1" custom="readingOrder {index:0;}">
                <Coords points="995,1199 1036,1220 1326,1201 1389,1228 1593,1235 1668,1209 1668,1182 1590,1143 1457,1162 1374,1137 1125,1149 1077,1131 996,1152"/>
                <Baseline points="1003,1199 1035,1198 1068,1198 1101,1198 1134,1199 1167,1199 1200,1200 1233,1201 1266,1202 1299,1203 1332,1204 1364,1206 1397,1207 1430,1208 1463,1208 1496,1209 1529,1209 1562,1209 1595,1209 1628,1208 1661,1207"/>
                <TextEquiv>
                    <Unicode>Kunst und Wissenschaft.</Unicode>
                </TextEquiv>
            </TextLine>
            <TextLine id="r1l2" custom="readingOrder {index:1;}">
                <Coords points="770,1255 794,1261 802,1254 821,1255 859,1227 890,1244 913,1226 930,1225 919,1164 886,1167 867,1190 858,1193 845,1185 831,1201 809,1205 792,1200 773,1221 764,1221"/>
                <Baseline points="775,1245 804,1242 834,1235 863,1228 893,1223 923,1223"/>
                <TextEquiv>
                    <Unicode></Unicode>
                </TextEquiv>
            </TextLine>
            <TextLine id="r1l3" custom="readingOrder {index:2;}">
                <Coords points="1052,1284 1191,1306 1274,1287 1306,1307 1364,1289 1607,1292 1607,1235 1569,1227 1532,1246 1409,1220 1290,1258 1213,1225 1052,1229"/>
                <Baseline points="1059,1282 1086,1282 1113,1283 1140,1283 1167,1284 1194,1284 1221,1285 1248,1285 1275,1285 1302,1286 1329,1286 1356,1286 1383,1286 1410,1286 1437,1286 1464,1286 1491,1286 1518,1286 1545,1286 1572,1286 1600,1285"/>
                <TextEquiv>
                    <Unicode>Literatur und Theater.</Unicode>
                </TextEquiv>
            </TextLine>
            <TextLine id="r1l4" custom="readingOrder {index:3;}">
                <Coords points="794,1337 840,1343 868,1324 888,1342 898,1332 927,1335 958,1314 996,1325 991,1145 907,1130 876,1145 855,1129 833,1148 789,1148"/>
                <Baseline points="801,1315 827,1314 854,1313 881,1312 908,1311 935,1310 962,1310 989,1311"/>
                <TextEquiv>
                    <Unicode>900</Unicode>
                </TextEquiv>
            </TextLine>
            <TextLine id="r1l5" custom="readingOrder {index:4;}">
                <Coords points="1020,1355 1484,1346 1517,1365 1651,1344 1597,1307 1520,1299 1020,1308"/>
                <Baseline points="1027,1336 1057,1339 1088,1341 1119,1343 1150,1345 1181,1346 1212,1347 1242,1348 1273,1348 1304,1348 1335,1348 1366,1348 1397,1347 1428,1347 1458,1346 1489,1346 1520,1345 1551,1345 1582,1344 1613,1344 1644,1345"/>
                <TextEquiv>
                    <Unicode>Leipziger Schauspielhaus.</Unicode>
                </TextEquiv>
            </TextLine>
            <TextLine id="r1l6" custom="readingOrder {index:5;}">
                <Coords points="812,1385 1880,1405 1880,1368 1719,1351 812,1345"/>
                <Baseline points="819,1385 871,1388 924,1390 977,1392 1029,1393 1082,1394 1135,1395 1187,1396 1240,1396 1293,1396 1346,1397 1398,1397 1451,1397 1504,1397 1556,1397 1609,1397 1662,1397 1714,1398 1767,1398 1820,1399 1873,1400"/>
                <TextEquiv>
                    <Unicode>Leipzig, 24. Mai. Gestern sahen wir hier das neue</Unicode>
                </TextEquiv>
            </TextLine>
            <TextLine id="r1l7" custom="readingOrder {index:6;}">
                <Coords points="749,1427 1884,1454 1885,1404 750,1400"/>
                <Baseline points="757,1428 813,1429 869,1430 925,1431 981,1432 1037,1433 1093,1434 1149,1435 1205,1436 1261,1436 1317,1437 1373,1437 1429,1438 1485,1438 1541,1439 1597,1439 1653,1439 1709,1440 1765,1440 1821,1440 1877,1441"/>
                <TextEquiv>
                    <Unicode>Schauspiel Arthur Schnitzlers „Der Schleier der</Unicode>
                </TextEquiv>
            </TextLine>
            <TextLine id="r1l8" custom="readingOrder {index:7;}">
                <Coords points="756,1472 1559,1500 1887,1495 1888,1455 756,1439"/>
                <Baseline points="763,1469 818,1471 874,1472 930,1473 986,1474 1042,1475 1098,1476 1154,1477 1210,1478 1266,1478 1322,1479 1377,1480 1433,1480 1489,1481 1545,1481 1601,1482 1657,1482 1713,1482 1769,1482 1825,1482 1881,1482"/>
                <TextEquiv>
                    <Unicode>Beatrice". Der Dichter wird zu den Vertretern der</Unicode>
                </TextEquiv>
            </TextLine>
            <TextLine id="r1l9" custom="readingOrder {index:8;}">
                <Coords points="760,1517 1887,1531 1887,1493 1799,1483 761,1480"/>
                <Baseline points="767,1514 822,1515 878,1515 933,1516 989,1516 1045,1517 1100,1518 1156,1518 1211,1519 1267,1520 1323,1521 1378,1521 1434,1522 1489,1522 1545,1523 1601,1523 1656,1524 1712,1524 1767,1525 1823,1525 1879,1525"/>
                <TextEquiv>
                    <Unicode>Wiener Moderne gerechnet und hat in „Liebelei", „Frei¬</Unicode>
                </TextEquiv>
            </TextLine>
            <TextLine id="r1l10" custom="readingOrder {index:9;}">
                <Coords points="752,1572 1883,1583 1883,1534 1845,1529 753,1519"/>
                <Baseline points="760,1557 815,1558 871,1558 927,1559 983,1560 1039,1560 1094,1561 1150,1561 1206,1561 1262,1562 1318,1562 1373,1563 1429,1563 1485,1563 1541,1564 1597,1564 1652,1565 1708,1565 1764,1566 1820,1566 1876,1567"/>
                <TextEquiv>
                    <Unicode>wild“ und einigen Einaktern soziale Schauspiele verfaßt,</Unicode>
                </TextEquiv>
            </TextLine>
            <TextLine id="r1l11" custom="readingOrder {index:10;}">
                <Coords points="754,1600 1885,1618 1885,1582 1817,1571 755,1570"/>
                <Baseline points="762,1605 817,1603 873,1602 929,1602 985,1602 1041,1602 1096,1602 1152,1602 1208,1603 1264,1603 1320,1604 1375,1605 1431,1606 1487,1606 1543,1607 1599,1608 1654,1608 1710,1609 1766,1609 1822,1609 1878,1609"/>
                <TextEquiv>
                    <Unicode>welche die Signatur der modernen Richtung tragen. Sein</Unicode>
                </TextEquiv>
            </TextLine>
            <TextLine id="r1l12" custom="readingOrder {index:11;}">
                <Coords points="763,1645 1885,1667 1885,1627 1771,1608 764,1601"/>
                <Baseline points="771,1645 826,1644 881,1644 937,1644 992,1644 1047,1644 1103,1644 1158,1645 1213,1645 1269,1645 1324,1646 1379,1646 1435,1647 1490,1648 1545,1648 1601,1649 1656,1650 1711,1650 1767,1651 1822,1652 1878,1653"/>
                <TextEquiv>
                    <Unicode>neuestes Drama aber liefert den Beweis, daß diese Richtung</Unicode>
                </TextEquiv>
            </TextLine>
            <TextLine id="r1l13" custom="readingOrder {index:12;}">
                <Coords points="761,1694 1882,1706 1882,1669 1805,1655 761,1654"/>
                <Baseline points="768,1687 823,1687 878,1688 933,1688 989,1688 1044,1688 1099,1688 1155,1688 1210,1688 1265,1689 1321,1689 1376,1689 1431,1690 1486,1690 1542,1691 1597,1692 1652,1693 1708,1694 1763,1695 1818,1696 1874,1698"/>
                <TextEquiv>
                    <Unicode>jetzt nach allen Gegenden der Windrose aus einander fährt;</Unicode>
                </TextEquiv>
            </TextLine>
            <TextLine id="r1l14" custom="readingOrder {index:13;}">
                <Coords points="755,1727 1866,1755 1882,1707 755,1693"/>
                <Baseline points="762,1728 817,1729 873,1730 928,1730 984,1730 1040,1731 1095,1731 1151,1731 1207,1731 1262,1731 1318,1731 1374,1731 1429,1732 1485,1732 1541,1732 1596,1733 1652,1733 1708,1734 1763,1735 1819,1736 1875,1737"/>
                <TextEquiv>
                    <Unicode>denn von „Naturalismus“, von sozialen Tendenzen, von einer</Unicode>
                </TextEquiv>
            </TextLine>
            <TextLine id="r1l15" custom="readingOrder {index:14;}">
                <Coords points="752,1769 1881,1781 1881,1751 1778,1739 1027,1759 752,1727"/>
                <Baseline points="759,1772 814,1772 870,1773 926,1773 982,1773 1037,1773 1093,1773 1149,1773 1205,1773 1260,1774 1316,1774 1372,1774 1428,1774 1483,1775 1539,1775 1595,1776 1651,1776 1706,1777 1762,1778 1818,1779 1874,1780"/>
                <TextEquiv>
                    <Unicode>Kritik der gesellschaftlichen Zustände der Gegen¬</Unicode>
                </TextEquiv>
            </TextLine>
            <TextLine id="r1l16" custom="readingOrder {index:15;}">
                <Coords points="727,1841 1320,1810 1879,1844 1880,1784 728,1781"/>
                <Baseline points="735,1815 791,1814 848,1814 905,1814 962,1814 1019,1814 1076,1814 1133,1814 1190,1815 1247,1815 1304,1816 1360,1816 1417,1817 1474,1818 1531,1819 1588,1819 1645,1820 1702,1821 1759,1822 1816,1823 1873,1824"/>
                <TextEquiv>
                    <Unicode>wart ist gar nicht mehr die Rede, auch nicht von</Unicode>
                </TextEquiv>
            </TextLine>
            <TextLine id="r1l17" custom="readingOrder {index:16;}">
                <Coords points="751,1861 1884,1872 1854,1829 1676,1819 751,1824"/>
                <Baseline points="758,1855 816,1855 875,1855 934,1855 993,1855 1052,1855 1111,1855 1170,1856 1229,1856 1288,1856 1346,1857 1405,1857 1464,1858 1523,1858 1582,1859 1641,1860 1700,1861 1759,1863 1818,1864 1877,1866"/>
                <TextEquiv>
                    <Unicode>dem Symbolismus der Wiener Genossen Schnitzlers.</Unicode>
                </TextEquiv>
            </TextLine>
            <TextLine id="r1l18" custom="readingOrder {index:17;}">
                <Coords points="740,1892 1876,1921 1885,1883 740,1877"/>
                <Baseline points="746,1895 802,1897 859,1897 915,1898 972,1899 1028,1899 1085,1900 1141,1900 1198,1900 1254,1901 1311,1901 1368,1901 1424,1901 1481,1902 1537,1902 1594,1903 1650,1904 1707,1905 1763,1907 1820,1908 1877,1910"/>
                <TextEquiv>
                    <Unicode>Wir bewegen uns ganz auf dem Boden der französischen</Unicode>
                </TextEquiv>
            </TextLine>
            <TextLine id="r1l19" custom="readingOrder {index:18;}">
                <Coords points="743,1950 1822,1964 1883,1957 1884,1920 743,1896"/>
                <Baseline points="750,1942 806,1942 862,1941 919,1941 975,1941 1031,1941 1088,1942 1144,1942 1200,1943 1257,1944 1313,1945 1369,1945 1426,1946 1482,1947 1538,1948 1595,1948 1651,1949 1707,1949 1764,1949 1820,1949 1877,1949"/>
                <TextEquiv>
                    <Unicode>Romantik eines Victor Hugo, auf dem auch die „Monna</Unicode>
                </TextEquiv>
            </TextLine>
            <TextLine id="r1l20" custom="readingOrder {index:19;}">
                <Coords points="752,1982 1747,2005 1885,2001 1886,1959 752,1952"/>
                <Baseline points="759,1982 815,1982 871,1982 927,1983 983,1983 1039,1983 1095,1984 1151,1984 1207,1985 1263,1985 1319,1986 1375,1986 1431,1987 1487,1988 1543,1988 1599,1989 1655,1989 1711,1990 1767,1990 1823,1990 1879,1991"/>
                <TextEquiv>
                    <Unicode>Vanna“ Maeterlincks steht; abenteuerliche, grelle, effektvoll</Unicode>
                </TextEquiv>
            </TextLine>
            <TextLine id="r1l21" custom="readingOrder {index:20;}">
                <Coords points="748,2008 880,2045 1729,2049 1882,2043 1883,1999 748,1985"/>
                <Baseline points="755,2022 811,2023 867,2024 923,2024 979,2025 1035,2026 1091,2026 1147,2027 1203,2027 1259,2028 1315,2028 1371,2029 1427,2029 1483,2029 1539,2030 1595,2031 1651,2031 1707,2032 1763,2033 1819,2034 1875,2035"/>
                <TextEquiv>
                    <Unicode>inscenierte Vorgänge, welche auf der Bühne frappieren, bei</Unicode>
                </TextEquiv>
            </TextLine>
            <TextLine id="r1l22" custom="readingOrder {index:21;}">
                <Coords points="742,2065 1870,2092 1870,2049 1813,2030 743,2033"/>
                <Baseline points="750,2066 805,2066 861,2067 916,2067 972,2067 1028,2068 1083,2068 1139,2069 1195,2069 1250,2069 1306,2070 1362,2070 1417,2071 1473,2072 1529,2072 1584,2073 1640,2074 1696,2075 1751,2076 1807,2077 1863,2078"/>
                <TextEquiv>
                    <Unicode>denen aber von psychologischer Entwickelung wenig zu spüren</Unicode>
                </TextEquiv>
            </TextLine>
            <TextLine id="r1l23" custom="readingOrder {index:22;}">
                <Coords points="730,2140 831,2107 1880,2132 1805,2077 730,2068"/>
                <Baseline points="737,2108 793,2108 850,2108 907,2108 964,2108 1021,2108 1077,2108 1134,2109 1191,2109 1248,2109 1305,2110 1361,2110 1418,2111 1475,2111 1532,2112 1589,2112 1645,2113 1702,2114 1759,2115 1816,2115 1873,2116"/>
                <TextEquiv>
                    <Unicode>ist, dabei ein gänzlicher Abfall von der nüchternen, prosaischen</Unicode>
                </TextEquiv>
            </TextLine>
            <TextLine id="r1l24" custom="readingOrder {index:23;}">
                <Coords points="741,2156 1873,2177 1874,2123 741,2137"/>
                <Baseline points="748,2151 803,2152 859,2153 915,2154 971,2154 1027,2154 1083,2154 1139,2155 1195,2155 1251,2155 1307,2155 1362,2155 1418,2155 1474,2156 1530,2156 1586,2157 1642,2158 1698,2159 1754,2160 1810,2162 1866,2163"/>
                <TextEquiv>
                    <Unicode>Dialogführung, eine Rückkehr zum dichterischen Stil, sodaß</Unicode>
                </TextEquiv>
            </TextLine>
            <TextLine id="r1l25" custom="readingOrder {index:24;}">
                <Coords points="736,2208 1537,2189 1869,2224 1878,2172 736,2178"/>
                <Baseline points="743,2193 799,2194 855,2194 912,2194 968,2195 1025,2195 1081,2196 1137,2196 1194,2196 1250,2197 1307,2197 1363,2198 1419,2198 1476,2199 1532,2199 1589,2200 1645,2201 1701,2201 1758,2202 1814,2203 1871,2204"/>
                <TextEquiv>
                    <Unicode>auch in den „Schleier der Beatrice“ manche funkelnde</Unicode>
                </TextEquiv>
            </TextLine>
            <TextLine id="r1l26" custom="readingOrder {index:25;}">
                <Coords points="748,2247 1879,2253 1879,2218 1786,2206 748,2213"/>
                <Baseline points="755,2237 810,2237 866,2237 922,2237 978,2238 1034,2238 1090,2239 1145,2239 1201,2240 1257,2240 1313,2241 1369,2242 1425,2242 1481,2243 1536,2243 1592,2243 1648,2244 1704,2244 1760,2244 1816,2243 1872,2243"/>
                <TextEquiv>
                    <Unicode>Juwelen desselben verwebt sind, während auf der anderen</Unicode>
                </TextEquiv>
            </TextLine>
            <TextLine id="r1l27" custom="readingOrder {index:26;}">
                <Coords points="745,2266 1707,2306 1871,2301 1872,2258 745,2243"/>
                <Baseline points="753,2281 808,2281 864,2281 919,2281 975,2281 1031,2281 1086,2281 1142,2281 1197,2281 1253,2282 1309,2282 1364,2282 1420,2283 1475,2284 1531,2284 1587,2285 1642,2285 1698,2286 1753,2287 1809,2288 1865,2289"/>
                <TextEquiv>
                    <Unicode>Seite das Verschwommene und Schwülstige der ungesunden</Unicode>
                </TextEquiv>
            </TextLine>
            <TextLine id="r1l28" custom="readingOrder {index:27;}">
                <Coords points="744,2316 1867,2352 1868,2298 744,2293"/>
                <Baseline points="751,2325 806,2324 862,2324 917,2323 973,2323 1028,2323 1084,2323 1139,2324 1195,2324 1250,2324 1306,2325 1361,2325 1417,2326 1472,2327 1528,2327 1583,2328 1639,2328 1694,2329 1750,2329 1805,2330 1861,2330"/>
                <TextEquiv>
                    <Unicode>Maeterlinckschen Dichtung nicht fehlt. Was bleibt denn da</Unicode>
                </TextEquiv>
            </TextLine>
            <TextLine id="r1l29" custom="readingOrder {index:28;}">
                <Coords points="749,2375 1879,2377 1809,2330 750,2342"/>
                <Baseline points="756,2364 811,2365 867,2366 923,2366 979,2367 1034,2367 1090,2367 1146,2368 1202,2368 1257,2368 1313,2368 1369,2368 1425,2369 1480,2369 1536,2369 1592,2369 1648,2370 1703,2370 1759,2371 1815,2371 1871,2372"/>
                <TextEquiv>
                    <Unicode>von dem Credo der „Moderne“ übrig? Selbst die ver¬</Unicode>
                </TextEquiv>
            </TextLine>
            <TextLine id="r1l30" custom="readingOrder {index:29;}">
                <Coords points="735,2408 1874,2430 1846,2378 736,2373"/>
                <Baseline points="742,2403 798,2405 854,2406 910,2408 967,2409 1023,2409 1079,2410 1135,2410 1192,2411 1248,2411 1304,2411 1360,2411 1417,2411 1473,2411 1529,2411 1585,2412 1642,2412 1698,2412 1754,2413 1810,2414 1867,2415"/>
                <TextEquiv>
                    <Unicode>ketzerten Monologe, die man in die Rumpelkammer der alt¬</Unicode>
                </TextEquiv>
            </TextLine>
            <TextLine id="r1l31" custom="readingOrder {index:30;}">
                <Coords points="741,2439 1728,2470 1871,2467 1872,2433 741,2419"/>
                <Baseline points="748,2448 803,2450 859,2451 915,2451 971,2452 1027,2453 1082,2453 1138,2454 1194,2454 1250,2454 1306,2454 1361,2455 1417,2455 1473,2455 1529,2455 1585,2456 1640,2456 1696,2456 1752,2457 1808,2458 1864,2459"/>
                <TextEquiv>
                    <Unicode>fränkischen Dichtung geworfen, haben sich wieder eingeschlichen.</Unicode>
                </TextEquiv>
            </TextLine>
            <TextLine id="r1l32" custom="readingOrder {index:31;}">
                <Coords points="746,2499 1868,2521 1868,2473 1803,2463 746,2457"/>
                <Baseline points="753,2491 808,2491 863,2491 919,2492 974,2492 1030,2493 1085,2494 1140,2494 1196,2495 1251,2496 1307,2496 1362,2497 1417,2498 1473,2498 1528,2499 1584,2499 1639,2500 1694,2500 1750,2500 1805,2500 1861,2500"/>
                <TextEquiv>
                    <Unicode>An die „Moderne“ erinnern höchstens einige ungenierte und</Unicode>
                </TextEquiv>
            </TextLine>
            <TextLine id="r1l33" custom="readingOrder {index:32;}">
                <Coords points="737,2537 1853,2561 1878,2520 737,2500"/>
                <Baseline points="744,2533 800,2534 856,2534 912,2535 969,2535 1025,2536 1081,2536 1138,2537 1194,2537 1250,2538 1307,2538 1363,2539 1419,2539 1475,2540 1532,2540 1588,2541 1644,2541 1701,2541 1757,2542 1813,2542 1870,2542"/>
                <TextEquiv>
                    <Unicode>kecke Wendungen mit Bezug auf geschlechtlichen Verkehr,</Unicode>
                </TextEquiv>
            </TextLine>
            <TextLine id="r1l34" custom="readingOrder {index:33;}">
                <Coords points="748,2586 1807,2607 1883,2586 1884,2543 749,2553"/>
                <Baseline points="755,2578 811,2577 867,2577 923,2577 979,2577 1035,2578 1091,2578 1147,2578 1203,2578 1259,2579 1315,2579 1371,2580 1427,2581 1483,2581 1539,2582 1595,2583 1651,2584 1707,2586 1763,2587 1819,2587 1876,2589"/>
                <TextEquiv>
                    <Unicode>einige flotte Demimonde=Damen und die nächtlichen Orgien,</Unicode>
                </TextEquiv>
            </TextLine>
            <TextLine id="r1l35" custom="readingOrder {index:34;}">
                <Coords points="741,2619 1851,2655 1883,2587 741,2582"/>
                <Baseline points="748,2619 804,2619 860,2619 917,2619 973,2619 1029,2620 1086,2620 1142,2621 1198,2622 1255,2623 1311,2623 1367,2624 1424,2625 1480,2626 1536,2626 1593,2627 1649,2628 1705,2628 1762,2628 1818,2628 1875,2628"/>
                <TextEquiv>
                    <Unicode>die in den Salons und Gärten der belagerten Stadt ge¬</Unicode>
                </TextEquiv>
            </TextLine>
            <TextLine id="r1l36" custom="readingOrder {index:35;}">
                <Coords points="732,2696 745,2697 784,2666 811,2676 837,2662 887,2671 957,2659 997,2671 1021,2659 1020,2637 1008,2641 974,2620 959,2629 880,2618 836,2629 797,2619 785,2631 773,2621 730,2630"/>
                <Baseline points="739,2667 766,2664 793,2663 821,2661 848,2660 876,2660 903,2660 930,2660 958,2659 985,2659 1013,2657"/>
                <TextEquiv>
                    <Unicode>feiert werden.</Unicode>
                </TextEquiv>
            </TextLine>
            <TextLine id="r1l37" custom="readingOrder {index:36;}">
                <Coords points="804,2705 1874,2731 1887,2644 1652,2680 1113,2643 804,2675"/>
                <Baseline points="811,2700 864,2700 917,2700 971,2700 1024,2700 1078,2700 1131,2701 1184,2701 1238,2701 1291,2702 1345,2702 1398,2703 1451,2703 1505,2704 1558,2705 1612,2706 1665,2706 1718,2708 1772,2709 1825,2710 1879,2712"/>
                <TextEquiv>
                    <Unicode>Wir können es nicht leugnen — wir wurden durch die</Unicode>
                </TextEquiv>
            </TextLine>
            <TextLine id="r1l38" custom="readingOrder {index:37;}">
                <Coords points="737,2738 1884,2760 1846,2712 737,2699"/>
                <Baseline points="743,2740 799,2740 856,2741 913,2741 969,2741 1026,2742 1083,2742 1139,2743 1196,2744 1253,2744 1310,2745 1366,2746 1423,2747 1480,2748 1536,2749 1593,2750 1650,2751 1706,2751 1763,2752 1820,2753 1877,2754"/>
                <TextEquiv>
                    <Unicode>Handlung lebhaft an „Eine tolle Nacht“ und an „Mamsell</Unicode>
                </TextEquiv>
            </TextLine>
            <TextLine id="r1l39" custom="readingOrder {index:38;}">
                <Coords points="739,2778 1884,2806 1874,2757 739,2742"/>
                <Baseline points="746,2782 802,2782 859,2783 915,2783 972,2784 1028,2785 1085,2785 1141,2786 1198,2787 1254,2788 1311,2789 1367,2790 1424,2791 1480,2792 1537,2793 1593,2794 1650,2794 1706,2794 1763,2794 1819,2794 1876,2793"/>
                <TextEquiv>
                    <Unicode>Nitouche“ erinnert; denn was da in einer einzigen Nacht</Unicode>
                </TextEquiv>
            </TextLine>
            <TextLine id="r1l40" custom="readingOrder {index:39;}">
                <Coords points="729,2822 1882,2838 1882,2792 729,2800"/>
                <Baseline points="735,2829 792,2828 849,2826 906,2826 963,2825 1020,2825 1077,2826 1134,2826 1191,2827 1248,2828 1305,2829 1362,2830 1419,2831 1476,2832 1533,2833 1590,2834 1647,2834 1704,2835 1761,2835 1818,2835 1875,2834"/>
                <TextEquiv>
                    <Unicode>geschieht —, diese Anhäufung ungewöhnlicher Abenteuer hat</Unicode>
                </TextEquiv>
            </TextLine>
            <TextLine id="r1l41" custom="readingOrder {index:40;}">
                <Coords points="742,2875 1814,2890 1875,2842 743,2841"/>
                <Baseline points="749,2868 804,2867 860,2865 916,2865 972,2865 1028,2866 1084,2866 1140,2867 1196,2868 1252,2870 1308,2871 1363,2873 1419,2874 1475,2876 1531,2877 1587,2878 1643,2878 1699,2878 1755,2878 1811,2878 1867,2876"/>
                <TextEquiv>
                    <Unicode>das Schnitzlersche Stück mit jenen Posseu gemein. Wegen</Unicode>
                </TextEquiv>
            </TextLine>
            <TextLine id="r1l42" custom="readingOrder {index:41;}">
                <Coords points="731,2906 1869,2922 1869,2884 1726,2876 731,2883"/>
                <Baseline points="738,2907 794,2908 850,2908 906,2909 962,2910 1019,2910 1075,2911 1131,2912 1187,2913 1243,2914 1300,2915 1356,2916 1412,2916 1468,2917 1524,2918 1581,2918 1637,2919 1693,2919 1749,2919 1805,2919 1862,2919"/>
                <TextEquiv>
                    <Unicode>eines Traumes sagt sich der eifersüchtige Dichter Philippo</Unicode>
                </TextEquiv>
            </TextLine>
            <TextLine id="r1l43" custom="readingOrder {index:42;}">
                <Coords points="736,2957 1875,2964 1875,2920 736,2917"/>
                <Baseline points="743,2951 799,2952 855,2953 911,2953 968,2954 1024,2954 1080,2955 1136,2955 1193,2956 1249,2956 1305,2956 1361,2957 1418,2957 1474,2957 1530,2958 1586,2958 1643,2959 1699,2959 1755,2960 1811,2961 1868,2961"/>
                <TextEquiv>
                    <Unicode>Loschi von seiner Geliebten, der schönen Beatrice, der Tochter</Unicode>
                </TextEquiv>
            </TextLine>
            <TextLine id="r1l44" custom="readingOrder {index:43;}">
                <Coords points="734,2993 1874,3002 1722,2960 734,2956"/>
                <Baseline points="741,2993 797,2993 853,2993 909,2994 966,2994 1022,2994 1078,2995 1135,2995 1191,2996 1247,2996 1304,2997 1360,2998 1416,2998 1472,2999 1529,3000 1585,3001 1641,3002 1698,3002 1754,3003 1810,3004 1867,3005"/>
                <TextEquiv>
                    <Unicode>des verrückten Wappenschneiders Nardi in Bologna, los oder</Unicode>
                </TextEquiv>
            </TextLine>
            <TextLine id="r1l45" custom="readingOrder {index:44;}">
                <Coords points="726,3031 1881,3061 1870,2998 726,3008"/>
                <Baseline points="733,3036 790,3036 847,3036 904,3036 961,3036 1018,3037 1075,3037 1132,3038 1189,3038 1246,3039 1303,3039 1360,3040 1417,3041 1474,3041 1531,3042 1588,3043 1645,3044 1702,3044 1759,3045 1816,3046 1874,3046"/>
                <TextEquiv>
                    <Unicode>vielmehr sie verläßt ihn wegen seiner lächerlichen Eifersüchteleien,</Unicode>
                </TextEquiv>
            </TextLine>
            <TextLine id="r1l46" custom="readingOrder {index:45;}">
                <Coords points="726,3076 1855,3105 1876,3053 727,3062"/>
                <Baseline points="733,3080 789,3079 846,3079 903,3079 960,3079 1017,3079 1073,3080 1130,3080 1187,3081 1244,3082 1301,3083 1357,3083 1414,3084 1471,3085 1528,3086 1585,3086 1641,3087 1698,3087 1755,3088 1812,3088 1869,3087"/>
                <TextEquiv>
                    <Unicode>und er hofft im Stillen auf ihre Rückkehr: doch sie verlobt</Unicode>
                </TextEquiv>
            </TextLine>
            <TextLine id="r1l47" custom="readingOrder {index:46;}">
                <Coords points="731,3138 1835,3143 1867,3105 878,3081 731,3108"/>
                <Baseline points="738,3125 794,3123 850,3122 906,3121 962,3121 1018,3121 1074,3121 1130,3122 1186,3123 1242,3124 1299,3124 1355,3126 1411,3127 1467,3128 1523,3129 1579,3130 1635,3131 1691,3131 1747,3132 1803,3132 1860,3132"/>
                <TextEquiv>
                    <Unicode>sich mit Vittorino Monaldi, der in der Werkstatt des alten</Unicode>
                </TextEquiv>
            </TextLine>
            <TextLine id="r1l48" custom="readingOrder {index:47;}">
                <Coords points="732,3162 1870,3174 1870,3130 732,3135"/>
                <Baseline points="739,3163 795,3164 851,3164 907,3165 963,3165 1019,3166 1075,3166 1132,3167 1188,3168 1244,3168 1300,3169 1356,3169 1412,3170 1468,3171 1525,3171 1581,3172 1637,3173 1693,3174 1749,3175 1805,3176 1862,3177"/>
                <TextEquiv>
                    <Unicode>Vaters beschäftigt ist. Da soll ihr Traum in überraschender</Unicode>
                </TextEquiv>
            </TextLine>
            <TextLine id="r1l49" custom="readingOrder {index:48;}">
                <Coords points="742,3207 1867,3234 1867,3187 1776,3176 742,3170"/>
                <Baseline points="749,3204 804,3205 860,3206 915,3208 971,3208 1026,3209 1082,3210 1137,3210 1193,3211 1248,3211 1304,3211 1360,3212 1415,3212 1471,3212 1526,3213 1582,3213 1637,3214 1693,3215 1748,3216 1804,3217 1860,3218"/>
                <TextEquiv>
                    <Unicode>Weise in Erfüllung gehen, sie hat ganz korrekt geträumt, was</Unicode>
                </TextEquiv>
            </TextLine>
            <TextLine id="r1l50" custom="readingOrder {index:49;}">
                <Coords points="732,3244 1866,3274 1867,3235 732,3216"/>
                <Baseline points="739,3251 795,3250 851,3250 907,3250 963,3250 1019,3250 1075,3251 1131,3251 1187,3252 1243,3253 1299,3253 1355,3254 1411,3255 1467,3256 1523,3257 1579,3258 1635,3258 1691,3259 1747,3259 1803,3260 1859,3260"/>
                <TextEquiv>
                    <Unicode>sich nachher in der Wirklichkeit zuträgt. Der Herzog von</Unicode>
                </TextEquiv>
            </TextLine>
            <TextLine id="r1l51" custom="readingOrder {index:50;}">
                <Coords points="724,3288 1875,3312 1875,3268 1827,3263 724,3268"/>
                <Baseline points="731,3294 787,3294 844,3293 901,3293 958,3294 1015,3294 1071,3294 1128,3295 1185,3295 1242,3296 1299,3296 1355,3297 1412,3298 1469,3298 1526,3299 1583,3300 1639,3301 1696,3302 1753,3302 1810,3303 1867,3304"/>
                <TextEquiv>
                    <Unicode>Bologna, Bentivoglio, hat Befehl erteilt, daß das schönste</Unicode>
                </TextEquiv>
            </TextLine>
            <TextLine id="r1l52" custom="readingOrder {index:51;}">
                <Coords points="726,3338 1867,3364 1867,3307 727,3289"/>
                <Baseline points="733,3337 789,3337 845,3337 902,3337 958,3337 1014,3338 1071,3338 1127,3338 1183,3339 1240,3339 1296,3340 1352,3340 1409,3341 1465,3342 1521,3342 1578,3343 1634,3343 1690,3344 1747,3344 1803,3345 1860,3345"/>
                <TextEquiv>
                    <Unicode>Mädchen der Stadt in dieser Nacht zu ihm aufs Schloß</Unicode>
                </TextEquiv>
            </TextLine>
            <TextLine id="r1l53" custom="readingOrder {index:52;}">
                <Coords points="724,3373 1869,3396 1802,3347 724,3339"/>
                <Baseline points="731,3376 787,3377 844,3378 900,3378 957,3379 1013,3379 1070,3380 1126,3380 1183,3380 1239,3381 1296,3381 1353,3381 1409,3382 1466,3382 1522,3383 1579,3384 1635,3385 1692,3386 1748,3387 1805,3388 1862,3390"/>
                <TextEquiv>
                    <Unicode>kommen soll. Da trifft er die bräutliche Beatrice; er ist</Unicode>
                </TextEquiv>
            </TextLine>
            <TextLine id="r1l54" custom="readingOrder {index:53;}">
                <Coords points="724,3421 1864,3448 1865,3402 724,3391"/>
                <Baseline points="731,3420 787,3420 843,3419 900,3419 956,3420 1012,3420 1069,3421 1125,3421 1181,3422 1238,3422 1294,3423 1350,3424 1407,3424 1463,3425 1519,3426 1576,3426 1632,3427 1688,3427 1745,3427 1801,3427 1858,3427"/>
                <TextEquiv>
                    <Unicode>von ihren Reizen so entzückt, daß er sie gleich aufs Schloß mit¬</Unicode>
                </TextEquiv>
            </TextLine>
            <TextLine id="r1l55" custom="readingOrder {index:54;}">
                <Coords points="729,3467 1860,3487 1860,3441 1725,3432 730,3435"/>
                <Baseline points="737,3465 792,3465 848,3466 904,3466 960,3466 1016,3467 1071,3467 1127,3467 1183,3467 1239,3467 1295,3467 1350,3468 1406,3468 1462,3468 1518,3468 1574,3469 1629,3470 1685,3470 1741,3471 1797,3472 1853,3473"/>
                <TextEquiv>
                    <Unicode>nehmen will. Sie hat zwar an sich nichts dagegen, sie hat's ja ge¬</Unicode>
                </TextEquiv>
            </TextLine>
            <TextLine id="r1l56" custom="readingOrder {index:55;}">
                <Coords points="722,3489 1607,3534 1832,3528 1873,3477 722,3459"/>
                <Baseline points="729,3508 785,3508 842,3508 899,3508 956,3508 1013,3508 1069,3508 1126,3509 1183,3509 1240,3510 1297,3510 1353,3511 1410,3511 1467,3511 1524,3512 1581,3513 1637,3513 1694,3513 1751,3514 1808,3514 1865,3515"/>
                <TextEquiv>
                    <Unicode>träumt und sie denkt wie die „Schöne Helena“, das ist die</Unicode>
                </TextEquiv>
            </TextLine>
            <TextLine id="r1l57" custom="readingOrder {index:56;}">
                <Coords points="729,3556 1779,3576 1858,3571 1859,3521 729,3519"/>
                <Baseline points="736,3551 791,3550 847,3549 903,3549 959,3549 1014,3549 1070,3549 1126,3549 1182,3549 1237,3550 1293,3550 1349,3551 1405,3552 1460,3553 1516,3554 1572,3555 1628,3556 1683,3557 1739,3558 1795,3560 1851,3561"/>
                <TextEquiv>
                    <Unicode>Hand des Verhängnisses! Ihr neben ihr stehender Bräutigam</Unicode>
                </TextEquiv>
            </TextLine>
            <TextLine id="r1l58" custom="readingOrder {index:57;}">
                <Coords points="729,3594 1859,3606 1859,3572 1651,3556 729,3558"/>
                <Baseline points="736,3594 791,3594 847,3594 903,3594 959,3594 1015,3594 1070,3595 1126,3595 1182,3595 1238,3596 1294,3596 1349,3597 1405,3597 1461,3598 1517,3598 1573,3599 1628,3599 1684,3600 1740,3600 1796,3600 1852,3601"/>
                <TextEquiv>
                    <Unicode>geniert sie weiter nicht; doch sie macht ihre Bedingungen.</Unicode>
                </TextEquiv>
            </TextLine>
            <TextLine id="r1l59" custom="readingOrder {index:58;}">
                <Coords points="717,3636 1867,3648 1867,3594 718,3619"/>
                <Baseline points="725,3634 781,3634 838,3635 895,3635 952,3635 1008,3636 1065,3636 1122,3636 1179,3637 1235,3637 1292,3638 1349,3638 1406,3638 1462,3639 1519,3639 1576,3640 1633,3641 1689,3641 1746,3642 1803,3643 1860,3643"/>
                <TextEquiv>
                    <Unicode>Des Waffenschmiedes Töchterlein tut es nicht unter einem</Unicode>
                </TextEquiv>
            </TextLine>
            <TextLine id="r1l60" custom="readingOrder {index:59;}">
                <Coords points="729,3682 1866,3707 1857,3647 730,3641"/>
                <Baseline points="737,3681 793,3681 849,3681 905,3681 961,3681 1017,3681 1073,3681 1129,3682 1185,3682 1241,3682 1298,3682 1354,3683 1410,3683 1466,3684 1522,3684 1578,3684 1634,3685 1690,3685 1746,3685 1802,3686 1859,3686"/>
                <TextEquiv>
                    <Unicode>Herzogswappen, sie verlangt von dem Herzog, daß er sie</Unicode>
                </TextEquiv>
            </TextLine>
            <TextLine id="r1l61" custom="readingOrder {index:60;}">
                <Coords points="724,3727 1862,3727 1746,3685 724,3689"/>
                <Baseline points="731,3723 787,3723 843,3723 899,3724 955,3724 1011,3724 1067,3725 1124,3725 1180,3725 1236,3726 1292,3726 1348,3726 1404,3727 1460,3727 1517,3727 1573,3728 1629,3728 1685,3728 1741,3729 1797,3729 1854,3730"/>
                <TextEquiv>
                    <Unicode>heirate, das ist ein wenig viel verlangt; doch der Herzog</Unicode>
                </TextEquiv>
            </TextLine>
            <TextLine id="r1l62" custom="readingOrder {index:61;}">
                <Coords points="718,3763 1871,3799 1872,3733 719,3729"/>
                <Baseline points="725,3762 784,3763 844,3764 904,3765 964,3766 1024,3767 1084,3767 1144,3768 1204,3768 1264,3769 1324,3769 1384,3769 1444,3770 1504,3770 1564,3770 1624,3771 1684,3771 1744,3772 1804,3772 1864,3773"/>
                <TextEquiv>
                    <Unicode>besinnt sich nicht lange, er greift zu. Sofortige Trauung.</Unicode>
                </TextEquiv>
            </TextLine>
            <TextLine id="r1l63" custom="readingOrder {index:62;}">
                <Coords points="805,3806 1856,3819 1856,3785 1671,3769 805,3783"/>
                <Baseline points="812,3802 863,3804 915,3805 967,3806 1019,3807 1071,3808 1122,3809 1174,3810 1226,3811 1278,3812 1330,3813 1381,3813 1433,3814 1485,3814 1537,3814 1589,3814 1640,3814 1692,3814 1744,3813 1796,3812 1848,3812"/>
                <TextEquiv>
                    <Unicode>der Kardinal segnet das Brautpaar ein. Der arme</Unicode>
                </TextEquiv>
            </TextLine>
            <TextLine id="r1l64" custom="readingOrder {index:63;}">
                <Coords points="720,3852 1829,3875 1857,3829 720,3816"/>
                <Baseline points="728,3843 784,3844 840,3844 896,3845 952,3846 1008,3847 1064,3847 1120,3848 1176,3849 1232,3850 1289,3850 1345,3851 1401,3851 1457,3852 1513,3852 1569,3852 1625,3852 1681,3852 1737,3852 1793,3852 1850,3852"/>
                <TextEquiv>
                    <Unicode>Bräutigam Vittorino findet sich in so erstaunlicher Weise</Unicode>
                </TextEquiv>
            </TextLine>
            <TextLine id="r1l65" custom="readingOrder {index:64;}">
                <Coords points="734,3897 1858,3897 1739,3855 734,3864"/>
                <Baseline points="741,3887 796,3888 852,3889 907,3890 963,3891 1018,3891 1074,3891 1129,3892 1185,3892 1240,3892 1296,3892 1351,3892 1407,3892 1462,3892 1518,3893 1573,3893 1629,3894 1684,3895 1740,3896 1795,3898 1851,3900"/>
                <TextEquiv>
                    <Unicode>vernachlässigt, daß er es für das Beste hält, sich das Leben</Unicode>
                </TextEquiv>
            </TextLine>
            <TextLine id="r1l66" custom="readingOrder {index:65;}">
                <Coords points="733,3943 1808,3940 1863,3977 1864,3899 733,3899"/>
                <Baseline points="740,3927 795,3930 851,3932 907,3933 963,3935 1019,3936 1075,3937 1130,3938 1186,3939 1242,3939 1298,3939 1354,3940 1410,3940 1466,3940 1521,3940 1577,3940 1633,3940 1689,3940 1745,3941 1801,3941 1857,3941"/>
                <TextEquiv>
                    <Unicode>zu nehmen. Während nun draußen vor den Toren Cesare</Unicode>
                </TextEquiv>
            </TextLine>
            <TextLine id="r1l67" custom="readingOrder {index:66;}">
                <Coords points="724,3982 1856,4011 1820,3945 725,3947"/>
                <Baseline points="731,3971 786,3973 842,3974 898,3975 954,3976 1010,3976 1066,3977 1122,3978 1178,3978 1234,3978 1290,3979 1345,3979 1401,3979 1457,3980 1513,3980 1569,3981 1625,3981 1681,3982 1737,3982 1793,3983 1849,3984"/>
                <TextEquiv>
                    <Unicode>Borgia mit seinen Tausenden steht, derselbe Borgia, der mit</Unicode>
                </TextEquiv>
            </TextLine>
            <TextEquiv>
                <Unicode>Kunst und Wissenschaft.

Literatur und Theater.
900
Leipziger Schauspielhaus.
Leipzig, 24. Mai. Gestern sahen wir hier das neue
Schauspiel Arthur Schnitzlers „Der Schleier der
Beatrice". Der Dichter wird zu den Vertretern der
Wiener Moderne gerechnet und hat in „Liebelei", „Frei¬
wild“ und einigen Einaktern soziale Schauspiele verfaßt,
welche die Signatur der modernen Richtung tragen. Sein
neuestes Drama aber liefert den Beweis, daß diese Richtung
jetzt nach allen Gegenden der Windrose aus einander fährt;
denn von „Naturalismus“, von sozialen Tendenzen, von einer
Kritik der gesellschaftlichen Zustände der Gegen¬
wart ist gar nicht mehr die Rede, auch nicht von
dem Symbolismus der Wiener Genossen Schnitzlers.
Wir bewegen uns ganz auf dem Boden der französischen
Romantik eines Victor Hugo, auf dem auch die „Monna
Vanna“ Maeterlincks steht; abenteuerliche, grelle, effektvoll
inscenierte Vorgänge, welche auf der Bühne frappieren, bei
denen aber von psychologischer Entwickelung wenig zu spüren
ist, dabei ein gänzlicher Abfall von der nüchternen, prosaischen
Dialogführung, eine Rückkehr zum dichterischen Stil, sodaß
auch in den „Schleier der Beatrice“ manche funkelnde
Juwelen desselben verwebt sind, während auf der anderen
Seite das Verschwommene und Schwülstige der ungesunden
Maeterlinckschen Dichtung nicht fehlt. Was bleibt denn da
von dem Credo der „Moderne“ übrig? Selbst die ver¬
ketzerten Monologe, die man in die Rumpelkammer der alt¬
fränkischen Dichtung geworfen, haben sich wieder eingeschlichen.
An die „Moderne“ erinnern höchstens einige ungenierte und
kecke Wendungen mit Bezug auf geschlechtlichen Verkehr,
einige flotte Demimonde=Damen und die nächtlichen Orgien,
die in den Salons und Gärten der belagerten Stadt ge¬
feiert werden.
Wir können es nicht leugnen — wir wurden durch die
Handlung lebhaft an „Eine tolle Nacht“ und an „Mamsell
Nitouche“ erinnert; denn was da in einer einzigen Nacht
geschieht —, diese Anhäufung ungewöhnlicher Abenteuer hat
das Schnitzlersche Stück mit jenen Posseu gemein. Wegen
eines Traumes sagt sich der eifersüchtige Dichter Philippo
Loschi von seiner Geliebten, der schönen Beatrice, der Tochter
des verrückten Wappenschneiders Nardi in Bologna, los oder
vielmehr sie verläßt ihn wegen seiner lächerlichen Eifersüchteleien,
und er hofft im Stillen auf ihre Rückkehr: doch sie verlobt
sich mit Vittorino Monaldi, der in der Werkstatt des alten
Vaters beschäftigt ist. Da soll ihr Traum in überraschender
Weise in Erfüllung gehen, sie hat ganz korrekt geträumt, was
sich nachher in der Wirklichkeit zuträgt. Der Herzog von
Bologna, Bentivoglio, hat Befehl erteilt, daß das schönste
Mädchen der Stadt in dieser Nacht zu ihm aufs Schloß
kommen soll. Da trifft er die bräutliche Beatrice; er ist
von ihren Reizen so entzückt, daß er sie gleich aufs Schloß mit¬
nehmen will. Sie hat zwar an sich nichts dagegen, sie hat's ja ge¬
träumt und sie denkt wie die „Schöne Helena“, das ist die
Hand des Verhängnisses! Ihr neben ihr stehender Bräutigam
geniert sie weiter nicht; doch sie macht ihre Bedingungen.
Des Waffenschmiedes Töchterlein tut es nicht unter einem
Herzogswappen, sie verlangt von dem Herzog, daß er sie
heirate, das ist ein wenig viel verlangt; doch der Herzog
besinnt sich nicht lange, er greift zu. Sofortige Trauung.
der Kardinal segnet das Brautpaar ein. Der arme
Bräutigam Vittorino findet sich in so erstaunlicher Weise
vernachlässigt, daß er es für das Beste hält, sich das Leben
zu nehmen. Während nun draußen vor den Toren Cesare
Borgia mit seinen Tausenden steht, derselbe Borgia, der mit</Unicode>
            </TextEquiv>
        </TextRegion>
        <TextRegion orientation="0.0" id="r2" custom="readingOrder {index:1;}">
            <Coords points="1893,141 1893,2552 3039,2552 3039,141"/>
            <TextLine id="r2l1" custom="readingOrder {index:0;}">
                <Coords points="1917,173 3029,191 3029,151 2942,140 1917,127"/>
                <Baseline points="1924,161 1978,163 2033,165 2088,167 2143,168 2198,169 2253,170 2307,171 2362,171 2417,172 2472,172 2527,173 2582,173 2637,173 2691,173 2746,174 2801,174 2856,175 2911,175 2966,176 3021,176"/>
                <TextEquiv>
                    <Unicode>gekommen, außerdem noch mit grellen und etwas anstößigen</Unicode>
                </TextEquiv>
            </TextLine>
            <TextLine id="r2l2" custom="readingOrder {index:1;}">
                <Coords points="1919,211 3037,220 3037,190 2707,173 1919,175"/>
                <Baseline points="1926,201 1981,203 2036,205 2091,208 2146,209 2202,210 2257,212 2312,213 2367,214 2422,215 2478,216 2533,216 2588,217 2643,217 2698,217 2754,217 2809,217 2864,217 2919,217 2974,217 3030,217"/>
                <TextEquiv>
                    <Unicode>Episoden überladen, in ihren psychologischen Motivierungen</Unicode>
                </TextEquiv>
            </TextLine>
            <TextLine id="r2l3" custom="readingOrder {index:2;}">
                <Coords points="1930,255 3028,276 3028,225 1931,217"/>
                <Baseline points="1937,246 1991,248 2045,250 2099,252 2153,253 2208,254 2262,255 2316,256 2370,256 2424,257 2479,257 2533,257 2587,257 2641,258 2695,258 2750,258 2804,259 2858,259 2912,260 2966,261 3021,262"/>
                <TextEquiv>
                    <Unicode>oft sehr unklar; aber an dichterischen Schönheiten fehlt es</Unicode>
                </TextEquiv>
            </TextLine>
            <TextLine id="r2l4" custom="readingOrder {index:3;}">
                <Coords points="1914,291 3046,301 2985,266 1914,253"/>
                <Baseline points="1921,287 1976,289 2032,291 2088,293 2144,294 2200,296 2256,297 2311,298 2367,299 2423,300 2479,300 2535,301 2591,301 2647,301 2702,302 2758,302 2814,302 2870,302 2926,302 2982,302 3038,301"/>
                <TextEquiv>
                    <Unicode>dem Werke nicht, und es ist nur schade, daß diese Brillanten!</Unicode>
                </TextEquiv>
            </TextLine>
            <TextLine id="r2l5" custom="readingOrder {index:4;}">
                <Coords points="1914,346 2870,357 2893,307 1915,300"/>
                <Baseline points="1921,330 1969,330 2017,331 2065,332 2113,333 2162,334 2210,335 2258,336 2306,336 2354,337 2403,338 2451,339 2499,340 2547,341 2595,342 2644,343 2692,343 2740,344 2788,345 2836,346 2885,346"/>
                <TextEquiv>
                    <Unicode>an einer so zerknüllten dramatischen Toilette hängen.</Unicode>
                </TextEquiv>
            </TextLine>
            <TextLine id="r2l6" custom="readingOrder {index:5;}">
                <Coords points="1973,375 3047,382 2995,339 2877,368 1974,341"/>
                <Baseline points="1981,373 2033,374 2086,375 2139,376 2192,377 2245,378 2298,379 2351,381 2404,382 2457,383 2510,384 2562,385 2615,386 2668,386 2721,387 2774,387 2827,387 2880,387 2933,387 2986,386 3039,385"/>
                <TextEquiv>
                    <Unicode>Frl. Irene Triesch, welche die Beatrice spielte, ist bis¬</Unicode>
                </TextEquiv>
            </TextLine>
            <TextLine id="r2l7" custom="readingOrder {index:6;}">
                <Coords points="1906,428 2987,445 3035,396 1986,391 1907,362"/>
                <Baseline points="1914,413 1969,414 2025,416 2080,418 2136,419 2192,420 2247,422 2303,423 2359,424 2414,425 2470,426 2526,427 2581,427 2637,428 2693,428 2748,429 2804,429 2860,430 2915,430 2971,430 3027,431"/>
                <TextEquiv>
                    <Unicode>her noch nie in Leipzig aufgetreten; es ist uns unmöglich, sie</Unicode>
                </TextEquiv>
            </TextLine>
            <TextLine id="r2l8" custom="readingOrder {index:7;}">
                <Coords points="1911,458 3045,486 3037,426 1912,433"/>
                <Baseline points="1918,457 1976,458 2035,460 2094,461 2153,463 2212,464 2271,465 2330,466 2389,467 2448,468 2506,469 2565,470 2624,471 2683,471 2742,471 2801,471 2860,471 2919,471 2978,471 3037,470"/>
                <TextEquiv>
                    <Unicode>nach einer einzigen Rolle, noch dazu in einem verfehlten</Unicode>
                </TextEquiv>
            </TextLine>
            <TextLine id="r2l9" custom="readingOrder {index:8;}">
                <Coords points="1916,510 3035,528 2994,471 1916,460"/>
                <Baseline points="1923,496 1978,498 2033,500 2088,502 2143,503 2199,504 2254,506 2309,507 2364,507 2419,508 2475,509 2530,509 2585,510 2640,511 2695,511 2751,511 2806,512 2861,513 2916,513 2971,514 3027,515"/>
                <TextEquiv>
                    <Unicode>Stücke, zu beurteilen. Das Eine erschien uns zweifellos: sie</Unicode>
                </TextEquiv>
            </TextLine>
            <TextLine id="r2l10" custom="readingOrder {index:9;}">
                <Coords points="1901,563 2800,550 3043,586 3041,516 1902,515"/>
                <Baseline points="1909,543 1965,543 2021,543 2078,544 2134,545 2190,545 2247,546 2303,547 2359,548 2416,549 2472,550 2528,551 2585,552 2641,553 2697,553 2754,553 2810,553 2866,553 2923,552 2979,551 3036,550"/>
                <TextEquiv>
                    <Unicode>hat Temperament und weiß Affektstellen und Sensations¬</Unicode>
                </TextEquiv>
            </TextLine>
            <TextLine id="r2l11" custom="readingOrder {index:10;}">
                <Coords points="1905,583 2992,615 3033,573 1905,551"/>
                <Baseline points="1912,584 1967,585 2023,585 2078,586 2134,587 2190,588 2245,589 2301,590 2357,591 2412,592 2468,593 2524,594 2579,594 2635,595 2691,596 2746,596 2802,596 2858,596 2913,595 2969,594 3025,594"/>
                <TextEquiv>
                    <Unicode>motive gut heraus zu arbeiten. Von ihrem Organ wird</Unicode>
                </TextEquiv>
            </TextLine>
            <TextLine id="r2l12" custom="readingOrder {index:11;}">
                <Coords points="1917,634 3033,647 3011,604 1917,584"/>
                <Baseline points="1924,624 1979,626 2034,627 2089,629 2144,630 2199,631 2254,633 2309,633 2364,634 2419,635 2475,635 2530,636 2585,636 2640,637 2695,637 2750,637 2805,638 2860,638 2915,638 2970,638 3026,638"/>
                <TextEquiv>
                    <Unicode>sie dabei nicht sonderlich unterstützt; es hat keinen schönen</Unicode>
                </TextEquiv>
            </TextLine>
            <TextLine id="r2l13" custom="readingOrder {index:12;}">
                <Coords points="1905,674 3037,694 3038,648 1906,646"/>
                <Baseline points="1913,664 1968,666 2024,668 2080,669 2136,671 2192,672 2248,674 2303,674 2359,675 2415,676 2471,677 2527,678 2583,678 2639,679 2694,679 2750,679 2806,680 2862,680 2918,680 2974,680 3030,680"/>
                <TextEquiv>
                    <Unicode>Vollklang, bisweilen eiwas Kreischendes. In der Seelen¬</Unicode>
                </TextEquiv>
            </TextLine>
            <TextLine id="r2l14" custom="readingOrder {index:13;}">
                <Coords points="1905,710 3033,748 3034,694 1905,674"/>
                <Baseline points="1911,710 1966,711 2022,712 2078,712 2134,713 2189,714 2245,714 2301,715 2357,716 2412,716 2468,717 2524,717 2580,718 2635,718 2691,719 2747,719 2803,720 2858,720 2914,720 2970,721 3026,721"/>
                <TextEquiv>
                    <Unicode>malerei mag sie Anerkennenswertes leisten; das zeigte sich in</Unicode>
                </TextEquiv>
            </TextLine>
            <TextLine id="r2l15" custom="readingOrder {index:14;}">
                <Coords points="1911,770 2709,758 2800,793 2858,750 3030,775 3031,733 1912,723"/>
                <Baseline points="1918,751 1973,753 2028,754 2083,754 2139,755 2194,756 2249,757 2304,757 2360,758 2415,758 2470,759 2525,759 2581,760 2636,760 2691,761 2746,762 2802,762 2857,763 2912,764 2967,765 3023,766"/>
                <TextEquiv>
                    <Unicode>den beiden großen Scenen mit dem Dichter Filippo; doch im</Unicode>
                </TextEquiv>
            </TextLine>
            <TextLine id="r2l16" custom="readingOrder {index:15;}">
                <Coords points="1906,804 2992,822 3023,771 1906,779"/>
                <Baseline points="1913,797 1968,797 2023,797 2078,797 2133,798 2188,798 2243,799 2299,799 2354,799 2409,800 2464,800 2519,800 2574,801 2629,801 2685,801 2740,802 2795,802 2850,802 2905,802 2960,802 3016,802"/>
                <TextEquiv>
                    <Unicode>ganzen bietet das Schauspiel wenig Anlaß dazu. Sie wurde</Unicode>
                </TextEquiv>
            </TextLine>
            <TextLine id="r2l17" custom="readingOrder {index:16;}">
                <Coords points="1902,829 3026,868 3027,803 1902,809"/>
                <Baseline points="1908,836 1963,838 2019,839 2074,840 2130,841 2185,841 2241,841 2296,842 2352,842 2407,842 2463,842 2519,842 2574,842 2630,842 2685,843 2741,843 2796,843 2852,843 2907,844 2963,844 3019,845"/>
                <TextEquiv>
                    <Unicode>wiederholt hervorgerufen und lebhaft applaudiert. Vor¬</Unicode>
                </TextEquiv>
            </TextLine>
            <TextLine id="r2l18" custom="readingOrder {index:17;}">
                <Coords points="1907,878 3038,907 3038,864 2965,849 1907,849"/>
                <Baseline points="1914,877 1969,878 2025,878 2081,879 2137,880 2193,880 2249,880 2304,881 2360,881 2416,881 2472,882 2528,882 2584,882 2640,883 2695,883 2751,884 2807,884 2863,885 2919,886 2975,887 3031,888"/>
                <TextEquiv>
                    <Unicode>trefflich war der Herzog des Herrn Mauren, eine impulsive</Unicode>
                </TextEquiv>
            </TextLine>
            <TextLine id="r2l19" custom="readingOrder {index:18;}">
                <Coords points="1907,918 3026,948 3019,892 1908,880"/>
                <Baseline points="1914,911 1969,913 2024,914 2079,915 2135,916 2190,917 2245,918 2300,919 2356,919 2411,920 2466,921 2521,922 2577,922 2632,923 2687,924 2742,925 2798,926 2853,926 2908,928 2963,929 3019,930"/>
                <TextEquiv>
                    <Unicode>Na##r wie fast alle Helden und Heldinnen des Stücken)</Unicode>
                </TextEquiv>
            </TextLine>
            <TextLine id="r2l20" custom="readingOrder {index:19;}">
                <Coords points="1910,951 3021,994 3032,954 1910,917"/>
                <Baseline points="1916,952 1971,953 2026,954 2082,955 2137,956 2193,957 2248,958 2303,959 2359,960 2414,961 2470,962 2525,963 2580,964 2636,966 2691,967 2747,968 2802,970 2857,971 2913,972 2968,973 3024,975"/>
                <TextEquiv>
                    <Unicode>doch über die Klippen desselben, die Werbung auf</Unicode>
                </TextEquiv>
            </TextLine>
            <TextLine id="r2l21" custom="readingOrder {index:20;}">
                <Coords points="1909,1000 2537,1033 3002,1027 3023,992 1910,952"/>
                <Baseline points="1916,993 1971,995 2026,997 2081,998 2136,999 2191,1001 2246,1002 2301,1003 2356,1004 2411,1005 2466,1006 2521,1007 2576,1008 2631,1008 2686,1009 2741,1010 2796,1011 2851,1012 2906,1013 2961,1014 3016,1015"/>
                <TextEquiv>
                    <Unicode>der Straße, welche an diejenige Richards III. erinnert,</Unicode>
                </TextEquiv>
            </TextLine>
            <TextLine id="r2l22" custom="readingOrder {index:21;}">
                <Coords points="1904,1042 3030,1070 3031,1013 1905,1015"/>
                <Baseline points="1912,1042 1967,1041 2023,1041 2078,1041 2134,1041 2190,1042 2245,1043 2301,1044 2356,1045 2412,1046 2468,1047 2523,1048 2579,1049 2634,1050 2690,1051 2746,1052 2801,1052 2857,1052 2912,1052 2968,1051 3024,1049"/>
                <TextEquiv>
                    <Unicode>glitt sein Spiel geschickt hinweg; er suchte nach einer Ver¬</Unicode>
                </TextEquiv>
            </TextLine>
            <TextLine id="r2l23" custom="readingOrder {index:22;}">
                <Coords points="1907,1084 3022,1114 3022,1068 2927,1048 1908,1037"/>
                <Baseline points="1914,1083 1969,1083 2024,1083 2079,1083 2134,1084 2189,1085 2244,1085 2299,1087 2354,1087 2409,1089 2464,1090 2519,1091 2574,1092 2629,1093 2684,1094 2739,1095 2794,1096 2849,1097 2904,1097 2959,1097 3015,1097"/>
                <TextEquiv>
                    <Unicode>mefung, welche der Dichter hier nicht gefunden, und half mit</Unicode>
                </TextEquiv>
            </TextLine>
            <TextLine id="r2l24" custom="readingOrder {index:23;}">
                <Coords points="1904,1132 3018,1148 3018,1110 2951,1098 1905,1099"/>
                <Baseline points="1912,1124 1969,1124 2027,1125 2085,1126 2143,1127 2201,1127 2259,1129 2316,1130 2374,1131 2432,1132 2490,1133 2548,1134 2606,1135 2663,1136 2721,1137 2779,1137 2837,1137 2895,1137 2953,1136 3011,1136"/>
                <TextEquiv>
                    <Unicode>andeutendem Spiele nach. Sehr schön sprach er die Schluß¬</Unicode>
                </TextEquiv>
            </TextLine>
            <TextLine id="r2l25" custom="readingOrder {index:24;}">
                <Coords points="1904,1166 3020,1186 3013,1136 1905,1122"/>
                <Baseline points="1912,1165 1967,1166 2022,1167 2077,1168 2132,1169 2187,1170 2242,1171 2297,1172 2352,1173 2407,1174 2463,1175 2518,1175 2573,1176 2628,1177 2683,1177 2738,1178 2793,1178 2848,1179 2903,1179 2958,1179 3014,1179"/>
                <TextEquiv>
                    <Unicode>rede. Herr Grevenberg als Filippo Loschi hat eine noch</Unicode>
                </TextEquiv>
            </TextLine>
            <TextLine id="r2l26" custom="readingOrder {index:25;}">
                <Coords points="1914,1222 3019,1235 3019,1194 2935,1179 1915,1171"/>
                <Baseline points="1922,1208 1976,1209 2031,1210 2085,1211 2140,1211 2194,1212 2249,1213 2303,1213 2358,1214 2412,1215 2467,1215 2521,1216 2576,1216 2630,1217 2685,1218 2739,1218 2794,1219 2848,1220 2903,1220 2957,1221 3012,1222"/>
                <TextEquiv>
                    <Unicode>schwierigere Aufgabe. Dieser Dichter mit einer etwas dunkeln,</Unicode>
                </TextEquiv>
            </TextLine>
            <TextLine id="r2l27" custom="readingOrder {index:26;}">
                <Coords points="1909,1268 2888,1285 3018,1280 3019,1236 1910,1221"/>
                <Baseline points="1916,1252 1970,1252 2025,1253 2080,1253 2135,1254 2190,1254 2244,1255 2299,1256 2354,1256 2409,1257 2464,1258 2518,1258 2573,1259 2628,1260 2683,1260 2738,1261 2792,1261 2847,1262 2902,1262 2957,1262 3012,1263"/>
                <TextEquiv>
                    <Unicode>gelegentlich in die Hanslung hereinplatzenden Vorgeschichte</Unicode>
                </TextEquiv>
            </TextLine>
            <TextLine id="r2l28" custom="readingOrder {index:27;}">
                <Coords points="1906,1305 3023,1315 2983,1268 1907,1268"/>
                <Baseline points="1914,1296 1969,1295 2024,1295 2079,1295 2134,1295 2189,1295 2244,1296 2299,1296 2354,1297 2409,1298 2465,1299 2520,1300 2575,1301 2630,1302 2685,1303 2740,1304 2795,1304 2850,1305 2905,1306 2960,1306 3016,1307"/>
                <TextEquiv>
                    <Unicode>gehört zu den schwankenden Gestalten, deren Genialität sich in</Unicode>
                </TextEquiv>
            </TextLine>
            <TextLine id="r2l29" custom="readingOrder {index:28;}">
                <Coords points="1901,1346 2969,1365 3024,1360 3025,1312 1902,1301"/>
                <Baseline points="1908,1334 1963,1335 2019,1336 2074,1337 2130,1338 2185,1339 2241,1340 2296,1341 2352,1342 2407,1343 2463,1344 2518,1344 2574,1345 2629,1346 2685,1346 2740,1347 2796,1347 2851,1347 2907,1348 2962,1348 3018,1347"/>
                <TextEquiv>
                    <Unicode>einem grillenhaften Wesen, in einem stürmischen Wechsel</Unicode>
                </TextEquiv>
            </TextLine>
            <TextLine id="r2l30" custom="readingOrder {index:29;}">
                <Coords points="1905,1381 2623,1418 3025,1394 3026,1357 1905,1343"/>
                <Baseline points="1912,1375 1967,1377 2022,1378 2078,1379 2133,1380 2188,1381 2244,1382 2299,1383 2354,1384 2410,1384 2465,1385 2520,1386 2576,1386 2631,1387 2686,1387 2742,1388 2797,1388 2852,1389 2908,1390 2963,1390 3019,1391"/>
                <TextEquiv>
                    <Unicode>der Empfindungen, in unausgeglichenen seelischen Kon¬</Unicode>
                </TextEquiv>
            </TextLine>
            <TextLine id="r2l31" custom="readingOrder {index:30;}">
                <Coords points="1910,1430 3018,1447 3019,1392 2609,1414 1911,1378"/>
                <Baseline points="1918,1417 1972,1418 2027,1419 2081,1420 2136,1421 2191,1422 2245,1423 2300,1424 2355,1425 2409,1426 2464,1427 2519,1428 2573,1429 2628,1429 2683,1430 2737,1430 2792,1431 2847,1431 2901,1431 2956,1431 3011,1430"/>
                <TextEquiv>
                    <Unicode>flikten zeigt. Herr Grevenberg stellte alle diese</Unicode>
                </TextEquiv>
            </TextLine>
            <TextLine id="r2l32" custom="readingOrder {index:31;}">
                <Coords points="1903,1472 3010,1494 3024,1450 1903,1426"/>
                <Baseline points="1910,1458 1965,1459 2020,1461 2075,1462 2131,1463 2186,1464 2241,1465 2297,1467 2352,1468 2407,1469 2463,1470 2518,1471 2573,1472 2628,1472 2684,1473 2739,1473 2794,1474 2850,1474 2905,1474 2960,1475 3016,1475"/>
                <TextEquiv>
                    <Unicode>Gefühlswallungen mit einem hin und her lodernden</Unicode>
                </TextEquiv>
            </TextLine>
            <TextLine id="r2l33" custom="readingOrder {index:32;}">
                <Coords points="1903,1516 3022,1531 3021,1489 2938,1478 1903,1473"/>
                <Baseline points="1910,1505 1965,1506 2020,1507 2075,1508 2131,1508 2186,1509 2241,1509 2296,1510 2352,1510 2407,1511 2462,1512 2517,1512 2573,1513 2628,1514 2683,1514 2738,1515 2794,1516 2849,1517 2904,1518 2959,1519 3015,1520"/>
                <TextEquiv>
                    <Unicode>Feuer dar. Den Francesco spielte Herr Vollmer mit der</Unicode>
                </TextEquiv>
            </TextLine>
            <TextLine id="r2l34" custom="readingOrder {index:33;}">
                <Coords points="1904,1558 2995,1577 3024,1536 1905,1515"/>
                <Baseline points="1912,1548 1967,1548 2022,1548 2077,1549 2132,1550 2188,1551 2243,1551 2298,1552 2353,1553 2408,1554 2464,1555 2519,1556 2574,1557 2629,1558 2684,1559 2740,1559 2795,1559 2850,1560 2905,1560 2960,1559 3016,1559"/>
                <TextEquiv>
                    <Unicode>frischen Tatkraft, welche diesem resoluten Schwestermörder</Unicode>
                </TextEquiv>
            </TextLine>
            <TextLine id="r2l35" custom="readingOrder {index:34;}">
                <Coords points="1899,1597 2905,1623 3018,1616 3019,1575 1900,1553"/>
                <Baseline points="1906,1589 1961,1591 2016,1593 2071,1594 2127,1595 2182,1596 2237,1597 2293,1598 2348,1598 2403,1598 2459,1599 2514,1599 2569,1599 2624,1599 2680,1600 2735,1600 2790,1600 2846,1601 2901,1601 2956,1602 3012,1603"/>
                <TextEquiv>
                    <Unicode>eigen ist; ergötzlich war der Manussi des Herrn Mehnert,</Unicode>
                </TextEquiv>
            </TextLine>
            <TextLine id="r2l36" custom="readingOrder {index:35;}">
                <Coords points="1903,1636 2837,1661 3015,1654 3016,1616 1904,1605"/>
                <Baseline points="1911,1634 1965,1635 2020,1636 2075,1637 2130,1637 2185,1638 2240,1639 2295,1639 2350,1640 2405,1640 2460,1640 2514,1641 2569,1641 2624,1642 2679,1642 2734,1642 2789,1643 2844,1643 2899,1643 2954,1644 3009,1644"/>
                <TextEquiv>
                    <Unicode>der etwas Humor in die grellen Vorgänge brachte. Der</Unicode>
                </TextEquiv>
            </TextLine>
            <TextLine id="r2l37" custom="readingOrder {index:36;}">
                <Coords points="1901,1688 3023,1694 3023,1662 2946,1647 1901,1644"/>
                <Baseline points="1909,1676 1964,1677 2019,1678 2075,1679 2130,1680 2185,1681 2241,1681 2296,1682 2351,1683 2407,1683 2462,1684 2517,1684 2573,1684 2628,1685 2683,1685 2739,1686 2794,1686 2849,1686 2905,1687 2960,1687 3016,1687"/>
                <TextEquiv>
                    <Unicode>Graf Andrea Fantuzzi des Herrn Eggeling zeigte in seiner</Unicode>
                </TextEquiv>
            </TextLine>
            <TextLine id="r2l38" custom="readingOrder {index:37;}">
                <Coords points="1897,1736 3013,1745 3014,1695 1898,1688"/>
                <Baseline points="1904,1719 1959,1719 2014,1719 2069,1720 2124,1720 2179,1721 2234,1722 2290,1722 2345,1724 2400,1724 2455,1725 2510,1726 2565,1727 2620,1728 2676,1729 2731,1729 2786,1729 2841,1729 2896,1729 2951,1729 3007,1728"/>
                <TextEquiv>
                    <Unicode>Hauptscene dramatische Energie. Erwahnen wollen wir noch aus</Unicode>
                </TextEquiv>
            </TextLine>
            <TextLine id="r2l39" custom="readingOrder {index:38;}">
                <Coords points="1901,1767 3028,1776 3028,1730 1902,1733"/>
                <Baseline points="1909,1760 1964,1761 2020,1762 2075,1763 2131,1764 2186,1765 2242,1765 2297,1766 2353,1766 2408,1767 2464,1767 2520,1768 2575,1768 2631,1768 2686,1769 2742,1769 2797,1769 2853,1770 2908,1770 2964,1771 3020,1771"/>
                <TextEquiv>
                    <Unicode>dem großen Personenverzeichnis, den halbölödsinnigen Wappen¬</Unicode>
                </TextEquiv>
            </TextLine>
            <TextLine id="r2l40" custom="readingOrder {index:39;}">
                <Coords points="1906,1813 3017,1811 2953,1775 1906,1766"/>
                <Baseline points="1913,1804 1967,1805 2022,1806 2077,1806 2132,1807 2187,1808 2242,1808 2296,1809 2351,1809 2406,1809 2461,1810 2516,1810 2571,1810 2626,1811 2680,1811 2735,1812 2790,1812 2845,1813 2900,1813 2955,1814 3010,1815"/>
                <TextEquiv>
                    <Unicode>schneider des Herrn Forsch, den diplomatischen Geheimschreiber</Unicode>
                </TextEquiv>
            </TextLine>
            <TextLine id="r2l41" custom="readingOrder {index:40;}">
                <Coords points="1897,1855 3026,1880 3001,1816 1898,1811"/>
                <Baseline points="1904,1843 1959,1845 2015,1846 2071,1848 2127,1849 2182,1850 2238,1850 2294,1851 2350,1852 2405,1852 2461,1853 2517,1853 2573,1853 2628,1854 2684,1854 2740,1854 2796,1855 2851,1855 2907,1855 2963,1856 3019,1857"/>
                <TextEquiv>
                    <Unicode>Cossini des Herrn Bornstedt, den charakterfesten Magnani</Unicode>
                </TextEquiv>
            </TextLine>
            <TextLine id="r2l42" custom="readingOrder {index:41;}">
                <Coords points="1900,1888 3027,1899 2793,1858 1900,1858"/>
                <Baseline points="1906,1889 1961,1890 2017,1892 2073,1893 2128,1894 2184,1894 2240,1895 2295,1895 2351,1895 2407,1895 2463,1895 2518,1896 2574,1896 2630,1896 2685,1896 2741,1896 2797,1897 2852,1897 2908,1898 2964,1900 3020,1901"/>
                <TextEquiv>
                    <Unicode>des Herrn Hofmann, die kecken Florentinerinnen der</Unicode>
                </TextEquiv>
            </TextLine>
            <TextLine id="r2l43" custom="readingOrder {index:42;}">
                <Coords points="1906,1934 3016,1937 3016,1904 1907,1891"/>
                <Baseline points="1913,1932 1967,1932 2022,1933 2077,1933 2132,1934 2187,1935 2241,1935 2296,1936 2351,1936 2406,1937 2461,1937 2515,1937 2570,1938 2625,1938 2680,1938 2735,1939 2789,1939 2844,1939 2899,1939 2954,1939 3009,1939"/>
                <TextEquiv>
                    <Unicode>Elisabet Kirch und Elisabet Anders, die tleine unter¬</Unicode>
                </TextEquiv>
            </TextLine>
            <TextLine id="r2l44" custom="readingOrder {index:43;}">
                <Coords points="1901,1985 3021,1985 3021,1940 1901,1932"/>
                <Baseline points="1907,1975 1962,1976 2017,1976 2073,1976 2128,1977 2183,1977 2239,1978 2294,1979 2349,1979 2405,1980 2460,1981 2515,1981 2571,1982 2626,1982 2681,1982 2737,1983 2792,1983 2847,1982 2903,1982 2958,1981 3014,1980"/>
                <TextEquiv>
                    <Unicode>nehmungslustige Marguerita der Julia Siegert, die demi¬</Unicode>
                </TextEquiv>
            </TextLine>
            <TextLine id="r2l45" custom="readingOrder {index:44;}">
                <Coords points="1895,2021 3016,2043 3005,1987 1896,1982"/>
                <Baseline points="1902,2016 1957,2017 2012,2018 2068,2018 2123,2019 2178,2019 2234,2020 2289,2021 2344,2021 2400,2022 2455,2022 2510,2023 2566,2023 2621,2024 2676,2024 2732,2025 2787,2025 2842,2026 2898,2026 2953,2026 3009,2026"/>
                <TextEquiv>
                    <Unicode>monderischen Bologneserinnen der Melitta Benda und</Unicode>
                </TextEquiv>
            </TextLine>
            <TextLine id="r2l46" custom="readingOrder {index:45;}">
                <Coords points="1901,2070 2852,2089 3016,2079 3017,2039 1902,2023"/>
                <Baseline points="1909,2058 1964,2059 2019,2059 2074,2060 2129,2061 2184,2061 2239,2062 2294,2062 2349,2063 2404,2064 2459,2064 2514,2064 2569,2065 2624,2065 2679,2065 2734,2066 2789,2066 2844,2066 2899,2066 2954,2066 3009,2066"/>
                <TextEquiv>
                    <Unicode>Marta Kolmar, die kupplerische alte Nardi der Katha¬</Unicode>
                </TextEquiv>
            </TextLine>
            <TextLine id="r2l47" custom="readingOrder {index:46;}">
                <Coords points="1893,2098 3024,2115 3024,2073 1894,2071"/>
                <Baseline points="1901,2102 1956,2103 2012,2104 2068,2105 2124,2106 2180,2107 2235,2107 2291,2107 2347,2107 2403,2107 2459,2107 2514,2107 2570,2107 2626,2107 2682,2107 2738,2108 2793,2108 2849,2109 2905,2110 2961,2111 3017,2113"/>
                <TextEquiv>
                    <Unicode>rina Winkler, die Rosina der Anny Lescinsky und die</Unicode>
                </TextEquiv>
            </TextLine>
            <TextLine id="r2l48" custom="readingOrder {index:47;}">
                <Coords points="1901,2153 2999,2172 3015,2125 1901,2108"/>
                <Baseline points="1909,2142 1966,2144 2024,2146 2082,2148 2140,2148 2198,2149 2256,2150 2313,2150 2371,2151 2429,2151 2487,2151 2545,2151 2603,2151 2660,2151 2718,2151 2776,2151 2834,2152 2892,2153 2950,2153 3008,2155"/>
                <TextEquiv>
                    <Unicode>Teresina der Alice de Fontelive, jene frisch und munter,</Unicode>
                </TextEquiv>
            </TextLine>
            <TextLine id="r2l49" custom="readingOrder {index:48;}">
                <Coords points="1892,2195 3017,2195 2920,2155 1892,2156"/>
                <Baseline points="1899,2187 1954,2189 2010,2191 2065,2192 2121,2193 2176,2194 2232,2194 2287,2194 2343,2195 2398,2195 2454,2195 2510,2195 2565,2194 2621,2194 2676,2194 2732,2195 2787,2195 2843,2195 2898,2196 2954,2197 3010,2199"/>
                <TextEquiv>
                    <Unicode>diese innerlich gebrochen; der Vittorino des Herrn Karl</Unicode>
                </TextEquiv>
            </TextLine>
            <TextLine id="r2l50" custom="readingOrder {index:49;}">
                <Coords points="1902,2239 3021,2242 3021,2192 1902,2192"/>
                <Baseline points="1909,2228 1964,2231 2019,2232 2074,2234 2130,2235 2185,2235 2240,2236 2295,2236 2351,2236 2406,2236 2461,2236 2516,2236 2572,2236 2627,2236 2682,2236 2737,2236 2793,2236 2848,2236 2903,2237 2958,2238 3014,2240"/>
                <TextEquiv>
                    <Unicode>Boettcher gab durch stummes Spiel die Eindrücke wieder,</Unicode>
                </TextEquiv>
            </TextLine>
            <TextLine id="r2l51" custom="readingOrder {index:50;}">
                <Coords points="1902,2285 3019,2289 3019,2243 1903,2239"/>
                <Baseline points="1909,2272 1964,2273 2019,2274 2074,2275 2129,2276 2184,2277 2239,2278 2295,2278 2350,2279 2405,2279 2460,2280 2515,2280 2570,2280 2625,2280 2681,2281 2736,2281 2791,2281 2846,2281 2901,2281 2956,2281 3012,2281"/>
                <TextEquiv>
                    <Unicode>die ihn zum Selbstmord trieben; eine gute Genrefigur war</Unicode>
                </TextEquiv>
            </TextLine>
            <TextLine id="r2l52" custom="readingOrder {index:51;}">
                <Coords points="1889,2321 3018,2326 3007,2286 1889,2291"/>
                <Baseline points="1896,2314 1951,2314 2007,2313 2063,2313 2119,2314 2174,2314 2230,2315 2286,2315 2342,2316 2397,2317 2453,2318 2509,2319 2565,2320 2620,2321 2676,2322 2732,2322 2788,2323 2843,2323 2899,2323 2955,2322 3011,2322"/>
                <TextEquiv>
                    <Unicode>der Capponi des Herrn Wirth, flott die jungen Bologneser</Unicode>
                </TextEquiv>
            </TextLine>
            <TextLine id="r2l53" custom="readingOrder {index:52;}">
                <Coords points="1888,2362 3026,2387 3026,2335 2981,2325 1889,2322"/>
                <Baseline points="1896,2356 1952,2358 2008,2359 2064,2360 2120,2361 2176,2361 2232,2362 2289,2363 2345,2363 2401,2363 2457,2364 2513,2364 2569,2364 2625,2365 2682,2365 2738,2365 2794,2365 2850,2366 2906,2366 2962,2367 3019,2367"/>
                <TextEquiv>
                    <Unicode>der Herren Favre und Bartholomé und der Musiker Dossi</Unicode>
                </TextEquiv>
            </TextLine>
            <TextLine id="r2l54" custom="readingOrder {index:53;}">
                <Coords points="1887,2407 3014,2428 3015,2374 1887,2363"/>
                <Baseline points="1894,2400 1949,2401 2005,2402 2060,2402 2116,2403 2172,2404 2227,2404 2283,2405 2339,2405 2394,2405 2450,2405 2506,2406 2561,2406 2617,2406 2673,2406 2728,2406 2784,2407 2840,2407 2895,2407 2951,2408 3007,2408"/>
                <TextEquiv>
                    <Unicode>des Herrn Wildenhain. Die Markiscenen des zweiten und</Unicode>
                </TextEquiv>
            </TextLine>
            <TextLine id="r2l55" custom="readingOrder {index:54;}">
                <Coords points="1887,2455 3022,2456 3005,2415 1888,2404"/>
                <Baseline points="1895,2441 1951,2443 2007,2445 2063,2446 2119,2447 2175,2447 2231,2448 2287,2449 2343,2449 2399,2449 2455,2449 2511,2449 2567,2449 2623,2449 2679,2449 2735,2449 2791,2449 2847,2449 2903,2449 2959,2449 3015,2449"/>
                <TextEquiv>
                    <Unicode>die Hofscenen des vierten Aktes waren von Herrn Egge¬</Unicode>
                </TextEquiv>
            </TextLine>
            <TextLine id="r2l56" custom="readingOrder {index:55;}">
                <Coords points="1886,2482 2974,2520 3010,2515 3011,2457 1886,2459"/>
                <Baseline points="1893,2487 1948,2488 2004,2488 2059,2489 2115,2490 2170,2490 2226,2491 2281,2491 2337,2491 2392,2492 2448,2492 2503,2493 2559,2493 2614,2494 2670,2494 2725,2495 2781,2495 2836,2496 2892,2496 2947,2497 3003,2497"/>
                <TextEquiv>
                    <Unicode>ling gut arrangiert — nur störten die allzulangen Zwischen¬</Unicode>
                </TextEquiv>
            </TextLine>
            <TextLine id="r2l57" custom="readingOrder {index:56;}">
                <Coords points="1889,2535 1900,2538 1906,2533 1913,2539 1923,2532 1936,2541 1945,2534 1956,2534 1963,2541 1977,2535 1990,2538 2002,2534 2003,2504 1991,2505 1978,2500 1974,2505 1964,2506 1956,2497 1944,2498 1916,2486 1912,2490 1890,2489"/>
                <Baseline points="1896,2527 1928,2527 1961,2529 1994,2529"/>
                <TextEquiv>
                    <Unicode>akte.</Unicode>
                </TextEquiv>
            </TextLine>
            <TextLine id="r2l58" custom="readingOrder {index:57;}">
                <Coords points="2419,2534 2547,2542 2583,2563 2646,2540 2820,2556 3000,2543 3000,2526 2921,2498 2758,2511 2609,2493 2530,2511 2506,2492 2420,2497"/>
                <Baseline points="2427,2530 2455,2531 2483,2531 2511,2532 2540,2533 2568,2534 2596,2535 2625,2535 2653,2536 2681,2537 2710,2538 2738,2539 2766,2540 2794,2541 2823,2541 2851,2541 2879,2542 2908,2542 2936,2542 2964,2542 2993,2542"/>
                <TextEquiv>
                    <Unicode>Rudolf von Gottschall.)</Unicode>
                </TextEquiv>
            </TextLine>
            <TextEquiv>
                <Unicode>gekommen, außerdem noch mit grellen und etwas anstößigen
Episoden überladen, in ihren psychologischen Motivierungen
oft sehr unklar; aber an dichterischen Schönheiten fehlt es
dem Werke nicht, und es ist nur schade, daß diese Brillanten!
an einer so zerknüllten dramatischen Toilette hängen.
Frl. Irene Triesch, welche die Beatrice spielte, ist bis¬
her noch nie in Leipzig aufgetreten; es ist uns unmöglich, sie
nach einer einzigen Rolle, noch dazu in einem verfehlten
Stücke, zu beurteilen. Das Eine erschien uns zweifellos: sie
hat Temperament und weiß Affektstellen und Sensations¬
motive gut heraus zu arbeiten. Von ihrem Organ wird
sie dabei nicht sonderlich unterstützt; es hat keinen schönen
Vollklang, bisweilen eiwas Kreischendes. In der Seelen¬
malerei mag sie Anerkennenswertes leisten; das zeigte sich in
den beiden großen Scenen mit dem Dichter Filippo; doch im
ganzen bietet das Schauspiel wenig Anlaß dazu. Sie wurde
wiederholt hervorgerufen und lebhaft applaudiert. Vor¬
trefflich war der Herzog des Herrn Mauren, eine impulsive
Na##r wie fast alle Helden und Heldinnen des Stücken)
doch über die Klippen desselben, die Werbung auf
der Straße, welche an diejenige Richards III. erinnert,
glitt sein Spiel geschickt hinweg; er suchte nach einer Ver¬
mefung, welche der Dichter hier nicht gefunden, und half mit
andeutendem Spiele nach. Sehr schön sprach er die Schluß¬
rede. Herr Grevenberg als Filippo Loschi hat eine noch
schwierigere Aufgabe. Dieser Dichter mit einer etwas dunkeln,
gelegentlich in die Hanslung hereinplatzenden Vorgeschichte
gehört zu den schwankenden Gestalten, deren Genialität sich in
einem grillenhaften Wesen, in einem stürmischen Wechsel
der Empfindungen, in unausgeglichenen seelischen Kon¬
flikten zeigt. Herr Grevenberg stellte alle diese
Gefühlswallungen mit einem hin und her lodernden
Feuer dar. Den Francesco spielte Herr Vollmer mit der
frischen Tatkraft, welche diesem resoluten Schwestermörder
eigen ist; ergötzlich war der Manussi des Herrn Mehnert,
der etwas Humor in die grellen Vorgänge brachte. Der
Graf Andrea Fantuzzi des Herrn Eggeling zeigte in seiner
Hauptscene dramatische Energie. Erwahnen wollen wir noch aus
dem großen Personenverzeichnis, den halbölödsinnigen Wappen¬
schneider des Herrn Forsch, den diplomatischen Geheimschreiber
Cossini des Herrn Bornstedt, den charakterfesten Magnani
des Herrn Hofmann, die kecken Florentinerinnen der
Elisabet Kirch und Elisabet Anders, die tleine unter¬
nehmungslustige Marguerita der Julia Siegert, die demi¬
monderischen Bologneserinnen der Melitta Benda und
Marta Kolmar, die kupplerische alte Nardi der Katha¬
rina Winkler, die Rosina der Anny Lescinsky und die
Teresina der Alice de Fontelive, jene frisch und munter,
diese innerlich gebrochen; der Vittorino des Herrn Karl
Boettcher gab durch stummes Spiel die Eindrücke wieder,
die ihn zum Selbstmord trieben; eine gute Genrefigur war
der Capponi des Herrn Wirth, flott die jungen Bologneser
der Herren Favre und Bartholomé und der Musiker Dossi
des Herrn Wildenhain. Die Markiscenen des zweiten und
die Hofscenen des vierten Aktes waren von Herrn Egge¬
ling gut arrangiert — nur störten die allzulangen Zwischen¬
akte.
Rudolf von Gottschall.)</Unicode>
            </TextEquiv>
        </TextRegion>
    </Page>
</PcGts>
