3248 4256
-23 2421 73 2508 6
304 160 1843 286 14. Der Schleiender Beatrice
1969 166 2376 270 box 20/
192 762 411 864 12801.
182 844 887 968 n für Zeitungs-Ausschnitte
542 923 762 993 Ausschnit!
174 958 884 1090 ERVER“ N. 97
186 1048 941 1164 itungsberichte u. Personalnachrichten
186 1137 791 1231 rkenstrasse 17.
176 1225 592 1326 pest: „Figyeló“ —
188 1273 950 1375 London, Newyork, Paris, Rom, Stockholm.
192 1369 789 1508 Aa-Biali (pade Baute.) Wien
558 1698 674 1787 E
3160 1724 3249 1814 Memen
1788 1722 2012 1809 1 A
3055 1738 3139 1819 en
998 1787 2099 1857 „Lieber Dr. Schlenther! Ihr lobenswerther Wissens¬
2180 1811 3266 1874 Auf dem literarischen Markt, wo Sie einst Herr un
169 1649 600 1894 illeton.
874 1816 2098 1905 drang gibt mir erwünschteste Gelegenheit, Ihnen heute in
2088 1830 3258 1914 Gebieter waren oder wenigstens schienen, haben Sie kau
882 1877 2095 1953 Form einer Vorlesung (nicht zum Besten der „Concordia“,
2089 1893 3255 1958 mehr etwas zu suchen; Sie kleiden ihre Bühne nach de
876 1924 2100 1998 sondern zum Besten des so schwer an Ihnen leidenden Burg¬
171 1903 739 2012 nter-Vorlesung.
2083 1941 3265 2010 Muster von Brahm in Berlin, bald vielleicht nach Berge
884 1969 2097 2039 theaters!) Alles das zu sagen, mir seit längerer Zeit — un¬
2079 1982 3265 2048 in Hamburg und werden bald in Brünn, Prag und Gr¬
177 1979 675 2055 t des „Montagblatt“.)
871 2012 2095 2085 gefähr so lange als Sie Director sind — auf dem Herzen liegt.
2080 2024 3254 2093 die „Richtung“ suchen, aus welcher Sie die Hi nrichtun
184 2026 896 2108 mit allem bei den Veranstaltungen
875 2065 2095 2131 Sie mögen über das „antike Drama“ recht viel studirt haben
2088 2068 3266 2137 machen werden! Inzwischen kaufen Sie ihre Stücke au
185 2083 893 2153 Aufwand an Voranzeigen, Notizen
883 2110 2095 2172 und auch die „moderne Bühne“ recht gründlich gekannt haben,
2084 2103 3266 2191 der „dramaturgischen Kleiderschwemme“ im Weghuberpar
168 2134 891 2185 ung des „geistvollen Kritikers und
880 2143 2097 2215 als Sie noch für die „Vossische Zeitung“ ihre Kritiken schrieben
2081 2149 3267 2242 der Sie am Ende gar noch die „abgelegten“ Stücke von —
184 2175 892 2239 rs Dr. Paul Schlenther“ im Bösen¬
883 2196 2092 2263 und bald nach seinen ersten Erfolgen Gerhard Hauptmann
2084 2198 3049 2270 Blumenthal und Kadelburg abnehmen werden?
182 2206 906 2283 und die Auguren des Abends haben
878 2237 2086 2298 für die Mitwelt noch einmal entdeckten, aber als Bühnen¬
2179 2231 3258 2312 Wo ist der „führende Geist“, den sie ausstrahlten i
167 2251 2087 2349 en Köpfe für kurze Zeit eingestellt leiter sind Sie — verzeihen Sie das harte Wort! — nicht
2077 2287 3255 2356 der Glorie ihres Literatur=Apostelthums? Wo ist die „modern
215 2305 896 2380 ihr „Ave“ und „Heil“ gerufen.
877 2321 2093 2397 auf dem Platze, den man Ihnen so weich und wohlig gebettet
2079 2338 3265 2400 Bühne“, die Sie besprechen, die aber nur eine modernd
172 2335 3258 2401 hhr geworden, die Herren von der hat! Sie kamen als kritischer Obergott mit all dem Ansehen Bühne ist? Das einzige blühende Talent des Wiener drame
167 2396 3264 2490 8 Droschkenkutscher (Standplatz am nach Wien, dessen sich — Gott sei's geklagt! — bei uns nur tischen Schriftthums, Arthur Schnitzler, haben Sie brüs
174 2445 886 2505 gefunden, trotzdem die ersteren lange
868 2454 2085 2526 der „richtige Berliner“ sowie jeder andere „Zuag'raste“ erfreut.
2079 2471 3253 2532 vor die Thüre gesetzt und worist der Ersatz für diesen? Haupt
167 2481 2087 2571 belegen und erst kürzlich im FalleMan empfing Sie als den Propheten der modernen Kunst,
2085 2514 3267 2580 mann, Sudermann, Dreyer, Hartleben und Andere müsse
178 2519 905 2599 te an den bösen Mann sandten, die
875 2544 2087 2606 doch dieser Prophet war nur der — Jeremias, dessen Klage¬
2085 2562 3259 2624 an andere Thüren anklopfen, weil im Burgthater ein Man
179 2577 2090 2657 Collectivnoten der Diplomaten in lieder bald ertönten, als Sie an Werk gingen. Man hoffte
2083 2603 3265 2665 sitzt, der nach oben katzbuckelt und nie eine andere Meinun
190 2619 2082 2699 also ihr kritisches Rüstzeug, respec= auf neue Stücke — diese blieben aus! Man hoffte auf neue
2082 2650 3260 2707 hat, als die ihm vorgesetzte Behörde! Sie kennen wohl nich
197 2660 894 2728 t. Doctor Paul, der immer ein
880 2680 2089 2748 Künstler — diese kamen, leider! Oder wollen Sie die Frank's,
2073 2693 3262 2757 den Mann, der Laube geheißen hat, der auch aus dem Reich
188 2703 881 2774 war durch so viel Liebe rasch ge¬
879 2718 2087 2795 Biesantze, Paulsen's 2c. als Gewinn für das Burgtheater
2074 2725 3263 2791 kam, aber Alles das mitgebracht hat, was Sie — wohl wege
183 2745 891 2813 denn zum Besten der „Concordia“
868 2768 2089 2836 ausgeben? Man hoffte auf Auffrischung des alten Repertoires,
2613 2786 2689 2837 —
2071 2771 2611 2835 des hohen Schutzzolles?
2646 2793 3258 2852 draußen gelassen haben; wi
175 2793 890 2859 funde Weisheit über „Antikes Drama
873 2796 1478 2866 das arg vernachlässigt war
1480 2808 2089 2875 es ist heute noch mehr im
2084 2826 3231 2875 literarisches Gewissen, Nackensteife, Ehrgeiz und Energie?
167 2837 891 2911 m Besten“ geben, und es ist noch
870 2851 2094 2918 Argen und wenn man ein classisches Stück erträglich dar¬
2186 2876 3257 2933 „Das, mein geehrter Hörer“ — würde ich zu Dr
181 2873 878 2948 it „zum Besten“ gehalten worden.
880 2906 2077 2959 gestellt sehen will, so muß man am Donnerstag in's Volks¬
2080 2886 3254 2982 Schlenther sagen — „verstehe ich unter den Aufgaben eine
173 2902 881 2991 ine schöne Sache und Dr. Schlenther
876 2949 2081 3007 theater oder am Samstag in's Jubiläumstheater gehen! Sie
2081 2964 3259 3031 modernen Bühne und unter den Pflichten eines moderne
165 2963 884 3034 nd spätere Studienjahre mit Nutzen
878 2981 2083 3055 haben Kainz und die Witt von ihrem Vorgänger über¬
2076 2997 3239 3058 Bühnenleiters und wenn Sie mehr darüber wissen wollen,
208 3024 885 3088 aber wie er mit der „modernen
879 3033 2080 3101 nommen, doch was haben Sie aus diesen beiden Star's zu
2077 3043 3266 3132 bin ich nicht abgeneigt, Ihnen sogar im Löwenbräu ein
164 3042 2077 3137 er statt bei Bösendorfer, besser inmachen verstanden? Nichts! Oder noch weniger als das, denn
2073 3087 2785 3149 Privatissimum darüber vorzulesen.
168 3103 2084 3195 ring zeigen sollen, wo er schon all= Kainz ist nicht einmal mehr der Cassenmagnet, der er Anfangs
2176 3120 3267 3197 Aber dies Alles konnte ich leider nicht sagen, weil ic
170 3146 882 3213 er führt oder wenigstens führen soll.
875 3166 2073 3236 war, weil das Publikum von dem großen Künstler große
2075 3168 3265 3252 still zuhörend im Fond des Saales sitzen mußte und au
189 3197 889 3262 im Saale im Parquet, während
877 3210 2082 3274 Leistungen sehen will und diese können Sie ihm nicht bieten!
2075 3222 3265 3286 der Estrade saß Dr. Paul Schlenther, der Director des k.
174 3229 882 3303 trade saß — wenn es nach meinem
860 3246 2073 3321 Die Lotte Witt, von der allein eine andere Bühne leben
2076 3268 3258 3329 Hofburgtheaters, und las zum Besten der „Concordia“ übe
185 3281 886 3347 hätte es umgekehrt sein müssen
865 3293 2081 3363 könnte, haben Sie glücklich bis zu der Hosenrolle in
2076 3315 3266 3378 „Antikes Drama und moderne Bühne“ während zur selber
170 3299 2086 3430 an Dr. Schlenther folgende Vor= „Renaissance“ gebracht, für dessen Talmi=Poesie Bau¬
2077 3351 3263 3424 Zeit am Franzensring eine angebliche „Renaissance“ über die
849 3381 1786 3459 lmeister'sches Gold verschwendet wird ...
2060 3385 3242 3463 morschen Bretter ging. Armes Burgtheater! Thalianus.
