3436 4448
296 182 1791 278 14. Der Schleier der Bestrice
614 1191 1496 1311 Hamburgischer Correspondent
1079 1286 1394 1368 n Mai 4095
531 1348 1151 1441 Arthur Schnitzlers
880 1412 1666 1504 „Schleier der Beatrice“.
558 1471 1623 1539 (Zur Uraufführung im Wiener Burgtheater.)
1344 1532 1697 1602 Wien, 28. Mai.
536 1581 1724 1642 Dieses Werk Arthur Schnitzlers ist an die fünfundzwanzig
467 1627 1729 1680 Jahre alt. Und als es Schnitzler schrieb, da dachte er an Josef
468 1660 1732 1718 Kainz, der ihm aber ein Refus gab. Zwischen dem Dichter
463 1710 1729 1743 des „Anatol“ und dem Burgtheater trat damals eine Ent¬
464 1744 1730 1801 fremdung ein und das Fazit war, daß alle späteren Werke das
471 1784 1728 1825 Deutsche Volkstheater erhielt. Dieses Renaissancedrama blieb
467 1823 1733 1862 aber in Wien weiter unaufgeführt (ich glaube, daß man es in
473 1864 1720 1914 Berlin vor ein paar Jahren spielte), bis es Paulsen, damals
458 1903 1728 1952 Direktor des Burgtheaters. vordrei Jahren für das Burg¬
462 1945 1733 2000 theater zur Aufführung annahm . Nun hat es endlich das
466 1978 1723 2039 Rampenlicht erblickt und die Frage liegt nahe, ob diese an sich
460 2024 1731 2073 verspätete Aufführung eine Notwendigkeit war, Nicht un¬
466 2059 1726 2105 erwähnt bleibe, daß ja inzwischen aus dem Jambendrama eine
464 2102 1720 2135 Pantomime gedrechselt wurde, zu der Dohnany die Musik ge¬
461 2144 1727 2181 schrieben hat und die als „Der Schleier der Pierette“ mit der
465 2179 1713 2241 Galafrés im Deutschen Volkstheater einen starken Erfolg
461 2211 1721 2287 hatte. Die Uraufführung am Burgtheater wurde keine Sen¬
465 2254 1717 2301 sation und auch keine große Sache, weil mit Burgtheater¬
459 2297 1721 2341 jugend allein ein immerhin schauspielerisch so schwer zu be¬
458 2340 1717 2386 wältigendes Werk nicht genügend publikumswirksam heraus¬
454 2374 1718 2454 gebracht werden kann. Sie alle, ob man nun Hilde Wagener
458 2422 1713 2465 nennt, die die Beatrice zu spielen hatte, oder Herrn Aslan,
449 2461 1713 2517 dessen schauspielerische Fadesse allmählich auf die Nerven zu
451 2497 1730 2553 geben beginnt (warum sagt ihm das nicht einmal die Wiener
450 2540 1719 2583 Kritik frei heraus?), oder Herrn Andersen, sie alle blieben
458 2570 1712 2620 in ihren Absichten stecken. Unbestreitbar hat das Werk Schnitz¬
458 2614 1717 2667 lers Qualitäten, aber keineswegs solche, daß man nicht auch die
453 2653 1706 2713 großen Fehler herausmerken würde. Diese Beatrice erinnert
456 2696 1712 2765 in ihrer Jugendlichkeit und mit ihrer erotischen Veranlagung
447 2734 1706 2787 lebhaft an Wedekinds Lulu, und was die Handlung betrifft, so
449 2780 1721 2824 wird man oft und oft während des Abends an Maeterlincks
451 2815 1719 2863 „Monna Vanna“ erinnert. Natürlich ist das Stück Schnitzlers
448 2859 1714 2904 weder Wedekindisch noch in der Art Maeterlincks, es hat schon
441 2893 1703 2959 ein eigenes Gesicht, aber dieses ist leider nicht prägnant genug,
450 2938 1710 2974 um eines Arthur Schnitzler würdig zu sein. Das Premieren¬
448 2976 1701 3034 publikum ging in seiner Noblesse über alle Bedenken hinweg
443 3008 1709 3079 und spendete dem Dichter und den Darstellern Beifall. Daß
446 3055 1706 3103 Direktor Herterich in höchsteigener Person die Regie führte,
440 3086 1707 3159 war sehr nett, aber eher ein Nachteil als ein Vorzug für das
411 3125 591 3196 Werk.
1549 3136 1684 3213 I.
1966 165 2405 259 box 20/6
2134 960 2885 1053 8 Uhr Abendblatt, Berlin
2570 1110 2861 1211 Juni 4025
2306 1206 2825 1321 Wiener Theater.
2043 1303 3085 1390 Drahtbericht unseres Korrespondenken.
1949 1357 2029 1426 54
2807 1370 3138 1446 Wien, 4. Juni.
1995 1398 3180 1468 Direktor Herterich vom Burgtheater ist nachzurühmen, daß
1948 1458 3185 1538 er die Schulden seiner Vorgänger einlöst. Im Jahre 1924 drängte
1941 1519 3185 1579 Hugo Thimig, der damalige Burgtheaterdirektor, Ludwig Fulda,
1944 1565 3179 1623 Ibsens „Peer Gynt“ zu übersetzen. Die Aufführung der
1953 1594 3173 1657 Fuldaschen Bearbeitung erfolgte, wie erinnerlich, erst vor wenigen
1945 1641 3180 1692 Wochen. Vor 25 Jahren hat Paul Schlenther Arthur Schnitz¬
1942 1679 3182 1736 lers „Der Schleier der Beatrice" angenommenund
1946 1726 3170 1787 jetzt erst ist Schnitzlers Werk dem Repertoire des Burgtheaters ein¬
1942 1762 3171 1843 verleibt worden. Schlenther mußte infolge „höherer Weisung“ sein
1942 1807 3181 1880 Versprechen zurückziehen. Der Dichter der „Liebelei“, des „Ver¬
1931 1849 3175 1911 mächtnis" und „Freiwild“ war in den Hofkreisen nicht beliebt. Ja,
1943 1897 3178 1970 nach dem Erscheinen seiner Novelle „Leutnant Gustl“ verlor er sogar
1940 1934 3178 2003 seinen Rang als Reserveoffizier, was für den Geist der damaligen
1943 1989 3174 2043 Zeit bezeichnend ist. Im Deutschen Reich hat Schnitzlers „Schleier
1934 2035 3176 2088 der Beatrice" viele Aufführungen erlebt. Dort hat man auch in
1945 2086 3171 2143 „hoheren Kreisen“ größeres Verständnis für Schnitzlers poetische Be¬
1936 2116 3178 2171 arbeitung der Epoche der Renaissance, der Zeit des großen Blut=,
1944 2165 3158 2213 Farben= und Liebesrausches gezeigt. Die Aufführung des Burg¬
1931 2199 3162 2270 theaters ist zu loben. Herterichs Regie war sehr lebendig und sinn¬
1939 2237 3167 2312 fällig. Remigius Geyling brachte prachtvolle Bühnenbilder.
1943 2295 3168 2339 Voll Hoheit und Würde gab Raoul Aslan den Herzog mit durch¬
1935 2332 3176 2403 zeistigter Stilkunst. Das Premierenpublikum huldigte Schnitzler in
1934 2366 2300 2442 stürmischer Weise.
1993 2407 3167 2491 Max Reinhardt hat im Theater der Josefstadt Werfels
1936 2468 3178 2534 „Maximilian und Juarez' zu großen Ehren geführt. Das
1944 2515 3173 2571 Stück selbst, die Tragödie Maximilians dramatisch bearbeitet, ver¬
1941 2564 3170 2616 nochte trotz des großen Fleißes, den der hochbegabte Dichter auf¬
1937 2601 3173 2668 gewendet hat, das Publikum nicht zu erwärmen. Aber Reinhardt
1934 2640 3158 2702 hat sein Interesse durch seine schöpferische Mitarbeit erzwungen,
1928 2691 3172 2748 so daß er viel lebhafter akklamiert wurde, als Werfel. Paul Hart¬
1939 2728 3164 2771 mann hat mit seinem Maximilian, den er als einen Mann von
1931 2772 3159 2833 Adel und schwärmerischen Idealismus, der die Menschen aus der
1938 2807 3169 2888 Tiefe seiner Seele beglücken will, gespielt hat, eine außerordentliche
1935 2863 3166 2913 Leistung geschaffen und stand im Mittelpunkt der Darstellung. Neben
1939 2903 3166 2961 ihm ist in erster Linie Jakob Feldhammer als Porferio Diaz
1942 2940 3160 3003 mit größtem Lobe hervorzuheben. Das ist die wunderbare Kunst von
1931 2986 3158 3057 Reinhardt, daß er jeden Schauspieler auch in der kleinsien Rolle zum
1937 3039 3164 3089 Erfolge führt. Reinhardt war sich sicher darüber klar, daß die un¬
1941 3080 3166 3133 geheure Mühe und Arbeit der Inszenierung der Werfelschen Historie
1943 3127 3164 3192 sich materiell nicht auswerten werde. Um so löblicher sein Kunst¬
1925 3158 2795 3233 beginnen, für das ihm herzlich gedankt wurde.
2635 3191 3130 3274 Ludwig Klinenberger.
