3436 4384
1942 298 2380 401 box 20/1
287 301 1806 409 14. Der Schleier der Beatrice
1008 832 1429 909 Telefon 12801.
535 924 1897 1024 Alex. Weigl’s Unternehmen für Zeitungs-Ausschnitte
1561 996 1773 1063 Ausschaltt
888 1011 1907 1165 „OBSERVER“ Nr. 85
441 1066 578 1181 *
492 1143 1972 1237 I. österr. behördl. conc. Bureau für Zeitungsberichte u. Personalnachrichten
671 1214 1795 1316 Wien, IX. Türkenstrasse 17.
883 1295 1558 1398 — Filiale in Budapest: „Figyelo“
502 1372 1951 1466 Vertretungen in Berlin, Chicago, Genf, London, Newyork, Paris, Rom, Stockholm.
496 1498 1050 1597 Ausschnitt aus:
1085 1548 1777 1660 Deutsches Veitstit
508 1641 1080 1750 NeK 24//9 7000
707 1912 1833 2013 Theater, Kunst und Literatur.
1813 1928 2955 2028 lebtes, Erlauschtes und Erfundenes durcheinander mischt. Und
1813 1981 2944 2054 so stellt sich denn die Aufführung der „Mütter“ im Durg¬
791 1988 2950 2110 Hofburgtheater. Gestern hat Herr Dr. Schlenther theater als eine durch nichts zu motivirende und durch nichts
698 2048 1834 2121 bewiesen, wie unrecht ihm gethan wurde, als er von sechs
1820 2069 2958 2163 zu rechtfertigende Gefälligkeit dar, die Herr Schlenther
700 2081 1822 2170 Wiener Kritikern wegen der Ablehnung eines Schnitzler'schen
1834 2112 2959 2198 einem seiner guten Bekannten und dem Kreise, dem derselbe an¬
701 2129 1822 2209 Schauspieles so heftig angegriffen wurde. Der gegenwärtige
1825 2152 2954 2245 gehört, erweisen wollte. Gegen einen derartigen Mißbrauch unserer
688 2170 1817 2257 Leiter unserer Hofbühne ist auf das Eifrigste bestrebt, mit der
1824 2204 2956 2293 Hofbühne muß man doch auf das Entschiedenste Front machen.
697 2226 1814 2303 Clique auf gutem Fuße zu stehen, er findet die Machwerke
1831 2245 2951 2318 Die Darstellung, die das Schauspiel gestern fand, war jeden¬
692 2263 1813 2343 des Wiener wie des Berliner Literaturjudenthums burgtheater¬
1826 2286 2955 2386 falls eine viel sorgfältigere, als sie gegenwärtig unseren
697 2311 1826 2388 fähig, er wagt es auf den Brettern, die einmal das erste
1828 2331 2954 2415 Classikern am Franzensringe zutheil zu werden pflegt. Frau
688 2336 1817 2434 deutsche Schauspielhaus bedeuteten, Hoffmannsthal
1826 2374 2949 2459 Schmittlein spielte die von ihr am Deutschen Volks¬
695 2385 1815 2482 und Hirschfeld zur Aufführung zu bringen und trotzdem
1822 2417 2942 2485 theater creirte Rolle und verdient den Beifall, der ihr gespendet
696 2439 1811 2516 weiß man ihm dafür keinen Dank. Es ist wahr, ein Werk
1818 2469 2932 2536 wurde, diesmal ebenso wie einstens. Neben ihr ist noch Fräulein
542 2452 667 2544 Für
689 2474 1813 2566 des „großen“ Schnitzler wurde nicht für würdig befunden
1816 2503 2931 2593 Medelsky mit vollem Lobe zu nennen. Was die übrigen weib¬
695 2526 1816 2603 und zurückgewiesen — aber was thut das? Wenn Doctor
591 2543 651 2617 1
1807 2551 2933 2637 lichen Rollen betrifft, fällt ein Vergleich zwischen den gestrigen
694 2569 2933 2686 Schlenther aus irgend welchen Gründen sich nicht Leistungen und der seinerzeitigen Darstellung im Volkstheater sehr
684 2597 1810 2702 #entschließen konnte, den „Schleier der Beatrice“ zu
578 2645 652 2703 „
1815 2641 2938 2733 zu Gunsten der letzteren aus, denn weder Fräulein Witt,
688 2649 1804 2734 geben — sein ganzes Verhalten seit seinem Amts¬
1803 2683 2930 2768 noch auch selbstverständlich Fräulein Haeberle erzielten
686 2697 1808 2778 antritte war doch nichts als ein ununterbrochenes
540 2712 687 2786 Ahonr
1807 2722 2930 2816 jene Erfolge, die die Damen Odilon und Retty als
686 2729 1810 2828 Buhlen um die Gunst jener Coterie, in der Herr Schnitzler eine
537 2771 683 2837 Abon
1801 2773 2928 2858 Marie Weil und Grete Printz zu verzeichnen hatten. Zum
687 2783 1807 2871 hervorragende Rolle spielt. Hirschfeld, dem gestern binnen
1810 2813 2922 2884 Schlusse seien noch Frau Wilbrandt und die
679 2817 1802 2911 Jahresfrist zum zweitenmale die Ehre widerfuhr, eine seiner
1806 2854 2939 2936 Herren Reimers, Römpler und Devrient
687 2875 1797 2961 Arbeiten am Burgtheater aufgeführt zu sehen, ist zwar ein
542 2876 676 2953 Inha
1808 2902 2921 2985 erwähnt, die sich des Stückes mit größerem Eifer annahmen,
681 2919 1794 2996 „Berliner“, er gehört aber auch zu jener Gruppe der „Jungen“,
547 2935 678 2989 blä
1804 2943 2911 3032 als ihn dasselbe unseres Erachtens verdient. Hoffentlich
681 2961 1798 3039 die jetzt wegen der „Beleidigung“ eines der Ihrigen auf
536 2974 672 3041 wodu
1804 2988 2925 3092 werden „Die Mütter“ bald wieder aus dem Spielplane des
548 3021 663 3070 des
678 2995 1797 3083 Dr. Schlenther so schlecht zu sprechen ist. Das Schauspiel
1803 3032 2313 3113 Bisegtheaters verschwinden.
540 3043 676 3108 werde
677 3061 1803 3123 „Die Mütter“ ist seinerzeit am Deutschen Volkstheater zur Auf¬
670 3087 1813 3193 führung gelangt, ohne daß es trotz der vortrefflichen Dar¬
675 3131 1793 3220 stellung sich einen bleibenden Platz im Spielplane hätte er¬
1784 3138 1886 3216 ba
665 3174 1789 3262 obern können. Wir möchten nun gerne wissen, was Herrn
1797 3207 1874 3255 S
663 3218 1884 3306 Dr. Schlenther veranlassen konnte, ein von einer Privat= la“
661 3281 1798 3353 bühne „abgelegtes“ Stück dem Repertoire des Burg¬
1783 3285 1874 3334 Fl
657 3302 1791 3396 theaters einzuverleiben und mit demselben die Reihe
1782 3323 1885 3411 8
668 3348 1318 3426 der für diese Saison zu
1305 3369 1784 3437 erwartenden Premièren
1786 3398 1875 3453 sp
656 3376 1880 3494 bei höheren Preisen zu eröffnen? Künstlerische Beweggründe de
658 3444 1800 3536 können da unmöglich mitgewirkt haben; wir glauben, es wird
1783 3481 1866 3536 „L
654 3492 1869 3576 Niemand das Bedürfnis empfunden haben, das am Deutschen (d¬
657 3527 1786 3615 Volkstheater begrabene Stück wieder aufleben zu sehen. Wir
1783 3561 1869 3611 ro
650 3570 1784 3660 von unserem Standpunkte müssen ganz besonders gegen die
1773 3599 1867 3648 R
658 3614 1776 3702 Bevorzugung protestiren, die Herr Schlenther seinem „jungen
1778 3636 1858 3689 ba
650 3657 1781 3746 Freunde“ Hirschfeld zutheil werden läßt. Sowie in „Agnes
655 3696 1851 3801 Jordan“ ist auch in „Die Mütter“ das Milieu ein &
659 3744 1856 3844 rein jüdisches. Wir meinen, daß nicht einmal der  S
652 3798 1839 3883 jüdische Theil des Theaterpublikums sich stark für die dramati= T
638 3842 1850 3935 sirten Familiengeschichten interessirt, in welche Hirschfeld Er= u
