3436 4352
220 253 443 368 14
1922 240 2396 343 box 20/3
450 266 1808 372 Der Schleier der Beatrice
2158 1000 2303 1068 165
1347 997 2111 1090 Notizen und Besprechungen. ###1#
1928 1062 2116 1127 Je
902 1083 2311 1181 vermag, bald ist es eine Zeichnung, bald eine Novelle oder ein Gedicht.
905 1158 2304 1223 Was soll z. B. die Erzählung Mine=Haha von Frank Wedekind, die im
903 1228 2307 1275 Aprilheft begonnen, im Maiheft fortgesetzt und im mir noch nicht vorliegenden
902 1277 2303 1347 Juniheft beendet werden wird? Auf die Gefahr hin, mich zu blamiren
907 1305 2308 1389 und eine sehr tiefe und originale künstlerische Offenbarung mißzuverstehen,
897 1377 2311 1445 möchte ich meinen: sie soll im tiefsten Grunde nichts. Ganz phantastische
901 1440 2304 1504 und barocke Gestalten an unfaßbaren Orten in unbegreiflichen Situationen
915 1495 2300 1550 werden vorgeführt. Immer glaubt man, jetzt kommt die Aufklärung.
909 1538 2304 1603 Sie kommt aber nicht. Das Ganze ist nicht ohne Stimmung und
909 1593 2316 1663 jede Situation ist voll Bildlichkeit, so daß man immer wähnt, es bedeutet
909 1645 2310 1720 etwas und birgt einen Sinn. Aber es läßt sich doch nichts fassen und
907 1704 2321 1765 verstehen. Und das gerade, vermuthe ich, ist der Sinn des Ganzen, der
914 1748 2311 1823 Sinn dieses Spiels, daß man glaubt, einen Sinn zu erfassen, um ihn
908 1815 2305 1876 sogleich wieder zu verlieren. Mit ganz kleinen Kindern spielt man oft so:
919 1857 2306 1927 man bringt einen reizvollen Gegenstand, eine kleine Puppe oder einen
906 1911 2318 1984 Kuchen, ihnen so nahe, daß sie mit den Händchen danach greifen, um dann
916 1980 2322 2035 den Gegenstand wieder zurückzuziehen. An diesem Hin und Her von
924 2018 2321 2095 Greifen und Verlieren finden die Kinderchen großes Vergnügen. Dieses
912 2079 2324 2148 Kinderspiel ins Literarische übertragen zu haben, scheint mir das Kunststück
913 2139 2328 2203 des Herrn Frank Wedekind zu sein. An sonstigen Beiträgen enthalten die
918 2182 2316 2259 Hefte unter Anderem einen Poggfred=Cantus von Lilieneron und die Fort¬
920 2230 2315 2310 setzung des Richard Dehmel'schen „Romans in Romanzen": Zwei
927 2295 2313 2367 Menschen, von dem vielleicht nach seiner Beendigung zu reden sein wird.
1920 2343 2243 2415 Max Lorenz.
919 2474 2311 2551 Von Arthur Schnitzler liegen drei, bei S. Fischer, Berlin 1901, er¬
1051 2545 2328 2613 schienene Bücher vor. Das fünfaktige Schauspiel „Der Schleier
1047 2588 2328 2667 der Beatrice", der Roman „Frau Bertha Garlan“ und die
1054 2647 1610 2736 Rovelle „Leutnant Gustl.“
1035 2717 2324 2779 das Drama bedeutet eine Verirrung des Dichters. Ich glaube,
935 2771 2334 2830 Schnitzler wollte Sha#e###eare werden, hörte bei diesem Versuche aber nur
936 2820 2333 2909 auf, Schnitzler zu sein. Dieser Erste von der Wiener „Moderne“ ist sonst
936 2866 2338 2947 stets klar und nicht ganz ohne tiefen innerlichen Ernst. Diese Klarheit
935 2923 2330 2994 und Durchsichtigkeit fehlt aber dem Schleier der Beatrice." Sie fehlt
937 2987 2341 3052 nicht, wenn man die einzelnen Stücke des Dramas und die äußeren
933 3024 2334 3097 Geschehnisse betrachtet. Von einer verhüllenden, nebelhaften Mystik ist hier
938 3086 2331 3169 gar keine Rede. Aber die Idee des Ganzen, der dem Ganzen zu Grunde
947 3137 2327 3219 liegende und es zusammenhaltende Sinne tritt nicht mit greifbarer Deutlich¬
947 3196 2332 3271 keit hervor. Ich muß bekennen, keinen einzigen der Charaktere so recht
935 3252 2337 3311 gründlich verstehen zu können. Gewiß könnte ich mir mit Leichtigkeit
935 3291 2335 3359 allerlei Beziehungen und Probleme mit Spürsinn konstruiren. Aber ich
945 3366 2344 3424 müßte mich dabei selber betrügen mit einem Kunstwerk, das in Wahrheit
945 3417 1892 3487 so gut wie keinen Eindruck auf mich gemacht hat.
