3484 4256
2005 165 2441 255 box 20/1
333 157 1845 260 14. Der Schleier der Reatrice
1579 384 1996 452 Telefon 12801.
1119 480 2450 563 Alex. Weigl's Unternehmen für Zeitungs-Ausschnitte
2127 546 2328 605 Ausschnitt
1191 549 1329 660 95
1444 596 2477 703 JODSEKVEN N. 68
1050 684 2520 770 I. österr. behördl. conc. Bureau für Zeitungsberichte u. Personalnachrichten
1246 758 2342 864 Wien, IX, Türkenstrasse 17.
1453 848 2123 928 Filiale in Budapest: „Figyeló“ —
1067 908 2508 996 Vertretungen in Berlin. Chicago, Genf, London, Newyork, Paris, Rom, Stockholm.
1046 1023 2211 1135 Ausschnitt aus: fieng Freie gn
1055 1182 1690 1284 vom 17/] G 1000
1323 1409 2058 1490 „Der Schleier der Beatriee.“
1183 1470 2277 1552 Die Herren Hermann Bahr, Julius Bauer, J. I.
1106 1529 2280 1598 David, Dr. Robert Hirschfeld, Felix Salten und
1105 1576 2154 1618 Ludwig Speidel veröffentlichen nachstehende Erklärung:
1197 1630 2281 1684 „Die bereits vor mehreren Tagen verbreitet gewesene Nachricht,
1100 1651 2285 1706 das Schauspiel „Der Schleier der Beatrice“ von Arthur Schnitzler
1103 1690 2285 1769 sei vom Burgtheater abgelehnt worden, hat mit Rücksicht darauf,
1104 1753 2278 1814 daß dieses Werk bereits durch längere Zeit für angenommen galt,
1098 1790 2289 1846 zu verschiedenen befremdlichen Vermuthungen Anlaß gegeben. In
1097 1833 2280 1878 Folge weiterer, einander widersprechender Mittheilungen fanden
1105 1878 2279 1938 wir uns bestimmt, uns mit diesem Falle näher zu beschäftigen.
1096 1904 2274 1959 Wir sehen uns nun genöthigt, zur principiellen Wahr¬
1092 1962 2273 2021 nehmung der Autorenrechte in der vorliegenden An¬
1098 2003 2267 2063 gelegenheit das Wort zu ergreifen und den Sachverhalt dar¬
1102 2037 1281 2102 zulegen.
2287 2071 2438 2121 Porto
1181 2062 2277 2143 Zu Anfang des December 1899 hat Herr Arthur Schnitzler
2274 2106 2460 2165 Zahlbar
1097 2105 2264 2190 sein eben vollendetes Werk noch in Manuscriptform dem Burg¬
2281 2151 2476 2209 n Voraus.
1093 2171 2278 2231 theater eingereicht. Der Director des Burgtheaters, Herr Dr.
1091 2222 2274 2273 Paul Schlenther, hat nach der ersten Lectüre des Stückes keine
2279 2219 2513 2281 je ist das
1074 2259 2270 2311 (Bedenken gegen dessen Aufführbarkeit erhoben, vielmehr eine vor¬
2275 2266 2517 2325 cht es den
1071 2298 2278 2366 gläufige Rollenbesetzung eigenhändig in das Manuscript eingetragen
1091 2343 2063 2396 und einige ihm nöthig erscheinende Striche angebracht.
1175 2380 2507 2434 Bei einer bald darauf erfolgten Begegnung dankte Herr thaltend die
1077 2417 2253 2489 [Director Schlenther dem Verfasser mündlich für die Uebersendung
2267 2433 2505 2486 Morgen¬
2255 2462 2513 2526 ier Zeitung“)
1073 2472 2244 2528 jdes Stückes, besprach einige Besetzungsfragen, doch nahm er auch
2263 2513 2501 2560 stliche Leben
1069 2514 2256 2564 gin dieser rein privaten Unterredung keinen Anlaß, ein Bedenken
2259 2550 2511 2609 Hittheilungen
1073 2556 2249 2612 ggegen die Aufführbarkeit des Stückes am Burgtheater zu äußern.
1162 2599 2259 2656 Hierauf erfolgte die Uebergabe der gedruckten Exemplare, und
1096 2631 2270 2692 beiläufig sechs Wochen später empfing Herr Arthur Schnitzler
1105 2679 2255 2740 äter dem Datum des 13. Februar 1900 nachstehenden Be¬
1084 2695 2273 2783 scheid von der Hand des Herrn Dr. Schlenther: „Lieber
1088 2764 2271 2807 Dr. Schnitzler! Anbei das Resultat meiner ersten flüchtigen
1079 2808 2259 2868 Durcharbeitung. Nicht alle meine Striche sind mir selbst schon
1074 2843 2259 2909 zweifelsohne. Am strittigsten wol die Weglassung des Andrea.
1069 2881 2260 2948 Freundschaftlich warnen möchte ich Sie vor dem Deutschen Theater,
1082 2934 2262 2980 das bei seinem jetzigen Personal, ohne Kainz und Sorma, der
1070 2965 2265 3032 Riesenaufgabe nicht gewachsen ist. Uebrigens würde ich die Erst¬
1067 3013 2261 3060 aufführung am Burgtheater zur Vorbedingung der Annahme
1073 3061 2265 3127 machen. Ich glaube, nur das Burgtheater kann dieses Stück
1068 3105 2268 3151 spielen. In Berlin allenfalls die Hofbühne. Filippo Christians,
1078 3145 2261 3207 Herzog Matkowski, Beatrice Poppe. Unsere relativ beste Beatrice
1079 3180 2160 3240 wäre doch wol Fräulein Witt. Mit herzlichem Gruß 2c. 2c.“
1165 3213 2251 3285 In Erwiderung darauf ertheilte Herr Arthur Schnitzler
1075 3264 2260 3330 wenige Tage später dem Burgtheater, nebst seinem principiellen
1067 3309 2248 3363 Einverständniß zu Strichen und Aenderungen, das gewünschte
1076 3358 2259 3400 Recht der Erstaufführung und erbat, wie sich das in solchen
1064 3400 2260 3455 Fällen von selbst versteht, einen Aufführungstermin, vor Allem
1076 3478 2262 3539 aber, behufs Erledigung der zur Darstellung des Wierkes nöthigen
1083 3525 2257 3607 Besetzungs= und Aenderungsfragen, eine baldige Unterredung mit
1078 3567 1351 3634 dem Director.
1158 3604 2255 3665 Vier Monate lang ist Herr Arthur Schnitzler auf dieses in
1071 3644 2258 3702 der Zwischenzeit erneuerte Ansuchen ohne Antwort geblieben, mit
1072 3695 2257 3755 Ausnahme einer einzigen, erst Anfangs Juni eingelangten Karte,
1069 3736 2262 3798 in welcher der Director mittheilt, er werde sich „diese Tage zum
1068 3784 2257 3838 drittenmale an das Studium des Stückes machen“ und den Autor
1070 3807 2257 3893 ersucht, „seine hart auf die Probe gestellte Geduld noch einige
1077 3862 1524 3933 Tage laufen zu lassen“.
1159 3896 2262 3967 Erst am 18. Juni erhielt Herr Arthur Schnitzler eine
1065 3943 2261 3992 Schreiben des Directors, worin dieser nunmehr Bedenken gegen.
1063 3993 2251 4054 die Erfolgsmöglichkeit des Stückes erhebt und nach ausführlicher
1074 4037 2257 4088 Darlegung derselben dem Verfasser proponirt: „Warten bis
1068 4075 2238 4145 zum Frühjahr! Sehen, wie dann die Constellation am Burg¬
1066 4118 1309 4176 theater ist.“
2039 4149 2086 4210 I11
1763 4148 1993 4208 W
