3436 4352
1929 129 2420 238 box 20/3
1343 147 1407 223 B
276 148 1800 259 14. Der Schleier der-beatrice
156 505 3211 621 den. Jetzt wäre es bloßer Eigensinn, sie auf mußten unberücksichtigt bleiben; nur eine Roentgen= auf offenem Markte, ein paar Dutzend Verse lang.
180 567 3212 669 Todesweg mitzunehmen. Und er leert den Aufnahme des Stückes konnte und sollte hier geboten Teresina darf nach der Scenenvorschrift durch keine
162 625 3209 722 er, in den eine Genossin seines Mahles von heut werden. Aber schon Schiller fand, daß vom „Knochen= Miene verrathen, daß sie die Apostrophe des Bruders
1116 675 3206 765 gebäude“ ebenso wie in der menschlichen Structur versteht. Im Buche wirkt dieser Dialog, der keiner
152 694 1122 774 d einen tödtlichen Trank gegossen, den sie mit
2144 725 3207 796 ist, ermüdend; im Ernstfall, auf dem Theater, wo
1122 731 2160 818 auch in der dramatischen Alles abhängt. Bei einer
174 741 1114 826 theilen wollte, wenn er mit ihr die Nacht theilt.
1120 772 3203 849 Prüfung aus der dramatischen Anatomie zeigt Alles ungehörig ist, was nicht zur Sache gehört, muß
163 796 1126 872 trice entreißt ihm das Glas: sie „will's ja thun“
2157 832 3202 889 er langweilige Störung erzeugen. Flüchtig klingt hier
1119 817 2168 911 Schnitzlers Schauspiel Mängel, die das Bühnenlicht
158 838 1125 910 mit ihm. Er aber schlägt es ihr verächtlich aus
2147 880 3188 939 ein Motiv an, das Shakespeare im „Titus Andronicus“
1118 881 2160 949 ohne Zweifel noch greller herausarbeiten muß. Das
166 891 1122 973 Hand: „Betrüg' Dich nicht! Entflieh'! das Leben
2155 919 3211 990 verwendet. Aber Shakespeare braucht die Stummheit
1108 930 2161 995 Stück erzählt die tristi amori eines Dichters und
186 946 1115 1023 et!“ Er finkt auf den Stufen, die zum Schlaf¬
2152 978 3211 1042 der Lavinia wirklich als Motiv: sie bewegt die
1114 987 2167 1054 seines süßen Mädels. Alles ist auf die poetisch wahre
241 990 1125 1077 führen, zusammen. Beatrice stürzt fort,
2144 1025 3208 1103 Handlung und die Hörer. Solche dramatische
1119 1034 2153 1098 Auseinandersetzung dieser Beziehungen gestellt, und die
166 1050 986 1117 Eend wie von Sinnen: „Leben! Leben!“
2143 1076 3196 1143 Elementarweisheit ist von Shakespeare zu lernen.
1110 1081 2167 1154 beiden großen Duette Filippo=Beatrice liegen im
169 1083 1124 1174 Herzogsschlosse wird inzwischen, spät genug,
2151 1124 3196 1201 Statt dessen imitirt man heute die Shakespeare¬
1125 1124 2166 1203 Brennpunkte der dramatischen Parabel. Und gerade in
172 1149 1118 1219 Abwesenheit bemerkt. Unter den Bäumen seines
2150 1173 3176 1245 Uebersetzung. Schnitzlers Herzog ist „höchst geneigt“
1111 1186 2160 1255 diesen entscheidenden Momenten — entscheidend für
170 1197 1114 1266 ens, der vom Lustgetöse widerhallt, geht Lionardo
2158 1228 3214 1300 spricht von einem „höchst verruchten Ort" und von
1109 1238 2147 1295 das Geschick des Stückes wie seiner Personen — tritt
177 1245 1113 1321 ivoglio einsam auf und ab, was er wohl nicht
2154 1265 3214 1351 „diesem sehr geliebten Dichter“ Man hört wirklich
1115 1289 2149 1365 an die Stelle dichterischer Wahrheit eine spielerische,
240 1300 1123 1375 wie einer seiner Kammerherren scharssinnig
2159 1326 2329 1394 beinahe
2347 1306 2898 1402 — August Wilhelm Schlegel.
1120 1344 2153 1403 frostige Dialektik. Man hört so oft von poetischer
159 1339 1133 1423 Erkt — wenn seine Sehnsucht nach Beatrice so
2194 1353 3194 1439 Im Uebrigen behandelt Schnitzler die Sprache mit
180 1383 2157 1461 wäre. Der Herzog hat sich vor seinen ehelichen Gerechtigkeit reden: Schnitzlers Stück beruht geradezu
2149 1418 3195 1494 nicht gewöhnlicher Sorgfalt und klugem Verständniß
1120 1435 2154 1502 auf poetischer Ungerechtigkeit. Filippo Loschi verstößt
171 1450 1126 1517 en seiner stadtväterlichen Pflichten erinnert, hält
2147 1475 3203 1542 für ihre Wirkungen. Nach der scandirten Prosa des
1104 1481 2157 1563 Beatrice, weil sie „die Dirne ihres Traums“ gemorden.
175 1494 1127 1576 srath, entdeckt ein Complot seines Statthalters,
2157 1521 3198 1598 „Paracelsus“ läßt der „Schleier“ eine ansehnliche
172 1540 2164 1616 eit einen Anschlag des Borgia und hat, da ihn Die Frage bleibe aus dem Spiele, ob der Renaissance¬
2159 1561 3196 1647 Steigerung des Formvermögens erkennen. Von Klang¬
162 1586 2150 1669 Höfling vor der Herzogin warnt, die selbstgewisse Typus wirklich so überempfindsame Züge verträgt,
2159 1637 3211 1697 mißbräuchen und sprachlichen Instrumentations=Effecten,
1111 1636 2160 1702 ob da nicht am Ende der Literatur=Neurastheniker
164 1639 1127 1739 ort: Ihr hegt mehr Treu' als Klugheit. Bald
2150 1663 3203 1742 wie sie von ein paar Gymnasiasten der Literatur in
1108 1682 2150 1771 von heute sich Costüme und Geberde jener Kraftzeit
180 1691 1124 1761 er inne, daß sein Höfling mehr klug ist als
2152 1730 3200 1794 die Mode gebracht wurden, bleibt Schnitzler durch sein
183 1740 2159 1827 Herzogin treu. Er sucht und untersucht, wittert anmaßt. Genannter Filippo Loschi selbst ist aber sonst
2157 1786 3203 1857 Talent und seine künstlerische Aufrichtigkeit bewahrt.
1109 1791 2158 1855 recht derber Innenconstitution und gar nicht so delicat.
173 1800 1121 1870 neue Unthat Cäsars, nimmt Eltern und Schwester
2148 1832 3193 1900 Ihm ist der Vers nicht die „süße Gewohnheit der
1109 1842 2154 1925 Er verläßt nach eigenem Geständniß seine Braut, weil
179 1848 1119 1927 Permißten ins Verhör, jagt seine garden party
2148 1883 3193 1957 gebundenen Rede“ sondern der sachnothwendige Aus¬
1128 1890 2154 1957 sie ein Ansinnen zurückweist, welches an Realität
164 1902 1127 1962 ander, legt jenem verrätherischen Statthalter den
2153 1927 3194 1991 druck des dramatischen Thatbestandes. Man muß nur
1112 1941 2160 2009 über die Möglichkeit eines Traumes und ein Abenteuer
182 1947 1129 2019 vor die Füße — das alles schafft ihm Beatrice
2156 1980 3208 2061 bedauern, daß die Gestaltung der Form nicht mit
1119 1991 2156 2064 der Seele erheblich hinausgeht. „Im Zorn versagter
181 2003 1125 2067 Und sie muß er haben; alles Andere, Bologna,
2155 2031 3204 2106 jener des Stoffes gleichen Schritt hält. Schnitzler
1120 2047 2150 2111 Lust“ bricht er einem edlen Weibe die Treue, und
189 2053 1117 2139 rohende Schlacht, Cäsar Borgia ist ihm gleich¬
2149 2079 3190 2154 leidet an Arhythmie des dichterischen Pulses; die¬
1114 2091 2163 2167 von dem Geschöpse, das ihm vor der Stadt, bei Spiel
217 2101 1123 2178 worden in seiner unsäglichen Verwirrung.
2147 2117 3200 2216 ser setzt völlig aus, wo man seine stärksten Leistungen
1110 2142 2155 2205 und Tanz in den Weg läuft, fordert er Treue bis in
201 2151 1125 2234 ganzes Leben preßt sich zusammen in die eine
2149 2185 3205 2258 erwartet. So in der Orgie des vierten Auf¬
1114 2194 2156 2264 den Traum. Beatrice hält sie ihm bis in den Tod.
184 2207 615 2282 : Wo ist Beatrice?
2158 2220 3200 2308 zuges. Die Glut, in der die Scene gedacht ist, wird
1115 2250 2156 2318 Sie will mit ihrem Dichter sterben, weil ihre ganze
168 2228 1119 2320 dlich! da ist sie. Sie sucht zuerst sich durch¬
2148 2283 3205 2354 mit ein paar dünnen Tupfen von der Makart=Palette
1124 2278 2150 2359 Seele nach ihm ringt. Mit dem Schleier, der zur
174 2301 1125 2366 herauszulügen. Da sieht der Herzog, daß der
2150 2334 3207 2395 bestritten, und die Regievorschrift: Alles wirkt wie
187 2343 2152 2427 er fehlt. Neue Ausflüchte. Die Lebensfrage: wo Erde gleitet, ist alle Noth und aller Irrthum
2148 2381 3201 2475 Schattenbilder, scheint schließlich auf die Dichtung
177 2396 2154 2465 keatrice? wird verdrängt durch die andere: wo der Erde von ihr genommen. Sie will nur noch ein¬
2157 2441 2463 2517 selbst gemünzt.
190 2446 2152 2521 r Schleier? Der Herzog will ihn mit ihr holen, mal vereint mit dem Geliebten, Mund an Mund
2187 2471 3201 2552 In Schnitzlers Geistesart steht dem Mangel an
1112 2494 2161 2567 und Herz an Herzen, den jungen Morgen schauen,
172 2496 1127 2573 Sie ihn verlor. Und da sie sich dieses Ganges
2148 2545 3208 2598 Ursprünglichkeit ein außerordentlich entwickelter Sinn
1111 2545 2157 2614 und im ersten Aufglühen des Tages „soll's gethan
181 2557 1117 2631 ernd weigert, erklärt Lionardo sie des herzog¬
2147 2582 3203 2664 für die psychologische Enpirie entgegen oder vielleicht
1118 2577 2156 2663 sein“. Und was bietet Filippo für die Innigkeit dieses
195 2603 1123 2674 Rangs verlustig und überliefert sie dem Ge¬
2154 2642 3202 2705 zur Seite. Alles, was Beobachtung voraussetzt, bohren¬
1113 2657 2158 2718 Frühlingsopfers? Eine Kosiyrobe des Todes. Das ist nicht
180 2655 1116 2725 und Urtheil seines Hofes. Der Spruch lautet:
2150 2687 3199 2749 des Sicheinfühlen in seelische Zustände und ihre Gleich¬
1114 2699 2151 2783 bloß unsittlich — die Anklage träfe nur den Helden
188 2705 1117 2772 durch's Schwert. Zum zweitenmal in dieser Nacht,
2147 2750 3207 2829 gewichtstörungen, gelingt ihm vortrefflich. So möchte
1175 2753 2157 2806 das ist auch unwahr, und dieser Vorwurf trifft den
175 2749 1127 2825 Der Herzog selbst grauenvoll nennt, durchlebt
2151 2782 3222 2860 es zu erklären sein, daß und warum Schnitzler als¬
1115 2802 2160 2863 Dichter An Schnitzlers Beispiel läßt sich zeigen, daß die
182 2795 1125 2882 ice das Entsetzen der Sterbestunde. Sie klammert
2147 2835 3208 2903 literarischer Typus Respect einflößt ohne Begeisierung.
1112 2849 2146 2917 wahre, die künstlerische Wahrheit nicht mit dem Meß¬
185 2852 1129 2919 ns Leben: sie will den Schleier bringen, wenn
2150 2882 3206 2952 Er ist ein Mittelbarer. Innerhalb dieser Grenze seiner
1114 2887 2159 2964 opparate des Raisonnements zu erfassen ist und mit
185 2905 1140 2988 erzog mit ihr geht und schwört, dann nach
2160 2933 3209 2996 Begabung bietet er eine Fülle von Anregung. So ist
198 2942 2163 3019 zu fragen. So kommen sie in Filippo's Haus. der Gescheitheit des Alltags nichts zu schaffen haben
2161 2978 3199 3053 seine Beatrice als Charakterstudie eine erstelassige
1115 2999 2161 3053 will. Schnitzler ist ein constructives Talent; seine
189 3004 1129 3067 ice nimmt den Schleier auf und will gehen. Aber
2153 3046 3209 3097 Leistung. Sie verblüfft immer aufs neue durch den
1119 3049 2160 3119 Probleme sind die eines mathematischen Kopfes, aber
192 3056 1128 3124 erzog hat nur geschworen, keine Frage zu thun, nicht
2153 3082 3202 3150 Reichthum des Beobachtungs=Materials, durch das reiz¬
1117 3106 2162 3171 gerade in ihrer scheinbaren Exactheit, ihrer posirten
200 3100 1133 3173 den Ort gleich wieder zu verlassen. Er will hier
2157 3116 3206 3200 voll bewegte Detail und durch eine Kenntniß der
1122 3149 2156 3214 Selbstverständlichkeit durchaus unkünstlerisch. Da ist
193 3157 1129 3222 Tag erwarten. In Beatrice wächst die Angst.
2153 3182 3202 3251 Frauennatur, wie sie in gleicher Feinheit und Tiefe
1121 3191 2159 3273 Alles zurechtgedacht, arrangirt, das Leben nicht durch
197 3209 1126 3275 Bitten den Gemahl nicht überreden, versucht
2149 3235 3189 3303 heute nur noch bei Marcel Prévost zu finden ist.
1116 3243 2161 3319 ein Temperament geschaut, sondern durch ein Ver¬
221 3250 1119 3323 mit schmeichelnder Verführung: daheim er¬
2148 3278 3201 3360 Beatrice Nardi stammt — und das ist kein schlechter
194 3298 2163 3377 n ihn ihre Küsse. Aber der Herzog hat anders standesprisma zerlegt. Filteranlage statt Sturzgewässers.
2160 3327 3197 3408 Pedigree — von Rahel ab, der schönen Jüdin von
195 3346 2163 3445 ssen: seine „wunderbare Hochzeil“ soll hier Schnitzler componirt dramatische Schachaufgaben, aber
2158 3376 3207 3451 Toledo. Gleich ihr ist sie eine Thörin, die sich zehnmal
1129 3399 2098 3488 Schachbretter sind es nicht, die die Welt bedeuten.
211 3410 1135 3486 wo Beatrice den Schleier ließ. Er hebt den
2154 3431 3196 3503 in jedem Athemzuge widerspricht, gleich ihr ein ver¬
1176 3420 2161 3522 Daß dieser Calcul nicht eben immer Wahrscheinlichkeits¬
191 3445 1116 3532 ng des Alkoven und erblickt Filippo's regungs¬
2153 3481 3199 3551 wöhnt, verwildert Mädchen, gleich ihr ein Traum nur
1124 3490 2162 3569 Rechnung ist, erweist sich an einem Angelpunkte der
196 3501 1124 3569 Korper. An ihm, dem Schänder seiner Ehre,
2155 3535 3201 3616 einer Nacht. Auch von ihr gilt das Wort, daß sie alle
1125 3549 2163 3618 Handlung. Soll das Stück überhaupt Fortgang und
213 3560 1119 3633 rschlafend oder berauscht wähnt, rast er seine
2157 3579 3202 3653 Fehler dieser weiten Erde in sich vereint, und dann
1118 3597 2164 3667 Lösung finden, so muß Beatrice von ihrem Gemahl
225 3610 1124 3674 aus in fürchterlicher Beschimpfung, bis er
2152 3631 3210 3712 jenes andere, das König Alphons der todten Geliebten,
1123 3652 2157 3721 zu ihrem Geliebten gehen. Es ist nicht anzunehmen,
204 3645 1125 3727 St, daß ein Todter vor ihm liegt. Er wendet
2221 3696 3071 3775 nicht einer geliebten Todten — nachruft:
1114 3700 2171 3762 daß Ersterer seine Zeit und seine Rechte so lässig
215 3711 1136 3791 Beatrice: „Du hast's gewußt?“ Sie hat's
2258 3741 2930 3802 „Sie war die Wahrheit, ob verzerrt,
1127 3739 2175 3825 nützt, um Ausflüge seiner Gattin möglich zu machen,
2258 3758 3081 3855 All, was sie that, ging aus aus ihrem Selbst,
1120 3796 2173 3870 die es bisher nur dem Namen nach ist. Man denke,
215 3794 1037 3896 „Warum noch diese letzte Schmach, den Toten
2260 3826 3014 3901 Urplötzlich, unverhofft und ohne Beispiel.“
1125 3853 2174 3915 was der Herzog von Bologna sich's kosten ließ, in
212 3868 688 3943 Mich schmäh'n zu lassen?“
2196 3844 3193 3938 So deutet auch Filippo das Wesen Beatricens:
527 3899 728 3972 Beatrice.
1127 3905 2172 3974 den Besitz des Weibes zu gelangen, das ihn ent¬
597 3914 1093 4016 „Ja, dies war die letzte.“
1121 3914 3203 4022 zückt wie kein Weib zuvor. Er ahnt, daß diese daß mit jedem Pulsschlag durch ihre Abern andere
2148 3981 3197 4045 Wahrheit rinnt. Rahel wird einmal ein „albern
186 3982 1133 4071 m Herzog sind zwei seiner Vertrauten gefolgt;
1126 4000 2168 4072 Nacht die letzte ist, die Borgia ihm läßt, und viel¬
2151 4021 3219 4102 spielend, thörichtweises Kind“ genannt. Und der Herzog
1140 4043 2174 4120 leicht hat eben diese Ahnung ihn vermocht, eine
195 4051 1138 4128 hnen kommt die Familie Nardi. Francesco und
1132 4073 2958 4163 Sinnenlaune um so hohen Preis zu befriedigen. Lionardo sagt zu Beatrice und von ihr:
199 4102 1127 4159 atoben wider die Schwester, freilich aus ver¬
