3392 4256
1933 146 2374 253 box 20/1
265 144 1797 268 14. Der Schleiender-Reatrice
305 637 722 710 Telefon 12801.
144 731 1201 843 ’sTUngrnehmen für Zeitungs-Ausschnitte
842 800 1079 886 Ausschnit!
173 848 1206 956 „OBSERVEK Nr. 69
132 929 1265 1039 conc. Burean für Zeitungsberichte u. Personalnachrichten
138 1018 1088 1116 n. IX Türkenstrasse 17.
175 1095 955 1184 — Filiale in Budapest: „Figyeló“ —
140 1162 1243 1254 rlin. Chicago, Genf, London, Newyork, Paris, Rom, Stockholm.
140 1292 356 1384 aus:
401 1345 1105 1491 Gsntschee Volksblatt
132 1440 454 1560 19 4%0.
2942 1719 3139 1813 WLE
1028 1763 3288 1857 Sache liegt aber ganz anders. Eine Anzahl von zugefügt werden mag — wir wissen es nicht, aber es
128 1752 1012 1870 ne moderne Tyrannis.
1009 1821 3269 1907 Journalisten, zu deren Berufspflichten es gehört, über dürfte nicht wenig sein. Noch niemals aber hat „man“.
137 1849 1073 1933 rere Wiener Blätter haben gestern eine lang¬
1052 1860 3281 1950 die Aufführungen des Hofburgtheaters zu be= sich verpflichtet gefühlt, einen geharnischten Protest ergehen
139 1922 3282 1986 „Erklärung“ publicirt, die von sechs Burg=richten, hat sich zusammengethan, um das Herrn zu lassen, denn die Gedemüthigten waren keine Jnden,
132 1953 3268 2004 krenten unterzeichnet ist, und sich gegen den Arthur Schnitzler angethane Unrecht zu rächen, sie waren nicht Mitglieder des Ringes, der sich an¬
136 1996 1068 2069 serer Hofbühne, Herrn Dr. Schlenther,
1056 2009 3272 2089 und in diesem Umstande liegt für uns der Anlaß, die maßt, den literarischen Markt zu beherrschen. Herr
115 2035 1055 2122 an müßte demnach annehmen, daß es sich um
1059 2053 2170 2140 von den Herren Bahr, Bauer, Speidel u.s. w.
2159 2076 3274 2156 Dr. Schlenther ist stets ein schlechter Theaterdirektor
135 2088 1070 2155 erung einer Differenz handelt, die zwischen
1054 2109 2168 2176 eingeleitete Action auf das Entschiedenste zu verur¬
2155 2116 3274 2213 gewesen und er wird es wohl auch bleiben. Alle seine
135 2148 1055 2214 ffenden Journalisten und dem Director des
1047 2154 3272 2254 theilen. Man hat es da mit einem Mißbrauche jenes zahllosen Sünden wären ihm aber vergeben worden,
122 2187 1065 2270 ters entstanden ist, um eine principielle Frage,
1054 2202 3283 2313 Einflusses zu thun, über den der Kritiker, der in der wenn er es sich nicht hätte einfallen lassen, in Arthur
129 2240 1069 2322 ch ja aus dem Verhältnisse der Kritik zu dem
1052 2250 3265 2349 Lage ist, seine Ansichten Tausenden von Personen zu[Schnitzler die ganze Schaar Jener zu beleidigen,
121 2288 3265 2354 es Theaters leicht ergeben kann. Dem ist suggeriren, naturgemäß verfügt, und wenn man Director die sich einbilden, das geistige Jung=Wien zu reprä¬
207 2352 3273 2406 , sondern die Redacteure, die die erwe nte Schleuther auf diese Weise zwingen will, einen Ent= sentiren. Wir müssen gestehen: wir sehen es nicht ohne
197 2410 3274 2449 unterzeichnet haben, ergriffen nicht in schluß, den er mit Recht oder Unrecht gefaßt hat, Schadenfreude, wie Dr. Schlenther jetzt gerade
126 2439 1077 2518 ache das Wort, sondern sie haben sich und
1053 2438 2159 2528 wieder rückgängig zu machen, so macht dies den Ein¬
2142 2459 3265 2535 von Jenen behandelt wird, denen er sich sofort nach
115 2499 1046 2559 fluß in den Dienst eines Autors gestellt,
1053 2493 3269 2583 druck, als ob die betreffenden Theaterreferenten die seiner Uebersiedlung nach Wien mit Haut und
129 2541 3272 2642 lerk von der Direction des Hofburgtheaters Absicht hätten, sich als eine Art moderner Tyrannis Haaren verschrieben hatte. Die Stücke Arthur
123 2585 1055 2660 iesen wurde. Es handelt sich, um es kurz zu
1044 2592 2147 2677 zu constituiren, die den Theaterdirectoren ihren Willen
2142 2597 3277 2695 [Schnitzler's beherrschten geradezu das Repertoire
141 2629 1045 2707 t das Schauspiel „Der Schleier der Beatrice“
1042 2621 1869 2712 in literarischen Dingen octroyiren will.
2126 2648 3268 2736 des Burgtheaters, nur manchmal wurde einem
143 2694 1063 2760 ur Schnitzler, das Director Schlenther
1127 2685 2160 2792 Die Unterzeichner der mehrerwähnten Erklärung
2132 2708 3263 2795 unserer Classiker die Ehre zutheil, in einer
165 2740 1053 2821 Aufführung acceptirte, später aber nach
1036 2734 3260 2833 scheinen übrigens selbst das Gefühl gehabt zu haben, meist miserablen Vorstellung zum Worte zu kommen.
119 2769 961 2860 ger Durchsicht dem Verfasser zurückstellte.
1041 2792 3269 2882 daß der Eindruck, den ihre Publication hervor= Das genügte nicht, sondern man stellt sich auf den
128 2818 3272 2892 wollen uns in eine Untersuchung, ob das rufen dürfte, kein besonders günstiger sein werde. Standpunkt, es sei die Pflicht des Burgtheaters, jede
134 2865 3258 2931 Dr. Schlenther's ein correctes zu nennen ist Sie haben sich daher einer Art von Falsch=Arbeit unbesehen zu acceptiren, die die jüdische Fabriks¬
140 2911 3268 3031 t absolut nicht einlassen. Wir bekämpfen die meldung schuldig gemacht, indem sie behaupteten, marke trägt. Als das Speidel=Jubiläum stattfand, sang
125 2962 3265 3028 Weise der Directionsführung dieses Herrn seit sie seien genöthigt, zur principiellen Wahrung der Niemand das Loblicd des Gefeierten in lauteren und
116 3020 3267 3096 fange mit solcher Entschiedenheit, daß wir Autorrechte in der in Rede stehenden Angelegenheit höheren Tönen, als Dr. Schlenther. Gestern hat sich
121 3063 3269 3174 nicht in den Verdacht gerathen werden, zu seinen das Wort zu ergreifen und außerdem noch aus Be= Speidel dafür revanchirt. Vielleicht wird Doctor
123 3125 3263 3188 ern gezählt zu werden, wenn wir in diesem sorgnis, daß es heranwachsenden, noch nicht beglau= Schlenther aus diesen lehrreichen Vorfällen die
151 3176 3271 3273 gegen diejenigen wenden, die ihn angreifen. bigten Talenten am Burgtheater in Zukunft ähnlich Consequenzen ziehen und einsehen lernen, daß es keine
124 3223 3256 3319 uns die Sachlage bekannt ist, glauben wir oder noch schlimmer ergehen könnte. Es wäre besser Fabel ist, wenn von der Solidarität des Judenthums,
137 3270 3257 3375 Ansicht zuneigen zu sollen daß das Ver=gewesen, wenn die Herren hübsch bei der Wahrheit vom Terrorismus und von der Tyrannei der jüdischen
124 3316 3256 3378 velches Herr Schlenther dem eingereichten geblieben wären; die Wahrheit aber ist, daß in dieser Presse gesprochen wird. Vielleicht werden diese Er¬
121 3371 3258 3474 kgenüber zur Anwendung gebracht hat, kein Angelegenheit deshalb Lärm geschlagen wurde, weil fahrungen in ihm nachwirken, wenn er längst nicht
118 3414 2140 3513 eies ist und wenn der betroffene Autor selbst es sich um Arthur Schnitzler handelt, um Arthur
2131 3442 3258 3521 mehr Leiter des Hofburgtheaters sein wird. Sein
109 3465 2139 3558 dung mit anderen Autoren gegen die ihm Schnitzler, der zur Clique gehört und als eine der
2136 3486 3255 3561 Wiener Aufenthalt wäre dann, wenigstens so weit seine
123 3520 2129 3598 fene Kränkung oder Benachtheiligung protestirt Koryphäen des Wiener Literaturjudenthums gilt. Was
2136 3535 3255 3628 Person in Frage kommt, kein ganz zweckloser gewesen.
120 3566 2173 3659 wäre daran gewiß nichts auszusetzen. Die jahraus jahrein aufstrebenden Talenten an Unrecht
