<?xml version="1.0" encoding="UTF-8" standalone="yes"?>
<PcGts xmlns="http://schema.primaresearch.org/PAGE/gts/pagecontent/2013-07-15" xmlns:xsi="http://www.w3.org/2001/XMLSchema-instance" xsi:schemaLocation="http://schema.primaresearch.org/PAGE/gts/pagecontent/2013-07-15 http://schema.primaresearch.org/PAGE/gts/pagecontent/2013-07-15/pagecontent.xsd">
    <Metadata>
        <Creator>prov=University of Rostock/Institute of Mathematics/CITlab/Gundram Leifert/gundram.leifert@uni-rostock.de:name=ONB_Newseye_GT_M1+(htr_id=10810)::::v=2.4.2
prov=University of Rostock/Institute of Mathematics/CITlab/Tobias Gruening/tobias.gruening@uni-rostock.de:name=de.uros.citlab.module.baseline2polygon.B2PSeamMultiOriented:v=2.4.2
prov=University of Rostock/Institute of Mathematics/CITlab/Tobias Gruening/tobias.gruening@uni-rostock.de:name=/mnt/transkribus/LA/DEA/URO/LA_news_onb_att.pb:de.uros.citlab.segmentation.CITlab_LA_ML:v=2.4.2
Transkribus</Creator>
        <Created>2019-10-07T11:37:30.671+02:00</Created>
        <LastChange>2019-10-08T12:04:16.890+02:00</LastChange>
        <TranskribusMetadata docId="223979" pageId="9501641" pageNr="298" tsid="16558008" status="IN_PROGRESS" userId="40391" imgUrl="https://files.transkribus.eu/Get?id=YLJFSVKSOCZNAEJKEJHSGBID&amp;fileType=view" xmlUrl="https://files.transkribus.eu/Get?id=NEGKZRASODUNTYCNISIIYAFL" imageId="6191863"/>
    </Metadata>
    <Page imageFilename="223979_0298.jpeg" imageWidth="3484" imageHeight="4448">
        <ReadingOrder>
            <OrderedGroup id="ro_1711449136800" caption="Regions reading order">
                <RegionRefIndexed index="0" regionRef="r1"/>
                <RegionRefIndexed index="1" regionRef="r2"/>
                <RegionRefIndexed index="2" regionRef="r3"/>
            </OrderedGroup>
        </ReadingOrder>
        <TextRegion orientation="0.0" id="r1" custom="readingOrder {index:0;}">
            <Coords points="373,101 373,290 516,290 516,101"/>
            <TextLine id="r1l1" custom="readingOrder {index:0;}">
                <Coords points="384,133 398,133 411,141 420,133 436,136 445,130 459,130 467,135 483,128 492,133 508,131 506,95 497,95 492,90 486,94 454,96 434,91 425,97 396,91 382,96"/>
                <Baseline points="392,126 418,125 445,123 471,121 498,122"/>
                <TextEquiv>
                    <Unicode>T</Unicode>
                </TextEquiv>
            </TextLine>
            <TextLine id="r1l2" custom="readingOrder {index:1;}">
                <Coords points="363,168 396,178 414,172 434,177 444,169 457,175 472,170 482,176 500,168 511,177 526,174 524,128 479,129 467,135 458,129 420,132 409,140 375,125 362,125"/>
                <Baseline points="373,163 401,164 430,163 458,162 487,161 516,160"/>
                <TextEquiv>
                    <Unicode>blätt</Unicode>
                </TextEquiv>
            </TextLine>
            <TextLine id="r1l3" custom="readingOrder {index:2;}">
                <Coords points="370,205 388,205 394,210 414,207 421,214 434,207 450,215 459,207 468,211 480,206 486,212 495,204 504,211 518,209 517,171 501,168 481,176 445,170 436,178 421,171 402,177 385,171 369,173"/>
                <Baseline points="380,204 405,203 431,202 457,201 483,200 509,199"/>
                <TextEquiv>
                    <Unicode>wodure</Unicode>
                </TextEquiv>
            </TextLine>
            <TextLine id="r1l4" custom="readingOrder {index:3;}">
                <Coords points="369,244 403,251 410,247 427,254 435,248 464,245 482,252 498,243 524,248 523,228 511,230 490,216 454,217 436,207 413,216 406,209 391,210 380,203 368,207"/>
                <Baseline points="377,243 404,242 432,241 459,239 487,239 515,241"/>
                <TextEquiv>
                    <Unicode>Leben</Unicode>
                </TextEquiv>
            </TextLine>
            <TextLine id="r1l5" custom="readingOrder {index:4;}">
                <Coords points="367,282 380,281 405,302 424,308 450,287 470,285 488,296 513,277 524,279 523,248 489,254 466,244 432,253 415,248 367,253"/>
                <Baseline points="377,279 404,280 432,279 459,279 487,278 515,277"/>
                <TextEquiv>
                    <Unicode>theilun</Unicode>
                </TextEquiv>
            </TextLine>
            <TextEquiv>
                <Unicode>T
blätt
wodure
Leben
theilun</Unicode>
            </TextEquiv>
        </TextRegion>
        <TextRegion orientation="0.0" id="r2" custom="readingOrder {index:1;}">
            <Coords points="469,120 469,3998 1473,3998 1473,120"/>
            <TextLine id="r2l1" custom="readingOrder {index:0;}">
                <Coords points="540,149 1463,157 1463,123 541,117"/>
                <Baseline points="549,140 594,142 639,144 684,146 730,147 775,148 820,149 865,150 911,151 956,152 1001,152 1046,153 1092,153 1137,153 1182,153 1227,154 1273,154 1318,153 1363,153 1408,153 1454,153"/>
                <TextEquiv>
                    <Unicode>B#rogna elwas allzu lebhaft geträumt, er wird darüber</Unicode>
                </TextEquiv>
            </TextLine>
            <TextLine id="r2l2" custom="readingOrder {index:1;}">
                <Coords points="537,187 1457,198 1445,158 537,148"/>
                <Baseline points="545,182 590,184 635,186 680,187 725,188 771,189 816,190 861,190 906,190 951,191 997,191 1042,191 1087,191 1132,191 1177,191 1223,191 1268,192 1313,193 1358,193 1403,194 1449,196"/>
                <TextEquiv>
                    <Unicode>böse und jagt sie fort. Sie geht nach Hause und ver¬</Unicode>
                </TextEquiv>
            </TextLine>
            <TextLine id="r2l3" custom="readingOrder {index:2;}">
                <Coords points="523,227 1465,242 1465,206 1379,191 523,191"/>
                <Baseline points="531,220 577,221 623,222 669,223 716,223 762,224 808,225 854,225 901,225 947,226 993,226 1039,226 1086,227 1132,228 1178,228 1224,229 1271,230 1317,231 1363,233 1409,235 1456,236"/>
                <TextEquiv>
                    <Unicode>lobt sich sofort mit dem bedauernswerthen Vittorino.</Unicode>
                </TextEquiv>
            </TextLine>
            <TextLine id="r2l4" custom="readingOrder {index:3;}">
                <Coords points="532,266 1474,289 1474,239 532,224"/>
                <Baseline points="541,258 587,259 633,260 679,261 725,262 772,263 818,264 864,264 910,265 956,265 1003,265 1049,266 1095,266 1141,266 1187,267 1234,267 1280,268 1326,268 1372,269 1418,270 1465,271"/>
                <TextEquiv>
                    <Unicode>Auf dem Wege zur Kirche begegnet dem Brautpaar</Unicode>
                </TextEquiv>
            </TextLine>
            <TextLine id="r2l5" custom="readingOrder {index:4;}">
                <Coords points="517,314 1476,310 1476,286 1352,272 518,269"/>
                <Baseline points="526,296 573,297 620,298 667,299 714,300 761,300 808,301 855,302 902,303 949,303 996,304 1043,305 1090,305 1137,306 1184,306 1231,306 1278,306 1325,306 1372,306 1419,306 1466,305"/>
                <TextEquiv>
                    <Unicode>der eben erwähnte Herzog von Bologna. Selbstver¬</Unicode>
                </TextEquiv>
            </TextLine>
            <TextLine id="r2l6" custom="readingOrder {index:5;}">
                <Coords points="526,343 1472,356 1453,307 527,302"/>
                <Baseline points="536,338 582,338 628,339 675,339 721,340 767,340 814,341 860,341 906,342 953,342 999,343 1045,344 1092,345 1138,345 1184,346 1231,347 1277,348 1323,349 1370,350 1416,352 1463,353"/>
                <TextEquiv>
                    <Unicode>ständlich redet der Herzog die Braut, die er noch gar nicht</Unicode>
                </TextEquiv>
            </TextLine>
            <TextLine id="r2l7" custom="readingOrder {index:6;}">
                <Coords points="523,377 1321,383 1479,411 1480,337 1392,361 524,342"/>
                <Baseline points="533,376 579,376 626,377 673,377 720,378 767,379 814,380 860,380 907,381 954,382 1001,383 1048,384 1095,385 1142,386 1188,387 1235,387 1282,388 1329,389 1376,390 1423,390 1470,391"/>
                <TextEquiv>
                    <Unicode>tannte, gleich an und bittet sie, sie möge doch einmal</Unicode>
                </TextEquiv>
            </TextLine>
            <TextLine id="r2l8" custom="readingOrder {index:7;}">
                <Coords points="525,413 1132,442 1195,416 1438,440 1482,412 1219,382 525,397"/>
                <Baseline points="534,411 583,413 632,415 682,416 731,417 781,418 830,419 879,420 929,420 978,421 1028,421 1077,422 1127,423 1176,423 1225,424 1275,424 1324,425 1374,426 1423,427 1473,428"/>
                <TextEquiv>
                    <Unicode>einen Augenblick mit ihm ins Schloß kommen. Die </Unicode>
                </TextEquiv>
            </TextLine>
            <TextLine id="r2l9" custom="readingOrder {index:8;}">
                <Coords points="518,471 782,455 963,473 990,468 991,419 821,435 519,421"/>
                <Baseline points="528,451 553,453 578,455 603,456 628,457 653,458 679,458 704,459 729,459 754,459 779,459 804,459 830,459 855,459 880,459 905,459 930,459 955,459 981,460"/>
                <TextEquiv>
                    <Unicode>sittige Braut antwortet:</Unicode>
                </TextEquiv>
            </TextLine>
            <TextLine id="r2l10" custom="readingOrder {index:9;}">
                <Coords points="992,462 1032,479 1055,464 1113,472 1134,454 1160,476 1194,465 1347,476 1370,460 1430,473 1462,464 1462,434 1226,425 1208,438 1055,417 992,437"/>
                <Baseline points="1002,462 1027,462 1052,462 1077,463 1102,463 1127,463 1152,464 1177,464 1202,464 1228,465 1253,465 1278,465 1303,465 1328,465 1353,465 1378,465 1403,464 1428,463 1454,462"/>
                <TextEquiv>
                    <Unicode>„Nicht zu machen; nur</Unicode>
                </TextEquiv>
            </TextLine>
            <TextLine id="r2l11" custom="readingOrder {index:10;}">
                <Coords points="521,489 1462,528 1474,483 521,460"/>
                <Baseline points="530,489 576,491 623,492 670,493 717,494 763,496 810,496 857,497 904,498 950,498 997,499 1044,499 1091,500 1137,500 1184,501 1231,501 1278,502 1324,503 1371,503 1418,504 1465,505"/>
                <TextEquiv>
                    <Unicode>wenn mich Ew. Durchlaucht heirathen wollen, hätte</Unicode>
                </TextEquiv>
            </TextLine>
            <TextLine id="r2l12" custom="readingOrder {index:11;}">
                <Coords points="519,540 1468,545 1343,505 942,519 520,490"/>
                <Baseline points="527,530 573,531 620,532 666,533 713,534 760,535 806,536 853,536 899,537 946,538 993,539 1039,539 1086,540 1132,541 1179,542 1226,543 1272,543 1319,544 1365,545 1412,545 1459,546"/>
                <TextEquiv>
                    <Unicode>ich nichts dagegen.“ Und richtig, der Herzog</Unicode>
                </TextEquiv>
            </TextLine>
            <TextLine id="r2l13" custom="readingOrder {index:12;}">
                <Coords points="507,567 1438,598 1475,571 1326,543 508,547"/>
                <Baseline points="516,571 563,571 611,571 658,571 706,572 753,573 801,573 848,574 896,575 943,576 991,577 1038,578 1086,579 1133,580 1181,581 1228,582 1276,583 1323,583 1371,584 1418,584 1466,585"/>
                <TextEquiv>
                    <Unicode>erklärt, er werde sie heirathen, sie sinkt ihm</Unicode>
                </TextEquiv>
            </TextLine>
            <TextLine id="r2l14" custom="readingOrder {index:13;}">
                <Coords points="506,613 1401,638 1460,625 1461,590 506,583"/>
                <Baseline points="515,610 561,610 608,609 655,610 702,610 749,611 796,612 842,613 889,614 936,615 983,616 1030,618 1077,619 1124,620 1170,620 1217,621 1264,621 1311,621 1358,621 1405,620 1452,619"/>
                <TextEquiv>
                    <Unicode>(er ist bereits Nummer Drei an einem Tage) wonne¬</Unicode>
                </TextEquiv>
            </TextLine>
            <TextLine id="r2l15" custom="readingOrder {index:14;}">
                <Coords points="508,663 1257,656 1473,687 1474,631 508,616"/>
                <Baseline points="516,652 563,652 610,652 658,651 705,652 753,652 800,652 847,653 895,654 942,654 990,655 1037,656 1084,657 1132,657 1179,658 1227,659 1274,659 1321,660 1369,660 1416,660 1464,660"/>
                <TextEquiv>
                    <Unicode>schauernd in die Arme, und Vittorino bringt in</Unicode>
                </TextEquiv>
            </TextLine>
            <TextLine id="r2l16" custom="readingOrder {index:15;}">
                <Coords points="515,691 1468,699 1436,668 1259,656 515,657"/>
                <Baseline points="524,689 570,690 617,690 664,690 711,691 757,691 804,692 851,692 898,693 944,694 991,694 1038,695 1085,695 1131,696 1178,697 1225,698 1272,698 1318,699 1365,700 1412,701 1459,702"/>
                <TextEquiv>
                    <Unicode>einer Ecke sich um. Zu der Hochzeit, die noch am</Unicode>
                </TextEquiv>
            </TextLine>
            <TextLine id="r2l17" custom="readingOrder {index:16;}">
                <Coords points="503,731 1171,728 1245,758 1457,742 1458,708 503,691"/>
                <Baseline points="512,729 558,729 605,729 652,730 699,730 746,731 792,731 839,732 886,732 933,733 980,733 1026,733 1073,734 1120,735 1167,735 1214,735 1260,736 1307,736 1354,737 1401,737 1448,737"/>
                <TextEquiv>
                    <Unicode>selben Abend stattfindet, lädt der Herzog sämmt¬</Unicode>
                </TextEquiv>
            </TextLine>
            <TextLine id="r2l18" custom="readingOrder {index:17;}">
                <Coords points="509,783 1466,775 1466,741 510,729"/>
                <Baseline points="519,765 565,765 612,766 659,766 706,767 753,767 800,768 846,769 893,770 940,770 987,771 1034,772 1081,772 1128,773 1174,774 1221,774 1268,774 1315,775 1362,775 1409,775 1456,775"/>
                <TextEquiv>
                    <Unicode>liche öffentliche Dirnen Bolognas ein; nicht etwa</Unicode>
                </TextEquiv>
            </TextLine>
            <TextLine id="r2l19" custom="readingOrder {index:18;}">
                <Coords points="503,804 1384,827 1459,824 1460,791 503,786"/>
                <Baseline points="512,803 561,804 610,804 660,805 709,806 759,806 808,807 857,807 907,808 956,808 1006,809 1055,810 1105,810 1154,811 1203,811 1253,812 1302,813 1352,814 1401,815 1451,816"/>
                <TextEquiv>
                    <Unicode>aus Selbstironie, das wäre ein dichterischer Zug,</Unicode>
                </TextEquiv>
            </TextLine>
            <TextLine id="r2l20" custom="readingOrder {index:19;}">
                <Coords points="509,844 1460,851 1460,822 1348,813 509,813"/>
                <Baseline points="518,844 564,845 611,846 657,847 704,847 751,847 797,848 844,848 891,848 937,848 984,848 1031,848 1077,848 1124,848 1171,848 1217,849 1264,849 1311,850 1357,850 1404,851 1451,853"/>
                <TextEquiv>
                    <Unicode>sondern nur damit ein malerisch bewegter vierter</Unicode>
                </TextEquiv>
            </TextLine>
            <TextLine id="r2l21" custom="readingOrder {index:20;}">
                <Coords points="501,900 1347,903 1459,893 1459,852 501,859"/>
                <Baseline points="509,885 556,885 603,885 650,885 697,886 744,886 791,886 838,887 885,887 932,888 979,888 1026,888 1073,889 1120,889 1167,889 1214,889 1261,890 1308,890 1355,890 1402,889 1450,889"/>
                <TextEquiv>
                    <Unicode>Act zu Stande kommt. Beatrice aber schleicht sich von</Unicode>
                </TextEquiv>
            </TextLine>
            <TextLine id="r2l22" custom="readingOrder {index:21;}">
                <Coords points="506,911 633,939 1453,944 1468,912 506,895"/>
                <Baseline points="515,924 562,925 609,925 656,926 703,926 751,927 798,927 845,927 892,927 939,928 987,928 1034,928 1081,928 1128,928 1175,929 1223,929 1270,929 1317,930 1364,930 1411,931 1459,932"/>
                <TextEquiv>
                    <Unicode>diesem Feste weg und kehrt noch einmal zu Nummer</Unicode>
                </TextEquiv>
            </TextLine>
            <TextLine id="r2l23" custom="readingOrder {index:22;}">
                <Coords points="504,972 1473,976 1473,929 947,951 504,911"/>
                <Baseline points="513,963 560,964 608,965 655,966 703,967 750,967 798,968 845,968 893,968 940,968 988,968 1036,967 1083,967 1131,967 1178,967 1226,967 1273,967 1321,967 1368,967 1416,968 1464,968"/>
                <TextEquiv>
                    <Unicode>Eins, zu ihrem Filippo, zurück. Der hat unterdessen</Unicode>
                </TextEquiv>
            </TextLine>
            <TextLine id="r2l24" custom="readingOrder {index:23;}">
                <Coords points="500,1003 1454,1017 1454,975 1418,973 500,987"/>
                <Baseline points="509,1006 555,1005 602,1005 649,1005 696,1004 743,1004 790,1004 836,1004 883,1004 930,1004 977,1004 1024,1004 1071,1004 1118,1004 1164,1005 1211,1005 1258,1006 1305,1007 1352,1007 1399,1008 1446,1009"/>
                <TextEquiv>
                    <Unicode>ganz friedlich mit zwei anderen Damen poculirt. Als</Unicode>
                </TextEquiv>
            </TextLine>
            <TextLine id="r2l25" custom="readingOrder {index:24;}">
                <Coords points="505,1046 1468,1053 1468,1029 1353,1012 505,1007"/>
                <Baseline points="513,1044 560,1043 607,1043 654,1042 702,1042 749,1042 796,1042 844,1042 891,1043 938,1043 986,1044 1033,1044 1080,1045 1127,1045 1175,1046 1222,1046 1269,1047 1317,1047 1364,1047 1411,1048 1459,1048"/>
                <TextEquiv>
                    <Unicode>Beatrice kommt, wird er pathetisch, hält eine längere</Unicode>
                </TextEquiv>
            </TextLine>
            <TextLine id="r2l26" custom="readingOrder {index:25;}">
                <Coords points="509,1073 1341,1104 1461,1095 1462,1060 509,1051"/>
                <Baseline points="518,1083 564,1082 611,1082 658,1082 705,1082 751,1082 798,1082 845,1082 892,1083 938,1084 985,1084 1032,1085 1079,1086 1125,1086 1172,1087 1219,1088 1266,1088 1312,1088 1359,1089 1406,1089 1453,1089"/>
                <TextEquiv>
                    <Unicode>Rede über den Werth des Lebens und die Nachtheile</Unicode>
                </TextEquiv>
            </TextLine>
            <TextLine id="r2l27" custom="readingOrder {index:26;}">
                <Coords points="508,1119 1465,1134 1465,1096 1427,1092 509,1076"/>
                <Baseline points="517,1121 566,1121 615,1121 665,1121 714,1121 764,1122 813,1122 862,1122 912,1123 961,1124 1011,1124 1060,1124 1110,1125 1159,1125 1208,1125 1258,1125 1307,1125 1357,1124 1406,1123 1456,1122"/>
                <TextEquiv>
                    <Unicode>des Sterbens und versucht darauf, einen kleinen Doppel¬</Unicode>
                </TextEquiv>
            </TextLine>
            <TextLine id="r2l28" custom="readingOrder {index:27;}">
                <Coords points="505,1151 895,1186 1458,1168 1458,1134 1396,1130 505,1132"/>
                <Baseline points="513,1161 559,1161 606,1161 653,1162 700,1162 747,1162 793,1162 840,1163 887,1163 934,1163 981,1164 1027,1164 1074,1164 1121,1165 1168,1165 1215,1165 1261,1165 1308,1165 1355,1164 1402,1164 1449,1163"/>
                <TextEquiv>
                    <Unicode>selbstmord zu arrangiren. Dieses Experiment miß¬</Unicode>
                </TextEquiv>
            </TextLine>
            <TextLine id="r2l29" custom="readingOrder {index:28;}">
                <Coords points="515,1212 1454,1223 1438,1171 516,1167"/>
                <Baseline points="524,1198 570,1199 616,1200 662,1201 708,1202 754,1202 800,1203 846,1203 892,1203 938,1203 984,1204 1030,1204 1076,1204 1122,1204 1168,1204 1214,1205 1260,1205 1306,1205 1352,1206 1398,1206 1444,1207"/>
                <TextEquiv>
                    <Unicode>lingt aber insofern, als nur er dabei umkounnt,</Unicode>
                </TextEquiv>
            </TextLine>
            <TextLine id="r2l30" custom="readingOrder {index:29;}">
                <Coords points="512,1235 744,1262 1087,1237 1294,1270 1339,1245 1459,1259 1460,1217 512,1213"/>
                <Baseline points="521,1239 567,1239 614,1240 660,1240 707,1241 753,1241 800,1241 846,1242 893,1242 939,1242 986,1242 1032,1243 1079,1243 1125,1243 1172,1244 1218,1244 1265,1245 1311,1245 1358,1246 1404,1247 1451,1248"/>
                <TextEquiv>
                    <Unicode>während Veatrice am Leben bleibt. Sie geht</Unicode>
                </TextEquiv>
            </TextLine>
            <TextLine id="r2l31" custom="readingOrder {index:30;}">
                <Coords points="502,1291 533,1280 542,1288 574,1288 634,1273 659,1278 672,1291 699,1290 731,1276 731,1263 695,1252 685,1241 658,1262 640,1248 618,1251 600,1243 593,1251 580,1245 569,1250 528,1235 503,1239"/>
                <Baseline points="512,1275 538,1277 564,1278 590,1279 617,1279 643,1280 669,1279 695,1279 722,1278"/>
                <TextEquiv>
                    <Unicode>dann in</Unicode>
                </TextEquiv>
            </TextLine>
            <TextLine id="r2l32" custom="readingOrder {index:31;}">
                <Coords points="751,1278 1456,1291 1456,1254 1341,1245 1278,1271 1085,1237 752,1253"/>
                <Baseline points="760,1279 794,1279 828,1279 862,1279 897,1279 931,1280 965,1280 1000,1281 1034,1282 1068,1282 1103,1283 1137,1284 1171,1284 1205,1285 1240,1285 1274,1285 1308,1285 1343,1285 1377,1285 1411,1284 1446,1283"/>
                <TextEquiv>
                    <Unicode>aller Gemächlichkeit zur Hochzeit</Unicode>
                </TextEquiv>
            </TextLine>
            <TextLine id="r2l33" custom="readingOrder {index:32;}">
                <Coords points="504,1318 957,1343 1044,1315 1457,1326 1457,1302 1300,1285 627,1274 504,1300"/>
                <Baseline points="513,1317 559,1317 606,1318 653,1318 700,1319 746,1319 793,1320 840,1320 887,1321 933,1321 980,1322 1027,1322 1074,1323 1120,1323 1167,1324 1214,1324 1261,1324 1307,1324 1354,1324 1401,1324 1448,1324"/>
                <TextEquiv>
                    <Unicode>zurück, wo der Herzog sie fragt, wo sie ihren</Unicode>
                </TextEquiv>
            </TextLine>
            <TextLine id="r2l34" custom="readingOrder {index:33;}">
                <Coords points="505,1363 1200,1378 1258,1355 1454,1383 1455,1326 506,1323"/>
                <Baseline points="515,1355 561,1356 608,1357 654,1357 701,1358 747,1359 794,1360 840,1360 887,1361 933,1361 980,1362 1027,1362 1073,1363 1120,1363 1166,1363 1213,1363 1259,1363 1306,1363 1352,1363 1399,1363 1446,1363"/>
                <TextEquiv>
                    <Unicode>Schleier gelassen habe. Nach langem Sträuben</Unicode>
                </TextEquiv>
            </TextLine>
            <TextLine id="r2l35" custom="readingOrder {index:34;}">
                <Coords points="502,1398 1454,1418 1455,1387 1268,1356 1201,1380 502,1365"/>
                <Baseline points="510,1395 556,1395 603,1395 650,1396 697,1396 744,1397 790,1397 837,1398 884,1398 931,1399 978,1400 1024,1400 1071,1402 1118,1402 1165,1403 1212,1404 1258,1404 1305,1405 1352,1405 1399,1406 1446,1406"/>
                <TextEquiv>
                    <Unicode>will sie ihn dorthin führen, wo der Schleier liegt.</Unicode>
                </TextEquiv>
            </TextLine>
            <TextLine id="r2l36" custom="readingOrder {index:35;}">
                <Coords points="508,1444 1455,1455 1456,1414 509,1399"/>
                <Baseline points="517,1438 563,1437 609,1436 656,1436 702,1435 749,1435 795,1436 842,1436 888,1436 935,1437 981,1437 1027,1438 1074,1439 1120,1439 1167,1440 1213,1441 1260,1442 1306,1443 1353,1443 1399,1444 1446,1445"/>
                <TextEquiv>
                    <Unicode>Man begiebt sich in Filippos Gemach, wo es natürlich</Unicode>
                </TextEquiv>
            </TextLine>
            <TextLine id="r2l37" custom="readingOrder {index:36;}">
                <Coords points="496,1475 1404,1497 1454,1482 1455,1447 497,1439"/>
                <Baseline points="506,1476 553,1475 600,1475 647,1474 694,1474 741,1474 788,1475 835,1475 882,1476 929,1476 976,1477 1023,1478 1070,1479 1117,1480 1164,1481 1211,1482 1258,1483 1305,1484 1352,1485 1399,1486 1446,1487"/>
                <TextEquiv>
                    <Unicode>zu erregten Seenen kommt. Der Herzog hält viel</Unicode>
                </TextEquiv>
            </TextLine>
            <TextLine id="r2l38" custom="readingOrder {index:37;}">
                <Coords points="496,1517 1458,1530 1444,1486 496,1483"/>
                <Baseline points="504,1516 551,1515 598,1513 645,1512 692,1512 740,1512 787,1512 834,1513 881,1513 928,1515 976,1516 1023,1517 1070,1518 1117,1520 1164,1521 1212,1522 1259,1523 1306,1524 1353,1524 1400,1524 1448,1524"/>
                <TextEquiv>
                    <Unicode>schöne Reden und Beatrice wird endlich von ihrem</Unicode>
                </TextEquiv>
            </TextLine>
            <TextLine id="r2l39" custom="readingOrder {index:38;}">
                <Coords points="502,1536 549,1561 1012,1559 1012,1527 949,1519 502,1516"/>
                <Baseline points="511,1550 536,1551 562,1552 588,1553 614,1553 640,1553 666,1553 692,1553 718,1553 744,1553 769,1553 795,1552 821,1552 847,1552 873,1552 899,1552 925,1553 951,1553 977,1554 1003,1555"/>
                <TextEquiv>
                    <Unicode>Bruder Francesco erstochen.</Unicode>
                </TextEquiv>
            </TextLine>
            <TextLine id="r2l40" custom="readingOrder {index:39;}">
                <Coords points="532,1590 1452,1622 1453,1568 1161,1548 532,1570"/>
                <Baseline points="541,1589 586,1589 631,1590 676,1591 721,1591 766,1592 811,1593 857,1594 902,1595 947,1596 992,1597 1037,1597 1082,1599 1127,1599 1173,1600 1218,1601 1263,1602 1308,1603 1353,1604 1398,1604 1444,1605"/>
                <TextEquiv>
                    <Unicode>Uff! Und dabei haben wir nur die leitende Handlung</Unicode>
                </TextEquiv>
            </TextLine>
            <TextLine id="r2l41" custom="readingOrder {index:40;}">
                <Coords points="491,1640 1450,1651 1450,1609 1391,1604 539,1591 492,1613"/>
                <Baseline points="501,1630 548,1629 595,1629 642,1629 689,1629 736,1630 783,1631 830,1632 877,1633 924,1634 971,1636 1018,1638 1065,1639 1112,1641 1159,1642 1206,1643 1253,1643 1300,1643 1347,1643 1394,1643 1441,1642"/>
                <TextEquiv>
                    <Unicode>erzählt. Darum herum ranken sich noch zahllose Episoden</Unicode>
                </TextEquiv>
            </TextLine>
            <TextLine id="r2l42" custom="readingOrder {index:41;}">
                <Coords points="491,1693 697,1668 1405,1701 1457,1676 1348,1644 492,1640"/>
                <Baseline points="500,1671 547,1671 594,1671 642,1671 689,1672 737,1672 784,1674 831,1674 879,1676 926,1677 974,1678 1021,1679 1068,1680 1116,1681 1163,1681 1211,1682 1258,1682 1305,1681 1353,1680 1400,1679 1448,1677"/>
                <TextEquiv>
                    <Unicode>politischer oder erotischer Natur; indifferente Neben¬</Unicode>
                </TextEquiv>
            </TextLine>
            <TextLine id="r2l43" custom="readingOrder {index:42;}">
                <Coords points="494,1726 1395,1716 1372,1685 1116,1673 495,1688"/>
                <Baseline points="503,1710 547,1709 591,1709 635,1709 679,1709 723,1710 767,1711 812,1712 856,1713 900,1714 944,1716 988,1717 1032,1718 1076,1719 1121,1720 1165,1721 1209,1721 1253,1721 1297,1721 1341,1720 1386,1719"/>
                <TextEquiv>
                    <Unicode>personen kommen und gehen oder bringen sich um.</Unicode>
                </TextEquiv>
            </TextLine>
            <TextLine id="r2l44" custom="readingOrder {index:43;}">
                <Coords points="538,1759 1352,1775 1459,1746 1382,1719 538,1721"/>
                <Baseline points="547,1746 592,1748 637,1749 682,1750 727,1751 772,1752 817,1753 862,1754 907,1755 952,1755 998,1756 1043,1756 1088,1757 1133,1757 1178,1758 1223,1758 1268,1759 1313,1759 1358,1760 1403,1760 1449,1761"/>
                <TextEquiv>
                    <Unicode>Das, worauf es dem Dichter inmitten dieses Wirr¬</Unicode>
                </TextEquiv>
            </TextLine>
            <TextLine id="r2l45" custom="readingOrder {index:44;}">
                <Coords points="491,1781 1449,1802 1413,1762 590,1759 491,1732"/>
                <Baseline points="499,1786 546,1787 593,1789 640,1790 687,1791 734,1792 781,1793 828,1793 875,1794 922,1794 969,1795 1016,1795 1063,1795 1110,1796 1157,1796 1204,1797 1251,1797 1298,1798 1345,1799 1392,1799 1439,1801"/>
                <TextEquiv>
                    <Unicode>warrs ankam, ist das Wesen dieser Beatrice, die</Unicode>
                </TextEquiv>
            </TextLine>
            <TextLine id="r2l46" custom="readingOrder {index:45;}">
                <Coords points="496,1834 1458,1840 1444,1799 497,1782"/>
                <Baseline points="505,1826 552,1827 599,1827 646,1828 693,1828 740,1829 787,1830 835,1830 882,1831 929,1832 976,1832 1023,1833 1070,1834 1117,1835 1165,1835 1212,1836 1259,1837 1306,1837 1353,1838 1400,1839 1448,1839"/>
                <TextEquiv>
                    <Unicode>harmlos und auch schuldlos über Leichen wandelt, von einer</Unicode>
                </TextEquiv>
            </TextLine>
            <TextLine id="r2l47" custom="readingOrder {index:46;}">
                <Coords points="495,1866 1450,1888 1450,1841 496,1833"/>
                <Baseline points="505,1866 551,1867 598,1867 645,1868 692,1868 738,1869 785,1869 832,1870 879,1870 925,1870 972,1870 1019,1871 1066,1871 1112,1871 1159,1872 1206,1872 1253,1873 1299,1874 1346,1875 1393,1876 1440,1877"/>
                <TextEquiv>
                    <Unicode>Umarmung in die andere, die, neben der blutenden Leiche</Unicode>
                </TextEquiv>
            </TextLine>
            <TextLine id="r2l48" custom="readingOrder {index:47;}">
                <Coords points="489,1901 1462,1932 1462,1901 1387,1881 490,1872"/>
                <Baseline points="499,1904 546,1905 594,1906 641,1906 689,1907 737,1908 784,1909 832,1909 880,1910 927,1910 975,1911 1023,1912 1070,1912 1118,1913 1166,1913 1213,1913 1261,1914 1309,1914 1356,1915 1404,1915 1452,1915"/>
                <TextEquiv>
                    <Unicode>ihres ersten Bräutigams stehend, von ihrem zweiten</Unicode>
                </TextEquiv>
            </TextLine>
            <TextLine id="r2l49" custom="readingOrder {index:48;}">
                <Coords points="495,1945 1452,1966 1452,1932 1389,1920 496,1918"/>
                <Baseline points="505,1942 551,1942 598,1943 645,1943 692,1944 739,1945 786,1946 833,1947 880,1947 927,1948 974,1949 1020,1950 1067,1951 1114,1952 1161,1953 1208,1953 1255,1954 1302,1954 1349,1955 1396,1956 1443,1956"/>
                <TextEquiv>
                    <Unicode>Bräutigam den symbolischen Schleier empfängt und diesen</Unicode>
                </TextEquiv>
            </TextLine>
            <TextLine id="r2l50" custom="readingOrder {index:49;}">
                <Coords points="490,1971 1453,2003 1453,1962 490,1944"/>
                <Baseline points="499,1983 546,1984 593,1985 640,1985 688,1986 735,1987 782,1987 829,1988 877,1988 924,1988 971,1989 1018,1989 1066,1990 1113,1990 1160,1991 1207,1991 1255,1992 1302,1993 1349,1993 1396,1994 1444,1995"/>
                <TextEquiv>
                    <Unicode>Schleier noch in der Hochzeitsnacht im Schlafzimmer</Unicode>
                </TextEquiv>
            </TextLine>
            <TextLine id="r2l51" custom="readingOrder {index:50;}">
                <Coords points="497,2036 1367,2051 1452,2045 1453,2003 498,1994"/>
                <Baseline points="507,2024 553,2024 600,2024 647,2024 694,2024 741,2025 788,2025 834,2026 881,2027 928,2027 975,2028 1022,2029 1069,2030 1116,2031 1162,2031 1209,2032 1256,2032 1303,2032 1350,2032 1397,2032 1444,2031"/>
                <TextEquiv>
                    <Unicode>ihres Geliebten liegen läßt. Dieses Weib hat schon</Unicode>
                </TextEquiv>
            </TextLine>
            <TextLine id="r2l52" custom="readingOrder {index:51;}">
                <Coords points="483,2058 1389,2090 1445,2076 1446,2040 484,2020"/>
                <Baseline points="492,2064 539,2064 586,2064 633,2064 680,2064 728,2064 775,2064 822,2065 869,2065 916,2066 964,2066 1011,2067 1058,2068 1105,2068 1152,2069 1200,2069 1247,2070 1294,2070 1341,2071 1388,2071 1436,2071"/>
                <TextEquiv>
                    <Unicode>manchen Dichter begeistert. So Boccaccio, der mit</Unicode>
                </TextEquiv>
            </TextLine>
            <TextLine id="r2l53" custom="readingOrder {index:52;}">
                <Coords points="484,2105 1442,2125 1443,2076 484,2076"/>
                <Baseline points="494,2104 543,2104 592,2104 642,2103 691,2103 741,2103 790,2104 839,2104 889,2104 938,2105 988,2105 1037,2106 1087,2107 1136,2107 1185,2108 1235,2109 1284,2110 1334,2111 1383,2111 1433,2112"/>
                <TextEquiv>
                    <Unicode>infamem Behagen die Novelle von der von Bett zu</Unicode>
                </TextEquiv>
            </TextLine>
            <TextLine id="r2l54" custom="readingOrder {index:53;}">
                <Coords points="481,2135 1452,2153 1413,2119 1294,2110 482,2107"/>
                <Baseline points="491,2144 538,2143 586,2143 633,2143 681,2143 729,2143 776,2143 824,2144 871,2144 919,2145 967,2145 1014,2146 1062,2147 1109,2148 1157,2148 1205,2149 1252,2149 1300,2149 1347,2150 1395,2150 1443,2149"/>
                <TextEquiv>
                    <Unicode>Bett verderbenbringend schreitenden Egyptischen Sultaus¬</Unicode>
                </TextEquiv>
            </TextLine>
            <TextLine id="r2l55" custom="readingOrder {index:54;}">
                <Coords points="482,2184 1444,2203 1445,2153 483,2153"/>
                <Baseline points="492,2183 539,2182 586,2181 633,2181 680,2181 727,2181 774,2181 822,2182 869,2183 916,2184 963,2185 1010,2185 1057,2187 1104,2188 1152,2189 1199,2189 1246,2190 1293,2190 1340,2190 1387,2190 1435,2190"/>
                <TextEquiv>
                    <Unicode>tochter erzählte, so Wedekind, der den Stoff im „Erd¬</Unicode>
                </TextEquiv>
            </TextLine>
            <TextLine id="r2l56" custom="readingOrder {index:55;}">
                <Coords points="483,2243 607,2219 641,2237 667,2221 1146,2244 1189,2226 1142,2190 865,2186 845,2204 483,2184"/>
                <Baseline points="492,2227 526,2225 560,2224 595,2222 629,2221 664,2221 698,2220 732,2220 767,2221 801,2221 836,2222 870,2222 904,2223 939,2223 973,2224 1008,2225 1042,2226 1076,2226 1111,2226 1145,2226 1180,2226"/>
                <TextEquiv>
                    <Unicode>geist“ zu höhnender Satire verwerthete.</Unicode>
                </TextEquiv>
            </TextLine>
            <TextLine id="r2l57" custom="readingOrder {index:56;}">
                <Coords points="526,2260 1454,2268 1346,2217 526,2240"/>
                <Baseline points="535,2262 580,2261 626,2261 671,2260 717,2261 762,2261 808,2261 853,2262 899,2262 944,2263 990,2264 1035,2265 1081,2266 1126,2266 1172,2267 1217,2268 1263,2269 1308,2269 1354,2270 1399,2270 1445,2270"/>
                <TextEquiv>
                    <Unicode>Um Schnitzlers Beatrice wittert ein Hauch von</Unicode>
                </TextEquiv>
            </TextLine>
            <TextLine id="r2l58" custom="readingOrder {index:57;}">
                <Coords points="489,2298 1371,2323 1450,2317 1451,2267 489,2260"/>
                <Baseline points="498,2305 545,2303 592,2302 639,2301 686,2300 734,2300 781,2300 828,2301 875,2301 922,2303 970,2303 1017,2305 1064,2306 1111,2307 1158,2308 1206,2309 1253,2310 1300,2311 1347,2312 1394,2312 1442,2313"/>
                <TextEquiv>
                    <Unicode>Menschlichkeit. Das muß man dem Stücke lassen.</Unicode>
                </TextEquiv>
            </TextLine>
            <TextLine id="r2l59" custom="readingOrder {index:58;}">
                <Coords points="484,2346 1361,2347 1450,2377 1451,2316 484,2296"/>
                <Baseline points="492,2343 539,2342 587,2340 634,2339 682,2339 729,2340 777,2340 824,2341 872,2342 919,2343 967,2345 1014,2346 1062,2347 1109,2349 1157,2350 1204,2351 1252,2352 1299,2352 1347,2352 1394,2352 1442,2351"/>
                <TextEquiv>
                    <Unicode>Wenn man aus all dem theatralischen Zubehör die</Unicode>
                </TextEquiv>
            </TextLine>
            <TextLine id="r2l60" custom="readingOrder {index:59;}">
                <Coords points="488,2376 1450,2385 1369,2350 488,2347"/>
                <Baseline points="497,2383 544,2381 591,2380 638,2379 685,2378 732,2378 779,2379 827,2379 874,2380 921,2382 968,2383 1015,2384 1062,2385 1109,2386 1157,2388 1204,2388 1251,2389 1298,2389 1345,2390 1392,2389 1440,2389"/>
                <TextEquiv>
                    <Unicode>Figur dieses Persönchens herausschält, so hat man</Unicode>
                </TextEquiv>
            </TextLine>
            <TextLine id="r2l61" custom="readingOrder {index:60;}">
                <Coords points="484,2428 1412,2438 1444,2435 1445,2396 620,2372 484,2399"/>
                <Baseline points="493,2421 540,2420 587,2419 634,2418 681,2418 728,2418 775,2419 822,2419 869,2420 916,2421 964,2422 1011,2423 1058,2424 1105,2425 1152,2426 1199,2427 1246,2428 1293,2428 1340,2429 1387,2429 1435,2428"/>
                <TextEquiv>
                    <Unicode>ein Stück leidenden Lebens vor sich, auf das</Unicode>
                </TextEquiv>
            </TextLine>
            <TextLine id="r2l62" custom="readingOrder {index:61;}">
                <Coords points="484,2458 1439,2472 1439,2434 1349,2422 1192,2448 1126,2422 485,2428"/>
                <Baseline points="493,2460 539,2459 586,2457 633,2457 680,2457 727,2457 774,2457 820,2458 867,2459 914,2460 961,2461 1008,2462 1055,2463 1102,2464 1148,2464 1195,2465 1242,2465 1289,2465 1336,2465 1383,2464 1430,2463"/>
                <TextEquiv>
                    <Unicode>doch nicht der erste Beste geräth. Der Kern</Unicode>
                </TextEquiv>
            </TextLine>
            <TextLine id="r2l63" custom="readingOrder {index:62;}">
                <Coords points="500,2498 1439,2517 1439,2477 1337,2465 501,2457"/>
                <Baseline points="509,2496 555,2496 601,2496 647,2497 693,2498 739,2498 785,2499 831,2500 877,2500 923,2501 969,2501 1015,2502 1061,2502 1107,2503 1153,2503 1199,2504 1245,2504 1291,2504 1337,2504 1383,2504 1430,2503"/>
                <TextEquiv>
                    <Unicode>ist gut, nur die Gestaltung vollkommen mißrathen.</Unicode>
                </TextEquiv>
            </TextLine>
            <TextLine id="r2l64" custom="readingOrder {index:63;}">
                <Coords points="486,2542 1426,2564 1443,2512 486,2513"/>
                <Baseline points="495,2540 544,2539 593,2538 643,2537 692,2537 742,2537 791,2537 840,2538 890,2539 939,2540 989,2540 1038,2541 1088,2542 1137,2543 1186,2543 1236,2544 1285,2544 1335,2543 1384,2543 1434,2542"/>
                <TextEquiv>
                    <Unicode>Schon die Thatsache, daß dieser Kern sich so gar nicht</Unicode>
                </TextEquiv>
            </TextLine>
            <TextLine id="r2l65" custom="readingOrder {index:64;}">
                <Coords points="484,2574 1448,2591 1448,2542 484,2541"/>
                <Baseline points="493,2580 540,2579 587,2578 634,2577 682,2577 729,2577 776,2578 823,2578 871,2579 918,2579 965,2580 1012,2581 1060,2581 1107,2582 1154,2582 1201,2583 1249,2583 1296,2583 1343,2582 1390,2582 1438,2581"/>
                <TextEquiv>
                    <Unicode>hervorhebt, bei der schnell vorüber gleitenden Auf¬</Unicode>
                </TextEquiv>
            </TextLine>
            <TextLine id="r2l66" custom="readingOrder {index:65;}">
                <Coords points="488,2624 1439,2629 1439,2589 1320,2579 488,2579"/>
                <Baseline points="497,2620 543,2618 590,2616 636,2615 683,2615 730,2615 776,2615 823,2615 870,2616 916,2617 963,2618 1010,2619 1056,2620 1103,2621 1150,2622 1196,2622 1243,2623 1290,2623 1336,2622 1383,2622 1430,2621"/>
                <TextEquiv>
                    <Unicode>führung kaum zu erkennen ist, zeigt, daß es Schnitzler</Unicode>
                </TextEquiv>
            </TextLine>
            <TextLine id="r2l67" custom="readingOrder {index:66;}">
                <Coords points="489,2649 685,2676 738,2653 1446,2664 1446,2612 490,2624"/>
                <Baseline points="499,2658 545,2656 592,2655 639,2654 686,2654 733,2654 780,2654 827,2654 874,2655 921,2655 968,2656 1014,2657 1061,2658 1108,2659 1155,2660 1202,2660 1249,2661 1296,2662 1343,2662 1390,2662 1437,2662"/>
                <TextEquiv>
                    <Unicode>nicht gelungen ist, für die Perspective der Bühne plastisch zu</Unicode>
                </TextEquiv>
            </TextLine>
            <TextLine id="r2l68" custom="readingOrder {index:67;}">
                <Coords points="482,2695 1436,2698 1436,2671 1379,2667 482,2659"/>
                <Baseline points="490,2698 536,2697 583,2695 630,2695 677,2694 724,2693 771,2693 818,2694 865,2694 912,2694 959,2695 1005,2695 1052,2696 1099,2696 1146,2697 1193,2698 1240,2698 1287,2699 1334,2699 1381,2699 1428,2699"/>
                <TextEquiv>
                    <Unicode>gruppiren. Ueberall gähnende Leere, in der krause Be¬</Unicode>
                </TextEquiv>
            </TextLine>
            <TextLine id="r2l69" custom="readingOrder {index:68;}">
                <Coords points="479,2739 1374,2755 1430,2745 1430,2709 636,2693 479,2719"/>
                <Baseline points="488,2740 534,2737 581,2736 627,2735 674,2734 721,2734 767,2734 814,2734 860,2734 907,2735 954,2736 1000,2737 1047,2737 1093,2738 1140,2739 1187,2739 1233,2740 1280,2740 1326,2740 1373,2740 1420,2739"/>
                <TextEquiv>
                    <Unicode>gebenheiten und schattenhafte Figuren durcheinander¬</Unicode>
                </TextEquiv>
            </TextLine>
            <TextLine id="r2l70" custom="readingOrder {index:69;}">
                <Coords points="482,2782 1249,2800 1437,2775 1403,2744 482,2738"/>
                <Baseline points="490,2775 536,2774 583,2774 630,2774 677,2773 724,2773 771,2774 818,2774 865,2774 912,2774 959,2775 1005,2775 1052,2776 1099,2776 1146,2777 1193,2778 1240,2778 1287,2779 1334,2780 1381,2781 1428,2781"/>
                <TextEquiv>
                    <Unicode>wogen. Was für eine kindisch gezeichnete Figur ist</Unicode>
                </TextEquiv>
            </TextLine>
            <TextLine id="r2l71" custom="readingOrder {index:70;}">
                <Coords points="486,2817 1435,2834 1436,2789 1357,2783 487,2786"/>
                <Baseline points="495,2815 541,2814 588,2813 634,2813 681,2813 728,2813 774,2813 821,2814 867,2815 914,2815 961,2817 1007,2817 1054,2818 1100,2819 1147,2820 1194,2820 1240,2821 1287,2821 1333,2820 1380,2820 1427,2819"/>
                <TextEquiv>
                    <Unicode>vierer Herzog, der auf offenem Markt ein Straßen¬</Unicode>
                </TextEquiv>
            </TextLine>
            <TextLine id="r2l72" custom="readingOrder {index:71;}">
                <Coords points="485,2864 1458,2891 1458,2828 1406,2822 486,2817"/>
                <Baseline points="495,2856 542,2856 590,2855 638,2855 685,2855 733,2855 781,2855 828,2856 876,2856 924,2856 972,2857 1019,2857 1067,2858 1115,2859 1162,2859 1210,2859 1258,2860 1305,2860 1353,2861 1401,2861 1449,2861"/>
                <TextEquiv>
                    <Unicode>mädel freit und dann baß erstaunt ist, daß !</Unicode>
                </TextEquiv>
            </TextLine>
            <TextLine id="r2l73" custom="readingOrder {index:72;}">
                <Coords points="460,2975 1368,2971 1441,2963 1441,2916 459,2928"/>
                <Baseline points="469,2963 517,2962 565,2961 613,2960 661,2960 709,2959 757,2959 806,2958 854,2958 902,2958 950,2958 998,2957 1046,2957 1094,2957 1143,2957 1191,2957 1239,2957 1287,2956 1335,2956 1383,2956 1432,2956"/>
                <TextEquiv>
                    <Unicode>fer allerlei unerfreuliches Geheimniß als Heiraths=</Unicode>
                </TextEquiv>
            </TextLine>
            <TextLine id="r2l74" custom="readingOrder {index:73;}">
                <Coords points="484,3007 1333,3011 1439,3002 1439,2962 484,2967"/>
                <Baseline points="493,3003 539,3002 586,3001 633,3001 680,3000 727,3000 773,3000 820,3000 867,3000 914,3000 961,3000 1007,3000 1054,3000 1101,3000 1148,3000 1195,3000 1241,3000 1288,2999 1335,2999 1382,2998 1429,2998"/>
                <TextEquiv>
                    <Unicode>gut mitbekommen hat. Und wie wenig durchdacht ist</Unicode>
                </TextEquiv>
            </TextLine>
            <TextLine id="r2l75" custom="readingOrder {index:74;}">
                <Coords points="494,3040 1429,3050 1429,3000 494,3006"/>
                <Baseline points="503,3039 548,3040 594,3040 640,3041 686,3041 732,3041 777,3041 823,3041 869,3041 915,3041 961,3041 1006,3041 1052,3041 1098,3040 1144,3040 1190,3040 1235,3040 1281,3040 1327,3040 1373,3040 1419,3040"/>
                <TextEquiv>
                    <Unicode>das Verhältniß Beatrices zu ihrem Liebhaber und wie</Unicode>
                </TextEquiv>
            </TextLine>
            <TextLine id="r2l76" custom="readingOrder {index:75;}">
                <Coords points="492,3081 1427,3078 1427,3049 1337,3037 492,3036"/>
                <Baseline points="501,3077 546,3078 592,3079 638,3079 684,3080 730,3080 776,3080 821,3080 867,3080 913,3080 959,3080 1005,3080 1051,3079 1097,3079 1142,3079 1188,3078 1234,3078 1280,3078 1326,3078 1372,3078 1418,3078"/>
                <TextEquiv>
                    <Unicode>dunkel die Existenz all dieser zahllosen herunzappelnden</Unicode>
                </TextEquiv>
            </TextLine>
            <TextLine id="r2l77" custom="readingOrder {index:76;}">
                <Coords points="498,3118 1433,3126 1417,3076 498,3088"/>
                <Baseline points="507,3116 552,3116 598,3117 644,3117 690,3117 736,3117 781,3117 827,3117 873,3117 919,3117 965,3117 1010,3117 1056,3117 1102,3117 1148,3117 1194,3117 1239,3117 1285,3117 1331,3117 1377,3118 1423,3118"/>
                <TextEquiv>
                    <Unicode>und herumschwätzenden Nebenfiguren. Und doch hatte</Unicode>
                </TextEquiv>
            </TextLine>
            <TextLine id="r2l78" custom="readingOrder {index:77;}">
                <Coords points="499,3159 1433,3170 1421,3123 499,3119"/>
                <Baseline points="507,3156 552,3156 598,3156 644,3156 690,3156 736,3156 782,3156 827,3156 873,3156 919,3156 965,3156 1011,3156 1057,3155 1103,3155 1148,3155 1194,3155 1240,3155 1286,3155 1332,3155 1378,3155 1424,3155"/>
                <TextEquiv>
                    <Unicode>der Dichter in diesen langen fünf Acten reichlich Raum,</Unicode>
                </TextEquiv>
            </TextLine>
            <TextLine id="r2l79" custom="readingOrder {index:78;}">
                <Coords points="493,3201 1379,3208 1424,3197 1424,3159 492,3165"/>
                <Baseline points="501,3197 546,3197 592,3196 638,3196 683,3196 729,3196 775,3196 820,3195 866,3195 912,3195 958,3195 1003,3195 1049,3194 1095,3194 1140,3194 1186,3194 1232,3194 1277,3194 1323,3193 1369,3193 1415,3193"/>
                <TextEquiv>
                    <Unicode>Licht zu geben und lebendiges Leben auf die Beine zu</Unicode>
                </TextEquiv>
            </TextLine>
            <TextLine id="r2l80" custom="readingOrder {index:79;}">
                <Coords points="492,3242 1422,3249 1422,3210 1362,3195 492,3202"/>
                <Baseline points="501,3234 546,3234 592,3234 637,3234 683,3234 729,3234 774,3233 820,3233 865,3233 911,3233 957,3233 1002,3233 1048,3233 1093,3233 1139,3233 1185,3233 1230,3233 1276,3233 1321,3233 1367,3233 1413,3233"/>
                <TextEquiv>
                    <Unicode>stellen. Der Sprung vom eleganten Liebelei=Canseur</Unicode>
                </TextEquiv>
            </TextLine>
            <TextLine id="r2l81" custom="readingOrder {index:80;}">
                <Coords points="502,3280 898,3292 983,3265 1091,3303 1437,3295 1437,3232 502,3242"/>
                <Baseline points="511,3273 556,3273 602,3273 648,3272 694,3272 740,3273 785,3273 831,3273 877,3273 923,3273 969,3274 1014,3274 1060,3274 1106,3274 1152,3274 1198,3275 1243,3275 1289,3275 1335,3275 1381,3274 1427,3274"/>
                <TextEquiv>
                    <Unicode>zum fünfactigen Tragöden ist eben nicht leicht, und</Unicode>
                </TextEquiv>
            </TextLine>
            <TextLine id="r2l82" custom="readingOrder {index:81;}">
                <Coords points="497,3311 537,3326 614,3309 675,3325 1097,3319 1096,3290 994,3272 497,3275"/>
                <Baseline points="505,3312 534,3312 563,3312 592,3311 621,3311 650,3311 679,3311 708,3311 737,3311 766,3311 796,3311 825,3311 854,3311 883,3311 912,3310 941,3310 970,3310 999,3309 1028,3309 1057,3308 1087,3307"/>
                <TextEquiv>
                    <Unicode>Herrn Schnitzler ist er mißlungen.</Unicode>
                </TextEquiv>
            </TextLine>
            <TextLine id="r2l83" custom="readingOrder {index:82;}">
                <Coords points="524,3349 1435,3362 1435,3319 1367,3292 524,3319"/>
                <Baseline points="532,3346 576,3347 621,3348 666,3348 710,3349 755,3349 800,3350 844,3350 889,3350 934,3350 979,3350 1023,3350 1068,3350 1113,3350 1157,3350 1202,3350 1247,3350 1291,3349 1336,3349 1381,3349 1426,3348"/>
                <TextEquiv>
                    <Unicode>Die Darstellung war nicht zu loben. Irene Triesch</Unicode>
                </TextEquiv>
            </TextLine>
            <TextLine id="r2l84" custom="readingOrder {index:83;}">
                <Coords points="487,3399 1323,3392 1427,3418 1428,3355 487,3360"/>
                <Baseline points="497,3386 543,3386 589,3387 635,3387 681,3388 727,3388 773,3389 819,3389 865,3390 911,3390 958,3391 1004,3391 1050,3392 1096,3392 1142,3392 1188,3393 1234,3393 1280,3393 1326,3393 1372,3392 1419,3392"/>
                <TextEquiv>
                    <Unicode>als Beatrice bot noch das Beste, sie verstand, daß diese</Unicode>
                </TextEquiv>
            </TextLine>
            <TextLine id="r2l85" custom="readingOrder {index:84;}">
                <Coords points="497,3440 1422,3440 1422,3413 1345,3395 497,3396"/>
                <Baseline points="506,3431 551,3431 596,3430 642,3430 687,3430 733,3430 778,3430 823,3431 869,3431 914,3431 960,3431 1005,3431 1050,3431 1096,3431 1141,3432 1187,3432 1232,3432 1277,3432 1323,3432 1368,3432 1414,3431"/>
                <TextEquiv>
                    <Unicode>Rolle ganz schlicht, ohne jede interessante Accentuirung,</Unicode>
                </TextEquiv>
            </TextLine>
            <TextLine id="r2l86" custom="readingOrder {index:85;}">
                <Coords points="491,3478 1420,3482 1420,3437 1348,3432 491,3437"/>
                <Baseline points="499,3470 544,3470 590,3469 635,3469 681,3469 727,3468 772,3468 818,3468 864,3469 909,3469 955,3469 1001,3469 1046,3469 1092,3469 1138,3469 1183,3470 1229,3470 1275,3469 1320,3469 1366,3469 1412,3469"/>
                <TextEquiv>
                    <Unicode>ganz meuschlich gegeben werden müßte. Die schönen</Unicode>
                </TextEquiv>
            </TextLine>
            <TextLine id="r2l87" custom="readingOrder {index:86;}">
                <Coords points="492,3514 1436,3522 1435,3462 492,3480"/>
                <Baseline points="500,3508 546,3507 592,3507 638,3507 685,3507 731,3507 777,3507 824,3507 870,3507 916,3507 963,3507 1009,3508 1055,3508 1101,3508 1148,3508 1194,3508 1240,3507 1287,3507 1333,3506 1379,3505 1426,3504"/>
                <TextEquiv>
                    <Unicode>Worte, die der Dichter dem Filippo in den Mund</Unicode>
                </TextEquiv>
            </TextLine>
            <TextLine id="r2l88" custom="readingOrder {index:87;}">
                <Coords points="497,3551 1435,3570 1435,3525 1298,3507 497,3514"/>
                <Baseline points="505,3545 551,3545 597,3545 643,3545 689,3545 735,3545 781,3545 827,3545 873,3545 919,3545 965,3545 1011,3545 1057,3545 1103,3545 1149,3545 1195,3545 1241,3545 1287,3544 1333,3544 1379,3543 1426,3543"/>
                <TextEquiv>
                    <Unicode>legt, verhunzte Herr Rittner in Grund und Boden;</Unicode>
                </TextEquiv>
            </TextLine>
            <TextLine id="r2l89" custom="readingOrder {index:88;}">
                <Coords points="494,3594 1433,3583 1374,3547 495,3553"/>
                <Baseline points="503,3582 549,3582 595,3583 641,3584 687,3584 733,3585 779,3586 825,3586 871,3587 917,3587 963,3588 1009,3588 1055,3588 1101,3588 1147,3587 1193,3587 1239,3586 1285,3585 1331,3584 1377,3583 1423,3581"/>
                <TextEquiv>
                    <Unicode>die Manier dieses Spielers, seine Rolle mit zurück¬</Unicode>
                </TextEquiv>
            </TextLine>
            <TextLine id="r2l90" custom="readingOrder {index:89;}">
                <Coords points="498,3635 1436,3646 1436,3583 498,3595"/>
                <Baseline points="507,3626 553,3625 599,3624 645,3624 691,3623 737,3624 783,3624 829,3624 875,3624 921,3625 967,3625 1013,3626 1059,3626 1105,3626 1151,3626 1197,3626 1243,3626 1289,3625 1335,3624 1381,3623 1428,3621"/>
                <TextEquiv>
                    <Unicode>geworfenem Kopf in eintönigem Leutnantston heraus¬</Unicode>
                </TextEquiv>
            </TextLine>
            <TextLine id="r2l91" custom="readingOrder {index:90;}">
                <Coords points="488,3671 1424,3671 1424,3630 488,3637"/>
                <Baseline points="497,3664 542,3664 588,3664 634,3664 680,3664 726,3664 772,3665 818,3665 864,3665 910,3665 956,3665 1001,3665 1047,3665 1093,3665 1139,3665 1185,3665 1231,3665 1277,3665 1323,3664 1369,3663 1415,3663"/>
                <TextEquiv>
                    <Unicode>zuschnattern, fängt an unausstehlich zu werden.</Unicode>
                </TextEquiv>
            </TextLine>
            <TextLine id="r2l92" custom="readingOrder {index:91;}">
                <Coords points="490,3704 1420,3715 1396,3667 490,3673"/>
                <Baseline points="499,3702 544,3703 590,3703 635,3704 681,3704 727,3704 772,3705 818,3705 863,3705 909,3705 955,3704 1000,3704 1046,3704 1091,3703 1137,3703 1183,3703 1228,3702 1274,3702 1319,3701 1365,3701 1411,3700"/>
                <TextEquiv>
                    <Unicode>Auch Herr Kayßler als Herzog war sehr schwach</Unicode>
                </TextEquiv>
            </TextLine>
            <TextLine id="r2l93" custom="readingOrder {index:92;}">
                <Coords points="490,3751 1096,3740 1432,3768 1433,3721 490,3709"/>
                <Baseline points="500,3738 546,3740 592,3742 638,3743 684,3744 731,3744 777,3745 823,3745 869,3744 915,3744 962,3744 1008,3743 1054,3743 1100,3742 1146,3742 1193,3742 1239,3742 1285,3742 1331,3743 1377,3744 1424,3745"/>
                <TextEquiv>
                    <Unicode>und die übrigen Rollen sind so uninteressant,</Unicode>
                </TextEquiv>
            </TextLine>
            <TextLine id="r2l94" custom="readingOrder {index:93;}">
                <Coords points="496,3786 1429,3792 1429,3758 1368,3747 496,3739"/>
                <Baseline points="504,3776 549,3778 595,3780 641,3781 687,3782 733,3782 778,3782 824,3781 870,3781 916,3780 962,3780 1007,3779 1053,3779 1099,3778 1145,3778 1191,3779 1236,3779 1282,3781 1328,3783 1374,3785 1420,3788"/>
                <TextEquiv>
                    <Unicode>daß selbst Künstler, wie die Damen Dumont, Pauly,</Unicode>
                </TextEquiv>
            </TextLine>
            <TextLine id="r2l95" custom="readingOrder {index:94;}">
                <Coords points="497,3821 1423,3830 1423,3803 1272,3782 1244,3805 1194,3783 497,3785"/>
                <Baseline points="506,3818 551,3819 596,3819 642,3820 687,3820 733,3820 778,3820 823,3820 869,3820 914,3820 960,3820 1005,3820 1050,3819 1096,3819 1141,3819 1187,3820 1232,3820 1277,3820 1323,3821 1368,3822 1414,3823"/>
                <TextEquiv>
                    <Unicode>Poellnitz, die Herren Sommerstorff, Sauer,</Unicode>
                </TextEquiv>
            </TextLine>
            <TextLine id="r2l96" custom="readingOrder {index:95;}">
                <Coords points="495,3862 1424,3866 1424,3830 1376,3822 1307,3845 1266,3822 801,3822 758,3845 495,3821"/>
                <Baseline points="504,3855 549,3856 595,3857 640,3858 686,3858 731,3859 777,3859 822,3860 868,3860 913,3860 959,3860 1005,3860 1050,3860 1096,3860 1141,3860 1187,3860 1232,3860 1278,3860 1323,3860 1369,3860 1415,3860"/>
                <TextEquiv>
                    <Unicode>Bässermann nicht zu interessiren vermochten. Die</Unicode>
                </TextEquiv>
            </TextLine>
            <TextLine id="r2l97" custom="readingOrder {index:96;}">
                <Coords points="484,3911 796,3896 1034,3928 1225,3901 1379,3931 1432,3900 1432,3855 1025,3882 484,3862"/>
                <Baseline points="493,3896 539,3897 586,3898 632,3898 679,3899 725,3899 772,3900 818,3900 865,3900 911,3901 958,3901 1004,3901 1051,3902 1097,3902 1144,3902 1190,3901 1237,3901 1283,3901 1330,3901 1376,3900 1423,3900"/>
                <TextEquiv>
                    <Unicode>Inscenirung der Massenscenen ging über das Aller¬</Unicode>
                </TextEquiv>
            </TextLine>
            <TextLine id="r2l98" custom="readingOrder {index:97;}">
                <Coords points="480,3942 594,3963 664,3948 747,3960 783,3945 816,3967 925,3953 925,3907 905,3903 480,3911"/>
                <Baseline points="490,3939 515,3940 540,3940 565,3941 590,3941 615,3941 640,3941 665,3940 690,3940 715,3940 740,3940 765,3939 790,3939 815,3939 840,3939 865,3938 890,3938 916,3938"/>
                <TextEquiv>
                    <Unicode>alltäglichste nicht hinaus.</Unicode>
                </TextEquiv>
            </TextLine>
            <TextLine id="r2l99" custom="readingOrder {index:98;}">
                <Coords points="1240,4000 1256,3998 1265,4006 1298,3997 1312,4005 1337,3998 1352,4004 1361,3998 1406,3999 1407,3932 1391,3938 1346,3922 1331,3935 1300,3945 1282,3941 1259,3923 1241,3930"/>
                <Baseline points="1250,3983 1279,3987 1308,3988 1338,3987 1367,3987 1397,3988"/>
                <TextEquiv>
                    <Unicode>V. A.]</Unicode>
                </TextEquiv>
            </TextLine>
            <TextEquiv>
                <Unicode>B#rogna elwas allzu lebhaft geträumt, er wird darüber
böse und jagt sie fort. Sie geht nach Hause und ver¬
lobt sich sofort mit dem bedauernswerthen Vittorino.
Auf dem Wege zur Kirche begegnet dem Brautpaar
der eben erwähnte Herzog von Bologna. Selbstver¬
ständlich redet der Herzog die Braut, die er noch gar nicht
tannte, gleich an und bittet sie, sie möge doch einmal
einen Augenblick mit ihm ins Schloß kommen. Die 
sittige Braut antwortet:
„Nicht zu machen; nur
wenn mich Ew. Durchlaucht heirathen wollen, hätte
ich nichts dagegen.“ Und richtig, der Herzog
erklärt, er werde sie heirathen, sie sinkt ihm
(er ist bereits Nummer Drei an einem Tage) wonne¬
schauernd in die Arme, und Vittorino bringt in
einer Ecke sich um. Zu der Hochzeit, die noch am
selben Abend stattfindet, lädt der Herzog sämmt¬
liche öffentliche Dirnen Bolognas ein; nicht etwa
aus Selbstironie, das wäre ein dichterischer Zug,
sondern nur damit ein malerisch bewegter vierter
Act zu Stande kommt. Beatrice aber schleicht sich von
diesem Feste weg und kehrt noch einmal zu Nummer
Eins, zu ihrem Filippo, zurück. Der hat unterdessen
ganz friedlich mit zwei anderen Damen poculirt. Als
Beatrice kommt, wird er pathetisch, hält eine längere
Rede über den Werth des Lebens und die Nachtheile
des Sterbens und versucht darauf, einen kleinen Doppel¬
selbstmord zu arrangiren. Dieses Experiment miß¬
lingt aber insofern, als nur er dabei umkounnt,
während Veatrice am Leben bleibt. Sie geht
dann in
aller Gemächlichkeit zur Hochzeit
zurück, wo der Herzog sie fragt, wo sie ihren
Schleier gelassen habe. Nach langem Sträuben
will sie ihn dorthin führen, wo der Schleier liegt.
Man begiebt sich in Filippos Gemach, wo es natürlich
zu erregten Seenen kommt. Der Herzog hält viel
schöne Reden und Beatrice wird endlich von ihrem
Bruder Francesco erstochen.
Uff! Und dabei haben wir nur die leitende Handlung
erzählt. Darum herum ranken sich noch zahllose Episoden
politischer oder erotischer Natur; indifferente Neben¬
personen kommen und gehen oder bringen sich um.
Das, worauf es dem Dichter inmitten dieses Wirr¬
warrs ankam, ist das Wesen dieser Beatrice, die
harmlos und auch schuldlos über Leichen wandelt, von einer
Umarmung in die andere, die, neben der blutenden Leiche
ihres ersten Bräutigams stehend, von ihrem zweiten
Bräutigam den symbolischen Schleier empfängt und diesen
Schleier noch in der Hochzeitsnacht im Schlafzimmer
ihres Geliebten liegen läßt. Dieses Weib hat schon
manchen Dichter begeistert. So Boccaccio, der mit
infamem Behagen die Novelle von der von Bett zu
Bett verderbenbringend schreitenden Egyptischen Sultaus¬
tochter erzählte, so Wedekind, der den Stoff im „Erd¬
geist“ zu höhnender Satire verwerthete.
Um Schnitzlers Beatrice wittert ein Hauch von
Menschlichkeit. Das muß man dem Stücke lassen.
Wenn man aus all dem theatralischen Zubehör die
Figur dieses Persönchens herausschält, so hat man
ein Stück leidenden Lebens vor sich, auf das
doch nicht der erste Beste geräth. Der Kern
ist gut, nur die Gestaltung vollkommen mißrathen.
Schon die Thatsache, daß dieser Kern sich so gar nicht
hervorhebt, bei der schnell vorüber gleitenden Auf¬
führung kaum zu erkennen ist, zeigt, daß es Schnitzler
nicht gelungen ist, für die Perspective der Bühne plastisch zu
gruppiren. Ueberall gähnende Leere, in der krause Be¬
gebenheiten und schattenhafte Figuren durcheinander¬
wogen. Was für eine kindisch gezeichnete Figur ist
vierer Herzog, der auf offenem Markt ein Straßen¬
mädel freit und dann baß erstaunt ist, daß !
fer allerlei unerfreuliches Geheimniß als Heiraths=
gut mitbekommen hat. Und wie wenig durchdacht ist
das Verhältniß Beatrices zu ihrem Liebhaber und wie
dunkel die Existenz all dieser zahllosen herunzappelnden
und herumschwätzenden Nebenfiguren. Und doch hatte
der Dichter in diesen langen fünf Acten reichlich Raum,
Licht zu geben und lebendiges Leben auf die Beine zu
stellen. Der Sprung vom eleganten Liebelei=Canseur
zum fünfactigen Tragöden ist eben nicht leicht, und
Herrn Schnitzler ist er mißlungen.
Die Darstellung war nicht zu loben. Irene Triesch
als Beatrice bot noch das Beste, sie verstand, daß diese
Rolle ganz schlicht, ohne jede interessante Accentuirung,
ganz meuschlich gegeben werden müßte. Die schönen
Worte, die der Dichter dem Filippo in den Mund
legt, verhunzte Herr Rittner in Grund und Boden;
die Manier dieses Spielers, seine Rolle mit zurück¬
geworfenem Kopf in eintönigem Leutnantston heraus¬
zuschnattern, fängt an unausstehlich zu werden.
Auch Herr Kayßler als Herzog war sehr schwach
und die übrigen Rollen sind so uninteressant,
daß selbst Künstler, wie die Damen Dumont, Pauly,
Poellnitz, die Herren Sommerstorff, Sauer,
Bässermann nicht zu interessiren vermochten. Die
Inscenirung der Massenscenen ging über das Aller¬
alltäglichste nicht hinaus.
V. A.]</Unicode>
            </TextEquiv>
        </TextRegion>
        <TextRegion orientation="0.0" id="r3" custom="readingOrder {index:2;}">
            <Coords points="1481,106 1481,4191 3196,4191 3196,106"/>
            <TextLine id="r3l1" custom="readingOrder {index:0;}">
                <Coords points="1482,141 1636,133 1718,133 1737,141 1737,95 1687,91 1654,102 1606,92 1548,105 1481,105"/>
                <Baseline points="1490,128 1516,128 1542,127 1569,127 1595,126 1622,126 1648,126 1675,126 1701,126 1728,128"/>
                <TextEquiv>
                    <Unicode>ereneehrrchen</Unicode>
                </TextEquiv>
            </TextLine>
            <TextLine id="r3l2" custom="readingOrder {index:1;}">
                <Coords points="1484,183 1505,173 1578,183 1619,172 1671,180 1745,169 1776,178 1799,173 1798,132 1746,133 1735,143 1717,132 1483,142"/>
                <Baseline points="1493,167 1519,168 1546,168 1573,168 1600,168 1627,168 1654,167 1681,166 1708,165 1735,163 1762,162 1789,160"/>
                <TextEquiv>
                    <Unicode>wirthschaftliche</Unicode>
                </TextEquiv>
            </TextLine>
            <TextLine id="r3l3" custom="readingOrder {index:2;}">
                <Coords points="1472,236 1563,237 1586,225 1600,234 1614,222 1649,236 1699,211 1717,221 1729,213 1784,226 1803,220 1802,177 1761,171 1646,182 1609,172 1572,188 1559,175 1471,176"/>
                <Baseline points="1481,207 1507,209 1533,209 1559,209 1585,209 1611,209 1637,208 1663,207 1689,205 1715,204 1741,202 1767,201 1793,199"/>
                <TextEquiv>
                    <Unicode>wird. Diese Mit¬</Unicode>
                </TextEquiv>
            </TextLine>
            <TextLine id="r3l4" custom="readingOrder {index:3;}">
                <Coords points="1692,431 1739,441 1760,428 1821,431 1832,420 1861,418 1880,419 1906,440 1940,433 1968,445 1980,441 1978,360 1866,365 1809,392 1731,375 1691,394"/>
                <Baseline points="1701,426 1727,425 1754,424 1781,423 1808,422 1835,421 1862,420 1889,420 1916,419 1943,419 1970,419"/>
                <TextEquiv>
                    <Unicode></Unicode>
                </TextEquiv>
            </TextLine>
            <TextLine id="r3l5" custom="readingOrder {index:4;}">
                <Coords points="2229,541 2652,542 2688,533 2688,468 2416,455 2380,475 2294,467 2229,484"/>
                <Baseline points="2238,511 2263,512 2289,512 2315,512 2341,512 2367,512 2393,511 2419,511 2445,511 2471,511 2497,510 2523,510 2549,510 2575,511 2601,512 2627,512 2653,514 2679,516"/>
                <TextEquiv>
                    <Unicode>Telephon 12801.</Unicode>
                </TextEquiv>
            </TextLine>
            <TextLine id="r3l6" custom="readingOrder {index:5;}">
                <Coords points="1855,610 2716,632 3078,602 3078,566 3008,554 1855,565"/>
                <Baseline points="1863,608 1923,608 1983,608 2043,608 2104,608 2164,608 2224,608 2284,608 2345,608 2405,608 2465,608 2525,608 2586,608 2646,608 2706,608 2766,607 2827,607 2887,606 2947,606 3007,605 3068,604"/>
                <TextEquiv>
                    <Unicode>Alex. Weigl’s Unternehmen für Zeitungs-Ausschnitte</Unicode>
                </TextEquiv>
            </TextLine>
            <TextLine id="r3l7" custom="readingOrder {index:6;}">
                <Coords points="2850,677 2897,671 2919,683 2957,670 2995,678 3005,669 3029,672 3068,660 3067,626 3044,625 3031,614 3011,613 2983,628 2954,627 2941,618 2920,625 2903,615 2850,632"/>
                <Baseline points="2859,668 2884,665 2909,664 2934,664 2959,663 2984,663 3009,663 3034,663 3059,662"/>
                <TextEquiv>
                    <Unicode>Ausschnitt</Unicode>
                </TextEquiv>
            </TextLine>
            <TextLine id="r3l8" custom="readingOrder {index:7;}">
                <Coords points="2765,702 2779,698 2786,699 2799,689 2803,690 2816,682 2825,681 2816,631 2803,633 2797,640 2793,637 2783,641 2775,638 2765,644 2754,646"/>
                <Baseline points="2772,692 2816,684"/>
                <TextEquiv>
                    <Unicode></Unicode>
                </TextEquiv>
            </TextLine>
            <TextLine id="r3l9" custom="readingOrder {index:8;}">
                <Coords points="2086,732 2146,754 2262,732 2446,731 2505,754 2542,732 2721,744 2716,643 2685,635 2228,657 2184,639 2084,696"/>
                <Baseline points="2096,742 2126,739 2157,736 2187,733 2218,731 2249,730 2279,730 2310,729 2341,729 2371,729 2402,729 2433,728 2463,728 2494,727 2525,725 2555,723 2586,720 2617,716 2647,712 2678,707 2709,699"/>
                <TextEquiv>
                    <Unicode>„OBSERVER</Unicode>
                </TextEquiv>
            </TextLine>
            <TextLine id="r3l10" custom="readingOrder {index:9;}">
                <Coords points="2899,764 2924,749 2956,757 3030,743 3073,761 3109,763 3126,749 3149,751 3149,677 3133,684 3095,678 3079,687 3067,678 3012,703 2971,679 2915,683 2899,675"/>
                <Baseline points="2908,739 2933,739 2959,738 2985,739 3011,739 3036,739 3062,739 3088,740 3114,740 3140,740"/>
                <TextEquiv>
                    <Unicode>Nr. 17</Unicode>
                </TextEquiv>
            </TextLine>
            <TextLine id="r3l11" custom="readingOrder {index:10;}">
                <Coords points="1732,800 3189,798 3125,749 2411,737 2090,783 1984,740 1732,751"/>
                <Baseline points="1741,798 1813,798 1885,798 1957,798 2029,798 2101,798 2173,799 2245,799 2317,799 2389,800 2461,800 2533,800 2605,801 2677,801 2749,801 2821,801 2893,802 2965,802 3037,802 3109,801 3181,801"/>
                <TextEquiv>
                    <Unicode>I. österr Beförch. conc. Bureau für Zeitungsberichte u. Personalnachrichten</Unicode>
                </TextEquiv>
            </TextLine>
            <TextLine id="r3l12" custom="readingOrder {index:11;}">
                <Coords points="1962,875 2973,878 2973,819 2926,813 2771,836 2699,809 2568,834 2191,806 2150,840 1962,808"/>
                <Baseline points="1971,866 2020,866 2070,866 2119,866 2169,866 2219,866 2268,866 2318,866 2367,866 2417,865 2467,865 2516,865 2566,865 2615,865 2665,866 2715,866 2764,867 2814,868 2863,869 2913,871 2963,872"/>
                <TextEquiv>
                    <Unicode>Wien, IX/1, Türkenstrasse 17.</Unicode>
                </TextEquiv>
            </TextLine>
            <TextLine id="r3l13" custom="readingOrder {index:12;}">
                <Coords points="2145,936 2285,939 2320,959 2363,939 2496,959 2723,950 2790,932 2790,896 2601,887 2563,909 2359,882 2287,903 2219,883 2145,900"/>
                <Baseline points="2154,930 2185,931 2216,931 2247,931 2279,931 2310,931 2341,931 2373,931 2404,931 2435,932 2467,932 2498,932 2529,932 2560,931 2592,931 2623,931 2654,931 2686,931 2717,931 2748,931 2780,931"/>
                <TextEquiv>
                    <Unicode> Filiale in Budapest: „Figyelö“ —</Unicode>
                </TextEquiv>
            </TextLine>
            <TextLine id="r3l14" custom="readingOrder {index:13;}">
                <Coords points="1740,998 3188,995 3102,930 2954,968 1740,944"/>
                <Baseline points="1749,995 1820,994 1892,993 1963,992 2035,992 2106,991 2178,991 2249,991 2321,991 2392,991 2464,991 2535,992 2607,992 2678,992 2750,992 2821,992 2893,993 2964,993 3036,993 3107,993 3179,992"/>
                <TextEquiv>
                    <Unicode>Vertretungen in Berlin, Chicago, Genf, London, Newyork, Paris, Rom, Stockholm.</Unicode>
                </TextEquiv>
            </TextLine>
            <TextLine id="r3l15" custom="readingOrder {index:14;}">
                <Coords points="1739,1136 1870,1164 1987,1140 2113,1171 2171,1142 2275,1143 2276,1098 2177,1081 2096,1100 2053,1083 1989,1103 1959,1084 1854,1105 1800,1091 1739,1112"/>
                <Baseline points="1748,1140 1773,1139 1799,1139 1825,1138 1851,1138 1877,1138 1903,1138 1929,1138 1955,1138 1981,1138 2007,1138 2032,1139 2058,1139 2084,1140 2110,1140 2136,1141 2162,1141 2188,1142 2214,1144 2240,1144 2266,1145"/>
                <TextEquiv>
                    <Unicode>Ausschnitt aus:</Unicode>
                </TextEquiv>
            </TextLine>
            <TextLine id="r3l16" custom="readingOrder {index:15;}">
                <Coords points="2388,1175 2467,1208 2666,1199 2744,1226 2803,1201 2960,1228 3026,1202 3047,1223 3144,1204 3147,1130 3051,1104 2990,1136 2926,1113 2887,1133 2754,1093 2660,1132 2607,1100 2527,1115 2391,1092"/>
                <Baseline points="2396,1171 2434,1176 2473,1181 2512,1186 2551,1190 2590,1193 2629,1197 2668,1199 2707,1201 2746,1203 2784,1205 2823,1206 2862,1207 2901,1208 2940,1208 2979,1208 3018,1208 3057,1208 3096,1208 3135,1208"/>
                <TextEquiv>
                    <Unicode>2s Kleine Jpurnal (Berin)</Unicode>
                </TextEquiv>
            </TextLine>
            <TextLine id="r3l17" custom="readingOrder {index:16;}">
                <Coords points="1740,1260 1763,1260 1790,1288 1841,1285 1849,1294 1932,1290 1947,1277 1960,1277 1960,1234 1935,1237 1928,1230 1892,1230 1885,1222 1856,1236 1740,1244"/>
                <Baseline points="1749,1280 1774,1280 1799,1280 1824,1280 1849,1280 1874,1280 1899,1281 1924,1282 1950,1283"/>
                <TextEquiv>
                    <Unicode>vom:</Unicode>
                </TextEquiv>
            </TextLine>
            <TextLine id="r3l18" custom="readingOrder {index:17;}">
                <Coords points="1962,1362 2052,1368 2088,1355 2153,1370 2191,1356 2223,1370 2259,1365 2297,1340 2319,1346 2319,1314 2296,1313 2262,1286 2125,1298 2091,1284 2066,1293 2044,1278 1963,1277"/>
                <Baseline points="1972,1333 1998,1335 2024,1337 2050,1339 2076,1340 2102,1341 2128,1342 2154,1342 2180,1343 2206,1343 2232,1342 2258,1341 2284,1340 2310,1338"/>
                <TextEquiv>
                    <Unicode>1 03</Unicode>
                </TextEquiv>
            </TextLine>
            <TextLine id="r3l19" custom="readingOrder {index:18;}">
                <Coords points="2055,1585 2290,1605 2357,1583 2523,1589 2692,1617 2790,1593 2790,1552 2724,1524 2670,1541 2504,1520 2434,1546 2142,1518 2055,1558"/>
                <Baseline points="2064,1584 2099,1582 2135,1581 2171,1580 2207,1580 2243,1579 2279,1579 2314,1580 2350,1580 2386,1581 2422,1582 2458,1583 2494,1584 2530,1585 2565,1586 2601,1587 2637,1588 2673,1589 2709,1590 2745,1591 2781,1591"/>
                <TextEquiv>
                    <Unicode>Cheater und Kunst.</Unicode>
                </TextEquiv>
            </TextLine>
            <TextLine id="r3l20" custom="readingOrder {index:19;}">
                <Coords points="2184,1644 2255,1663 2292,1645 2372,1661 2423,1646 2524,1658 2596,1646 2671,1666 2672,1612 2582,1592 2519,1611 2487,1596 2371,1609 2184,1593"/>
                <Baseline points="2192,1640 2218,1640 2244,1640 2270,1641 2296,1641 2322,1641 2349,1642 2375,1642 2401,1642 2427,1642 2453,1643 2479,1643 2506,1644 2532,1644 2558,1644 2584,1645 2610,1646 2636,1647 2663,1648"/>
                <TextEquiv>
                    <Unicode>Deutsches Theater.</Unicode>
                </TextEquiv>
            </TextLine>
            <TextLine id="r3l21" custom="readingOrder {index:20;}">
                <Coords points="1929,1704 3001,1713 3001,1645 2910,1635 1930,1656"/>
                <Baseline points="1938,1687 1990,1689 2043,1691 2096,1693 2148,1694 2201,1695 2254,1696 2306,1696 2359,1697 2412,1697 2465,1697 2517,1697 2570,1697 2623,1697 2675,1697 2728,1697 2781,1698 2833,1698 2886,1699 2939,1699 2992,1701"/>
                <TextEquiv>
                    <Unicode>Arthur Schnitzlers Schauspiel „Der Schleier</Unicode>
                </TextEquiv>
            </TextLine>
            <TextLine id="r3l22" custom="readingOrder {index:21;}">
                <Coords points="1838,1729 2940,1763 3001,1758 3002,1713 1838,1689"/>
                <Baseline points="1846,1733 1903,1733 1960,1734 2017,1734 2075,1735 2132,1736 2189,1736 2247,1737 2304,1738 2361,1739 2419,1739 2476,1740 2533,1741 2590,1742 2648,1742 2705,1743 2762,1744 2820,1745 2877,1746 2934,1747 2992,1748"/>
                <TextEquiv>
                    <Unicode>der Beatrice“ hat gestern endlich auch den Weg nach Berlin</Unicode>
                </TextEquiv>
            </TextLine>
            <TextLine id="r3l23" custom="readingOrder {index:22;}">
                <Coords points="1837,1795 3001,1796 2978,1750 1838,1728"/>
                <Baseline points="1846,1780 1903,1780 1960,1780 2017,1779 2075,1779 2132,1780 2189,1780 2247,1780 2304,1780 2361,1781 2419,1782 2476,1783 2533,1783 2590,1784 2648,1785 2705,1786 2762,1787 2820,1789 2877,1790 2934,1791 2992,1793"/>
                <TextEquiv>
                    <Unicode>gefunden. Bisher ist es nur in Breslau aufgeführt worden,</Unicode>
                </TextEquiv>
            </TextLine>
            <TextLine id="r3l24" custom="readingOrder {index:23;}">
                <Coords points="1844,1822 3006,1836 3006,1805 2932,1794 1844,1795"/>
                <Baseline points="1854,1821 1911,1821 1968,1821 2025,1822 2082,1822 2139,1823 2196,1823 2253,1824 2310,1824 2367,1825 2425,1826 2482,1827 2539,1827 2596,1828 2653,1829 2710,1830 2767,1831 2824,1832 2881,1832 2938,1833 2996,1834"/>
                <TextEquiv>
                    <Unicode>und andere Bühnen scheuten vor dem Wagnis zurück, weil die</Unicode>
                </TextEquiv>
            </TextLine>
            <TextLine id="r3l25" custom="readingOrder {index:24;}">
                <Coords points="1840,1872 3012,1896 3013,1833 1841,1820"/>
                <Baseline points="1850,1861 1907,1863 1965,1864 2022,1865 2080,1866 2138,1867 2195,1868 2253,1868 2311,1869 2368,1869 2426,1870 2484,1871 2541,1871 2599,1872 2657,1873 2714,1873 2772,1875 2830,1876 2887,1877 2945,1879 3003,1880"/>
                <TextEquiv>
                    <Unicode>Dichtung darstellerisch und szenisch einen außerordentlich großen</Unicode>
                </TextEquiv>
            </TextLine>
            <TextLine id="r3l26" custom="readingOrder {index:25;}">
                <Coords points="1838,1915 3006,1923 2941,1881 1839,1877"/>
                <Baseline points="1848,1903 1905,1905 1962,1906 2020,1908 2077,1909 2135,1910 2192,1911 2250,1912 2307,1912 2365,1913 2422,1914 2479,1914 2537,1915 2594,1916 2652,1917 2709,1918 2767,1919 2824,1920 2882,1922 2939,1924 2997,1925"/>
                <TextEquiv>
                    <Unicode>Apparat erfordert und weil sie fürchteten, der Preis würde die</Unicode>
                </TextEquiv>
            </TextLine>
            <TextLine id="r3l27" custom="readingOrder {index:26;}">
                <Coords points="1835,1955 2955,1980 3005,1925 1836,1910"/>
                <Baseline points="1844,1947 1901,1948 1959,1949 2016,1950 2074,1951 2131,1952 2189,1953 2246,1954 2304,1955 2361,1956 2419,1957 2477,1958 2534,1959 2592,1960 2649,1961 2707,1962 2764,1963 2822,1964 2879,1965 2937,1965 2995,1966"/>
                <TextEquiv>
                    <Unicode>Mühe vielleicht nicht lohnen. Diese Befürchtung dürfte sich möglicher¬</Unicode>
                </TextEquiv>
            </TextLine>
            <TextLine id="r3l28" custom="readingOrder {index:27;}">
                <Coords points="1840,2000 3002,2024 2975,1968 1840,1961"/>
                <Baseline points="1849,1993 1906,1993 1963,1994 2020,1994 2077,1995 2134,1995 2191,1996 2249,1996 2306,1997 2363,1998 2420,1999 2477,2000 2534,2001 2591,2001 2649,2002 2706,2003 2763,2004 2820,2004 2877,2005 2934,2005 2992,2005"/>
                <TextEquiv>
                    <Unicode>weise auch hier nicht lohnen, aber jedenfalls muß man Herrn Brahm</Unicode>
                </TextEquiv>
            </TextLine>
            <TextLine id="r3l29" custom="readingOrder {index:28;}">
                <Coords points="1750,2049 1768,2046 1782,2050 1792,2048 1806,2058 1816,2058 1833,2044 1842,2044 1843,1994 1820,1997 1816,1993 1800,1993 1791,1998 1786,1992 1770,1996 1763,1990 1752,1990"/>
                <Baseline points="1760,2029 1797,2029 1834,2031"/>
                <TextEquiv>
                    <Unicode>Für</Unicode>
                </TextEquiv>
            </TextLine>
            <TextLine id="r3l30" custom="readingOrder {index:29;}">
                <Coords points="1854,2048 3156,2061 3156,2018 3095,2005 1854,1997"/>
                <Baseline points="1863,2040 1927,2040 1991,2039 2055,2040 2119,2040 2184,2041 2248,2041 2312,2042 2376,2043 2440,2044 2505,2046 2569,2047 2633,2048 2697,2049 2761,2049 2826,2050 2890,2050 2954,2050 3018,2050 3082,2049 3147,2048"/>
                <TextEquiv>
                    <Unicode>für die Aufführung dankbar sein, denn Arthur Schnitzler ist ein ielusive</Unicode>
                </TextEquiv>
            </TextLine>
            <TextLine id="r3l31" custom="readingOrder {index:30;}">
                <Coords points="1843,2078 1925,2108 3125,2088 3075,2053 1843,2044"/>
                <Baseline points="1851,2082 1914,2082 1977,2082 2040,2082 2104,2083 2167,2084 2230,2085 2293,2087 2357,2088 2420,2090 2483,2091 2546,2092 2610,2093 2673,2094 2736,2094 2799,2094 2863,2094 2926,2093 2989,2092 3052,2090 3116,2088"/>
                <TextEquiv>
                    <Unicode>Dichter, der ein Recht darauf hat, gehört zu werden, auch da, Porto.</Unicode>
                </TextEquiv>
            </TextLine>
            <TextLine id="r3l32" custom="readingOrder {index:31;}">
                <Coords points="1834,2127 3143,2123 3106,2084 1926,2108 1834,2077"/>
                <Baseline points="1843,2127 1907,2125 1972,2125 2036,2125 2101,2125 2165,2126 2230,2127 2294,2128 2359,2129 2423,2131 2488,2132 2553,2133 2617,2135 2682,2135 2746,2136 2811,2136 2875,2135 2940,2134 3004,2132 3069,2129 3134,2126"/>
                <TextEquiv>
                    <Unicode>wo er etwa in heißer Sehnsucht über die Grenzen seines Talents iahlbar</Unicode>
                </TextEquiv>
            </TextLine>
            <TextLine id="r3l33" custom="readingOrder {index:32;}">
                <Coords points="1840,2186 3164,2187 3163,2131 1840,2124"/>
                <Baseline points="1849,2171 1914,2170 1979,2169 2044,2170 2110,2171 2175,2172 2240,2173 2306,2175 2371,2176 2436,2178 2502,2179 2567,2180 2632,2181 2697,2182 2763,2182 2828,2181 2893,2180 2959,2177 3024,2174 3089,2170 3155,2166"/>
                <TextEquiv>
                    <Unicode>hinausgestrebt hat. Was Schnitzler für die Bühne bis heute Voraus.</Unicode>
                </TextEquiv>
            </TextLine>
            <TextLine id="r3l34" custom="readingOrder {index:33;}">
                <Coords points="1841,2222 3189,2240 3119,2190 1842,2182"/>
                <Baseline points="1850,2214 1916,2214 1982,2214 2049,2215 2115,2216 2182,2216 2248,2217 2315,2217 2381,2218 2448,2219 2514,2220 2580,2221 2647,2222 2713,2223 2780,2225 2846,2227 2913,2228 2979,2230 3046,2232 3112,2233 3179,2236"/>
                <TextEquiv>
                    <Unicode>geschaffen hat, war immer von starkem und eigenartigem Können; ist das</Unicode>
                </TextEquiv>
            </TextLine>
            <TextLine id="r3l35" custom="readingOrder {index:34;}">
                <Coords points="1836,2269 3120,2304 3205,2273 3096,2232 1837,2226"/>
                <Baseline points="1846,2258 1913,2259 1981,2259 2048,2260 2116,2260 2183,2261 2251,2261 2318,2262 2386,2263 2453,2263 2521,2264 2588,2265 2656,2266 2723,2267 2791,2268 2858,2269 2926,2271 2993,2272 3061,2274 3128,2275 3196,2277"/>
                <TextEquiv>
                    <Unicode>getragen, wenn es sich auch meist in leichte, gefällige Formen ht es den</Unicode>
                </TextEquiv>
            </TextLine>
            <TextLine id="r3l36" custom="readingOrder {index:35;}">
                <Coords points="1840,2311 2996,2339 3065,2323 3066,2286 1841,2263"/>
                <Baseline points="1850,2297 1910,2299 1970,2301 2031,2302 2091,2303 2151,2304 2212,2305 2272,2306 2332,2306 2393,2307 2453,2307 2513,2308 2574,2308 2634,2309 2694,2309 2755,2310 2815,2311 2875,2312 2936,2313 2996,2315 3057,2317"/>
                <TextEquiv>
                    <Unicode>kleidete. Und daß er nicht bloß als skeptischer Satiriker ins rn.</Unicode>
                </TextEquiv>
            </TextLine>
            <TextLine id="r3l37" custom="readingOrder {index:36;}">
                <Coords points="1830,2339 2997,2370 2998,2327 2953,2319 1831,2300"/>
                <Baseline points="1839,2340 1896,2341 1954,2343 2011,2343 2069,2345 2126,2346 2184,2347 2241,2348 2299,2349 2356,2350 2414,2350 2471,2351 2529,2352 2586,2353 2644,2354 2701,2355 2759,2355 2816,2356 2874,2357 2931,2357 2989,2358"/>
                <TextEquiv>
                    <Unicode>Leben schaut, sondern daß auch starke dramatische Kraft in ihm</Unicode>
                </TextEquiv>
            </TextLine>
            <TextLine id="r3l38" custom="readingOrder {index:37;}">
                <Coords points="1833,2386 3184,2404 3120,2349 2865,2383 1833,2353"/>
                <Baseline points="1843,2387 1909,2388 1976,2388 2042,2389 2109,2390 2176,2391 2242,2392 2309,2393 2375,2395 2442,2396 2509,2397 2575,2398 2642,2399 2708,2399 2775,2400 2841,2400 2908,2399 2975,2399 3041,2398 3108,2396 3175,2394"/>
                <TextEquiv>
                    <Unicode>lebt, hat er zum mindesten in seinem Einakter „Der grüne iltend die</Unicode>
                </TextEquiv>
            </TextLine>
            <TextLine id="r3l39" custom="readingOrder {index:38;}">
                <Coords points="1835,2429 3181,2440 3168,2404 1835,2395"/>
                <Baseline points="1845,2429 1911,2430 1977,2431 2043,2432 2110,2433 2176,2434 2242,2436 2309,2437 2375,2438 2441,2439 2508,2441 2574,2441 2640,2442 2706,2443 2773,2443 2839,2443 2905,2442 2972,2441 3038,2439 3104,2437 3171,2434"/>
                <TextEquiv>
                    <Unicode>Kakadu“ bewiesen. Im „Schleier der Beatrice“ freilich lorgen¬</Unicode>
                </TextEquiv>
            </TextLine>
            <TextLine id="r3l40" custom="readingOrder {index:39;}">
                <Coords points="2976,2487 3017,2478 3026,2483 3100,2479 3118,2489 3130,2478 3154,2487 3166,2474 3181,2474 3179,2430 3168,2429 3157,2440 3104,2446 3096,2440 3084,2451 3066,2450 3053,2440 3028,2450 3004,2437 2994,2448 2974,2445"/>
                <Baseline points="2984,2478 3010,2474 3037,2473 3064,2474 3090,2474 3117,2474 3144,2470 3171,2461"/>
                <TextEquiv>
                    <Unicode>Zeitung")</Unicode>
                </TextEquiv>
            </TextLine>
            <TextLine id="r3l41" custom="readingOrder {index:40;}">
                <Coords points="1836,2477 1885,2482 1896,2489 1925,2468 1939,2479 1961,2472 1991,2488 2015,2470 2028,2472 2028,2438 1999,2445 1992,2437 1956,2444 1942,2436 1935,2441 1884,2433 1872,2438 1854,2430 1837,2435"/>
                <Baseline points="1845,2475 1874,2472 1903,2471 1932,2472 1961,2474 1990,2475 2019,2477"/>
                <TextEquiv>
                    <Unicode>hat er</Unicode>
                </TextEquiv>
            </TextLine>
            <TextLine id="r3l42" custom="readingOrder {index:41;}">
                <Coords points="2031,2470 2957,2504 2970,2457 2031,2438"/>
                <Baseline points="2040,2475 2086,2476 2132,2478 2178,2479 2224,2480 2270,2481 2316,2482 2362,2483 2408,2484 2454,2484 2500,2485 2546,2486 2592,2486 2638,2486 2684,2487 2730,2487 2776,2487 2822,2487 2868,2487 2914,2487 2960,2487"/>
                <TextEquiv>
                    <Unicode>sich ein bißchen zu viel zugemutet. Das</Unicode>
                </TextEquiv>
            </TextLine>
            <TextLine id="r3l43" custom="readingOrder {index:42;}">
                <Coords points="2985,2519 3048,2520 3057,2527 3107,2516 3153,2526 3174,2509 3197,2515 3197,2482 3161,2488 3129,2479 3109,2487 3098,2478 3030,2486 2984,2477"/>
                <Baseline points="2994,2509 3021,2511 3049,2511 3077,2511 3104,2510 3132,2509 3160,2509 3188,2509"/>
                <TextEquiv>
                    <Unicode>haftliche</Unicode>
                </TextEquiv>
            </TextLine>
            <TextLine id="r3l44" custom="readingOrder {index:43;}">
                <Coords points="1838,2519 2787,2555 2969,2542 2970,2504 1839,2481"/>
                <Baseline points="1848,2517 1903,2518 1959,2519 2014,2520 2070,2521 2126,2522 2181,2523 2237,2524 2293,2526 2348,2527 2404,2528 2460,2529 2515,2530 2571,2530 2627,2531 2682,2531 2738,2531 2794,2531 2849,2531 2905,2531 2961,2530"/>
                <TextEquiv>
                    <Unicode>Problem, das er sich gestellt hat, ist tief und bedeut¬</Unicode>
                </TextEquiv>
            </TextLine>
            <TextLine id="r3l45" custom="readingOrder {index:44;}">
                <Coords points="2966,2576 2984,2580 3005,2559 3049,2575 3061,2564 3087,2575 3101,2567 3159,2569 3186,2554 3204,2554 3203,2527 3182,2522 3155,2529 3135,2517 3108,2515 3057,2527 3048,2519 3027,2527 3010,2516 2965,2520"/>
                <Baseline points="2975,2549 3002,2550 3030,2550 3057,2550 3085,2550 3112,2549 3140,2549 3167,2548 3195,2547"/>
                <TextEquiv>
                    <Unicode>Diese Mit¬</Unicode>
                </TextEquiv>
            </TextLine>
            <TextLine id="r3l46" custom="readingOrder {index:45;}">
                <Coords points="1832,2570 2980,2591 2980,2546 2840,2527 2231,2551 2145,2517 1833,2524"/>
                <Baseline points="1842,2561 1898,2561 1954,2562 2011,2563 2067,2564 2124,2565 2180,2566 2236,2567 2293,2568 2349,2569 2406,2570 2462,2571 2518,2572 2575,2573 2631,2573 2688,2574 2744,2575 2800,2575 2857,2575 2913,2575 2970,2575"/>
                <TextEquiv>
                    <Unicode>sam. Er wollte gleichsam das Weib an sich auf</Unicode>
                </TextEquiv>
            </TextLine>
            <TextLine id="r3l47" custom="readingOrder {index:46;}">
                <Coords points="1839,2603 2983,2630 2983,2585 2764,2571 1840,2570"/>
                <Baseline points="1849,2604 1905,2605 1961,2606 2017,2607 2074,2608 2130,2608 2186,2609 2242,2610 2299,2610 2355,2611 2411,2611 2467,2612 2524,2613 2580,2614 2636,2614 2692,2615 2749,2617 2805,2618 2861,2619 2917,2621 2974,2623"/>
                <TextEquiv>
                    <Unicode>die Bühne bringen, ein junges, schönes, blühendes Mädchen,</Unicode>
                </TextEquiv>
            </TextLine>
            <TextLine id="r3l48" custom="readingOrder {index:47;}">
                <Coords points="1829,2658 2933,2682 2989,2668 2990,2629 1830,2608"/>
                <Baseline points="1838,2650 1895,2650 1952,2650 2009,2651 2066,2651 2123,2652 2180,2652 2238,2653 2295,2654 2352,2655 2409,2656 2466,2657 2523,2658 2580,2659 2638,2660 2695,2661 2752,2662 2809,2663 2866,2664 2923,2665 2981,2666"/>
                <TextEquiv>
                    <Unicode>dem alles nur ein Spiel ist, das ahnungslos durch Leben und</Unicode>
                </TextEquiv>
            </TextLine>
            <TextLine id="r3l49" custom="readingOrder {index:48;}">
                <Coords points="1835,2696 2990,2719 2978,2666 1836,2656"/>
                <Baseline points="1844,2691 1900,2692 1957,2693 2014,2693 2071,2694 2128,2695 2184,2695 2241,2695 2298,2696 2355,2696 2412,2697 2468,2697 2525,2698 2582,2699 2639,2700 2696,2701 2752,2701 2809,2703 2866,2704 2923,2705 2980,2707"/>
                <TextEquiv>
                    <Unicode>Liebe schreitet, das durch die Gewalt seiner Schönheit die Männer</Unicode>
                </TextEquiv>
            </TextLine>
            <TextLine id="r3l50" custom="readingOrder {index:49;}">
                <Coords points="1836,2743 2639,2744 2992,2784 2993,2728 2948,2716 1837,2698"/>
                <Baseline points="1845,2736 1901,2736 1958,2736 2015,2737 2072,2738 2129,2738 2186,2740 2243,2740 2300,2742 2357,2742 2414,2744 2470,2745 2527,2746 2584,2747 2641,2748 2698,2749 2755,2750 2812,2751 2869,2751 2926,2751 2983,2752"/>
                <TextEquiv>
                    <Unicode>verdirbt, ohne es zu wollen, und das, wie ein Kind, nur vor</Unicode>
                </TextEquiv>
            </TextLine>
            <TextLine id="r3l51" custom="readingOrder {index:50;}">
                <Coords points="1831,2789 2980,2818 2943,2756 1832,2740"/>
                <Baseline points="1841,2779 1897,2780 1954,2781 2010,2781 2067,2782 2123,2783 2180,2784 2236,2785 2293,2785 2349,2786 2406,2787 2463,2788 2519,2789 2576,2790 2632,2791 2689,2792 2745,2793 2802,2794 2858,2795 2915,2796 2972,2797"/>
                <TextEquiv>
                    <Unicode>dem Tod sich fürchtet. So liebt sie den Dichter Filippo Loschi,</Unicode>
                </TextEquiv>
            </TextLine>
            <TextLine id="r3l52" custom="readingOrder {index:51;}">
                <Coords points="1828,2823 2981,2855 2981,2808 2854,2799 1829,2787"/>
                <Baseline points="1837,2821 1893,2822 1950,2824 2007,2825 2064,2826 2120,2826 2177,2827 2234,2828 2291,2828 2347,2829 2404,2830 2461,2831 2518,2831 2574,2832 2631,2833 2688,2835 2745,2836 2801,2837 2858,2839 2915,2841 2972,2843"/>
                <TextEquiv>
                    <Unicode>der um ihretwillen Braut, Ehre und alles zu opfern bereit ist,</Unicode>
                </TextEquiv>
            </TextLine>
            <TextLine id="r3l53" custom="readingOrder {index:52;}">
                <Coords points="1823,2886 2980,2883 2980,2854 2773,2834 1824,2823"/>
                <Baseline points="1833,2864 1889,2865 1946,2866 2003,2868 2060,2869 2117,2870 2174,2871 2230,2872 2287,2873 2344,2874 2401,2875 2458,2876 2515,2877 2572,2878 2628,2879 2685,2880 2742,2882 2799,2883 2856,2884 2913,2886 2970,2887"/>
                <TextEquiv>
                    <Unicode>bis er erkennt, daß in ihrem tiefsten Herzen sie sich auch nach</Unicode>
                </TextEquiv>
            </TextLine>
            <TextLine id="r3l54" custom="readingOrder {index:53;}">
                <Coords points="1824,2913 2980,2940 2969,2882 1825,2862"/>
                <Baseline points="1834,2910 1890,2911 1947,2912 2004,2913 2061,2914 2118,2915 2175,2916 2231,2917 2288,2918 2345,2919 2402,2920 2459,2921 2516,2922 2573,2923 2629,2924 2686,2925 2743,2926 2800,2927 2857,2928 2914,2929 2971,2930"/>
                <TextEquiv>
                    <Unicode>anderem sehnt, nach Glanz und Pracht, die ihre Träume be¬</Unicode>
                </TextEquiv>
            </TextLine>
            <TextLine id="r3l55" custom="readingOrder {index:54;}">
                <Coords points="1830,2956 2977,2976 2949,2934 1830,2922"/>
                <Baseline points="1838,2956 1894,2956 1951,2956 2007,2957 2064,2957 2120,2958 2177,2959 2233,2960 2290,2961 2346,2962 2403,2963 2459,2965 2516,2966 2572,2967 2629,2968 2685,2969 2742,2971 2798,2972 2855,2973 2911,2974 2968,2974"/>
                <TextEquiv>
                    <Unicode>herrschen. So wird sie des Herzogs von Bologna Gattin, so</Unicode>
                </TextEquiv>
            </TextLine>
            <TextLine id="r3l56" custom="readingOrder {index:55;}">
                <Coords points="1834,3005 2968,3034 2980,2974 1834,2960"/>
                <Baseline points="1843,3000 1899,3000 1955,3000 2012,3000 2068,3001 2125,3002 2181,3002 2237,3004 2294,3004 2350,3006 2407,3007 2463,3008 2519,3010 2576,3011 2632,3013 2689,3014 2745,3015 2801,3016 2858,3016 2914,3017 2971,3018"/>
                <TextEquiv>
                    <Unicode>treibt sie den armen Vittorino, der sie so gern zum</Unicode>
                </TextEquiv>
            </TextLine>
            <TextLine id="r3l57" custom="readingOrder {index:56;}">
                <Coords points="1834,3044 2974,3072 2974,3033 2863,3007 1834,3010"/>
                <Baseline points="1842,3040 1898,3042 1954,3044 2010,3045 2066,3047 2122,3048 2178,3049 2234,3050 2290,3051 2346,3052 2403,3052 2459,3053 2515,3054 2571,3055 2627,3055 2683,3056 2739,3057 2795,3058 2851,3059 2907,3060 2964,3061"/>
                <TextEquiv>
                    <Unicode>Altar führen möchte, in den Tod, und so drückt sie auch</Unicode>
                </TextEquiv>
            </TextLine>
            <TextLine id="r3l58" custom="readingOrder {index:57;}">
                <Coords points="1824,3092 2924,3118 2973,3114 2974,3070 1825,3042"/>
                <Baseline points="1834,3081 1890,3082 1947,3083 2003,3084 2060,3085 2116,3086 2173,3087 2229,3089 2286,3091 2342,3092 2399,3093 2455,3095 2512,3096 2568,3097 2625,3099 2681,3100 2738,3101 2794,3102 2851,3102 2907,3103 2964,3103"/>
                <TextEquiv>
                    <Unicode>ihrem Dichter Filippo, dem Einzigen, den ihre Kinderseele liebt,</Unicode>
                </TextEquiv>
            </TextLine>
            <TextLine id="r3l59" custom="readingOrder {index:58;}">
                <Coords points="1824,3129 2763,3170 2971,3156 2972,3113 1824,3106"/>
                <Baseline points="1832,3126 1888,3127 1945,3127 2001,3128 2058,3129 2114,3130 2171,3131 2227,3132 2284,3134 2340,3135 2397,3136 2453,3138 2510,3139 2566,3140 2623,3142 2679,3143 2736,3144 2792,3145 2849,3146 2905,3146 2962,3146"/>
                <TextEquiv>
                    <Unicode>zuletzt den Gislbecher an die Lippen, bis sie endlich selbst durch</Unicode>
                </TextEquiv>
            </TextLine>
            <TextLine id="r3l60" custom="readingOrder {index:59;}">
                <Coords points="1830,3171 2982,3200 2954,3152 1831,3136"/>
                <Baseline points="1838,3168 1894,3170 1951,3171 2008,3173 2065,3174 2121,3175 2178,3176 2235,3178 2292,3179 2348,3180 2405,3181 2462,3182 2519,3183 2575,3184 2632,3185 2689,3187 2746,3188 2802,3190 2859,3192 2916,3194 2973,3196"/>
                <TextEquiv>
                    <Unicode>des eigenen Bruders Dolch den Tod erkennen lernt. Mit Recht</Unicode>
                </TextEquiv>
            </TextLine>
            <TextLine id="r3l61" custom="readingOrder {index:60;}">
                <Coords points="1830,3233 1999,3221 2082,3238 2113,3219 2134,3236 2255,3232 2289,3227 2290,3187 2061,3191 1831,3171"/>
                <Baseline points="1838,3218 1864,3217 1890,3216 1916,3215 1942,3214 1968,3215 1994,3215 2020,3215 2046,3216 2072,3217 2098,3218 2124,3219 2150,3220 2176,3220 2202,3221 2228,3221 2254,3221 2280,3220"/>
                <TextEquiv>
                    <Unicode>sagt der Herzog zu ihr:</Unicode>
                </TextEquiv>
            </TextLine>
            <TextLine id="r3l62" custom="readingOrder {index:61;}">
                <Coords points="1955,3266 2382,3272 2437,3293 2506,3269 2660,3291 2697,3274 2697,3247 2665,3237 2504,3249 2447,3219 1955,3224"/>
                <Baseline points="1964,3258 2000,3259 2036,3261 2072,3262 2108,3263 2145,3264 2181,3265 2217,3266 2253,3267 2289,3268 2326,3268 2362,3269 2398,3270 2434,3270 2470,3271 2507,3271 2543,3271 2579,3271 2615,3271 2651,3271 2688,3271"/>
                <TextEquiv>
                    <Unicode>Warst Du nicht, Beatrice, nur ein Kind,</Unicode>
                </TextEquiv>
            </TextLine>
            <TextLine id="r3l63" custom="readingOrder {index:62;}">
                <Coords points="1942,3319 2799,3326 2811,3296 1943,3269"/>
                <Baseline points="1952,3304 1994,3304 2037,3304 2079,3305 2122,3306 2164,3307 2207,3309 2249,3310 2292,3311 2334,3313 2377,3314 2419,3316 2462,3317 2504,3318 2547,3318 2589,3319 2632,3319 2674,3318 2717,3318 2759,3317 2802,3315"/>
                <TextEquiv>
                    <Unicode>Das mit der Krone spielte, weil sie glänzte, —</Unicode>
                </TextEquiv>
            </TextLine>
            <TextLine id="r3l64" custom="readingOrder {index:63;}">
                <Coords points="1947,3348 2775,3379 2831,3362 2832,3310 2567,3337 1948,3316"/>
                <Baseline points="1956,3343 1999,3345 2042,3348 2085,3350 2129,3352 2172,3353 2215,3355 2259,3356 2302,3357 2345,3358 2389,3359 2432,3360 2475,3360 2518,3361 2562,3361 2605,3362 2648,3362 2692,3363 2735,3363 2778,3363 2822,3364"/>
                <TextEquiv>
                    <Unicode>Mit eines Dichters Seel', weil sie voll Rätsel, —</Unicode>
                </TextEquiv>
            </TextLine>
            <TextLine id="r3l65" custom="readingOrder {index:64;}">
                <Coords points="1947,3392 2716,3424 2776,3404 2776,3374 2712,3365 1948,3349"/>
                <Baseline points="1956,3390 1996,3391 2037,3391 2077,3392 2118,3393 2158,3394 2199,3395 2239,3396 2280,3398 2320,3399 2361,3400 2401,3402 2442,3403 2482,3404 2523,3405 2563,3405 2604,3406 2644,3406 2685,3406 2725,3405 2766,3404"/>
                <TextEquiv>
                    <Unicode>Mit eines Jünglings Herzen, weil's Dir just</Unicode>
                </TextEquiv>
            </TextLine>
            <TextLine id="r3l66" custom="readingOrder {index:65;}">
                <Coords points="1947,3433 2623,3461 2712,3459 2751,3417 1948,3388"/>
                <Baseline points="1956,3433 1995,3434 2034,3434 2073,3435 2113,3436 2152,3436 2191,3437 2230,3438 2270,3439 2309,3440 2348,3441 2387,3442 2427,3443 2466,3444 2505,3446 2544,3447 2584,3448 2623,3450 2662,3451 2701,3453 2741,3455"/>
                <TextEquiv>
                    <Unicode>Geschenkt war? Aber wir sind allzu streng</Unicode>
                </TextEquiv>
            </TextLine>
            <TextLine id="r3l67" custom="readingOrder {index:66;}">
                <Coords points="1940,3478 2638,3512 2750,3497 2751,3463 1941,3433"/>
                <Baseline points="1949,3476 1988,3476 2028,3476 2067,3476 2107,3476 2147,3477 2186,3478 2226,3480 2266,3481 2305,3482 2345,3483 2385,3485 2424,3486 2464,3487 2504,3488 2543,3489 2583,3490 2623,3490 2662,3490 2702,3490 2742,3490"/>
                <TextEquiv>
                    <Unicode>Und leiden's nicht, und jeder von uns wollte</Unicode>
                </TextEquiv>
            </TextLine>
            <TextLine id="r3l68" custom="readingOrder {index:67;}">
                <Coords points="1939,3519 2890,3557 2886,3488 2624,3513 1940,3478"/>
                <Baseline points="1949,3521 1995,3521 2042,3521 2088,3521 2135,3522 2182,3523 2228,3524 2275,3526 2322,3528 2368,3529 2415,3531 2462,3532 2508,3534 2555,3536 2602,3537 2648,3538 2695,3538 2742,3539 2788,3538 2835,3538 2882,3537"/>
                <TextEquiv>
                    <Unicode>Nicht nur das einz'ge Spielzeng sein — nein, mehr!</Unicode>
                </TextEquiv>
            </TextLine>
            <TextLine id="r3l69" custom="readingOrder {index:68;}">
                <Coords points="1936,3571 2684,3591 2792,3579 2793,3546 1937,3532"/>
                <Baseline points="1945,3565 1986,3565 2028,3565 2070,3565 2112,3565 2154,3566 2196,3567 2238,3568 2280,3569 2322,3571 2364,3572 2405,3573 2447,3574 2489,3576 2531,3577 2573,3578 2615,3579 2657,3580 2699,3580 2741,3580 2783,3580"/>
                <TextEquiv>
                    <Unicode>Die ganze Welt. So nannten wir Dein Tun</Unicode>
                </TextEquiv>
            </TextLine>
            <TextLine id="r3l70" custom="readingOrder {index:69;}">
                <Coords points="1928,3610 2774,3638 2851,3627 2852,3602 2784,3577 2629,3599 1928,3568"/>
                <Baseline points="1936,3606 1981,3607 2026,3607 2071,3608 2117,3608 2162,3609 2207,3610 2253,3611 2298,3612 2343,3613 2389,3614 2434,3615 2479,3616 2524,3617 2570,3619 2615,3619 2660,3621 2706,3621 2751,3622 2796,3623 2842,3624"/>
                <TextEquiv>
                    <Unicode>Betrug und Frevel — und Du warst ein Kind!</Unicode>
                </TextEquiv>
            </TextLine>
            <TextLine id="r3l71" custom="readingOrder {index:70;}">
                <Coords points="1889,3654 2965,3676 2965,3640 2885,3623 1890,3611"/>
                <Baseline points="1899,3649 1951,3650 2004,3650 2057,3651 2110,3652 2163,3653 2215,3654 2268,3655 2321,3656 2374,3657 2427,3658 2479,3660 2532,3661 2585,3662 2638,3663 2691,3665 2743,3666 2796,3667 2849,3669 2902,3669 2955,3670"/>
                <TextEquiv>
                    <Unicode>Hätte Arthur Schnitzler sich auf die Lösung dieses Problems be¬</Unicode>
                </TextEquiv>
            </TextLine>
            <TextLine id="r3l72" custom="readingOrder {index:71;}">
                <Coords points="1804,3692 2709,3729 2951,3723 2968,3678 1805,3648"/>
                <Baseline points="1812,3690 1869,3691 1926,3692 1983,3694 2041,3695 2098,3696 2155,3698 2213,3699 2270,3701 2327,3702 2385,3704 2442,3705 2499,3706 2556,3708 2614,3709 2671,3711 2728,3712 2786,3713 2843,3714 2900,3715 2958,3716"/>
                <TextEquiv>
                    <Unicode>schränkt, er hätte ein gutes Stück geschaffen, zweifellos ein viel¬</Unicode>
                </TextEquiv>
            </TextLine>
            <TextLine id="r3l73" custom="readingOrder {index:72;}">
                <Coords points="1810,3736 2961,3774 2962,3729 2896,3716 1811,3703"/>
                <Baseline points="1820,3733 1876,3735 1933,3737 1989,3738 2046,3739 2103,3741 2159,3742 2216,3743 2273,3744 2329,3746 2386,3747 2443,3748 2499,3749 2556,3750 2613,3752 2669,3753 2726,3754 2783,3755 2839,3757 2896,3758 2953,3760"/>
                <TextEquiv>
                    <Unicode>besseres, als jetzt sein Schleier der Beatrice“ ist. Aber er hat</Unicode>
                </TextEquiv>
            </TextLine>
            <TextLine id="r3l74" custom="readingOrder {index:73;}">
                <Coords points="1806,3769 2937,3822 2967,3765 1807,3733"/>
                <Baseline points="1815,3781 1872,3781 1929,3781 1986,3782 2043,3783 2100,3784 2157,3785 2214,3785 2271,3787 2328,3788 2386,3789 2443,3790 2500,3792 2557,3793 2614,3795 2671,3797 2728,3798 2785,3800 2842,3801 2899,3803 2957,3804"/>
                <TextEquiv>
                    <Unicode>den Menschen seiner Dichtung, die nie und nimmer gelebt haben:</Unicode>
                </TextEquiv>
            </TextLine>
            <TextLine id="r3l75" custom="readingOrder {index:74;}">
                <Coords points="1809,3822 2955,3847 2955,3815 2880,3804 1810,3788"/>
                <Baseline points="1818,3822 1874,3823 1930,3824 1987,3825 2043,3827 2100,3828 2156,3829 2212,3830 2269,3831 2325,3833 2382,3834 2438,3836 2494,3837 2551,3838 2607,3839 2664,3840 2720,3841 2776,3843 2833,3844 2889,3844 2946,3845"/>
                <TextEquiv>
                    <Unicode>könnten, auch noch ein ganz spezifisches Zeitkolorit gegeben. Sein</Unicode>
                </TextEquiv>
            </TextLine>
            <TextLine id="r3l76" custom="readingOrder {index:75;}">
                <Coords points="1819,3872 2909,3904 2958,3887 2959,3844 1820,3825"/>
                <Baseline points="1828,3865 1884,3866 1940,3868 1996,3869 2052,3870 2108,3872 2164,3873 2220,3874 2276,3876 2332,3877 2388,3879 2444,3880 2500,3881 2556,3883 2612,3884 2668,3885 2724,3886 2780,3887 2836,3888 2892,3889 2948,3889"/>
                <TextEquiv>
                    <Unicode>Herzog von Bologna mußte sich, außer mit seiner Leidenschaft</Unicode>
                </TextEquiv>
            </TextLine>
            <TextLine id="r3l77" custom="readingOrder {index:76;}">
                <Coords points="1819,3919 2848,3950 2946,3942 2947,3906 1820,3872"/>
                <Baseline points="1827,3910 1882,3911 1938,3912 1993,3912 2049,3913 2104,3915 2160,3916 2215,3917 2271,3919 2326,3920 2382,3921 2437,3923 2493,3924 2548,3926 2604,3927 2659,3928 2715,3929 2770,3930 2826,3931 2881,3931 2937,3932"/>
                <TextEquiv>
                    <Unicode>für die schöne Beatrice, auch noch mit dem tückischen Cesar</Unicode>
                </TextEquiv>
            </TextLine>
            <TextLine id="r3l78" custom="readingOrder {index:77;}">
                <Coords points="1803,3953 2947,3987 2947,3938 1804,3917"/>
                <Baseline points="1812,3952 1868,3954 1924,3955 1980,3956 2037,3958 2093,3959 2149,3960 2206,3961 2262,3963 2318,3964 2375,3965 2431,3966 2487,3967 2543,3968 2600,3969 2656,3969 2712,3970 2769,3971 2825,3971 2881,3972 2938,3973"/>
                <TextEquiv>
                    <Unicode>Borgia herumraufen, sein Dichter Filippo Loschi mußte mit aller</Unicode>
                </TextEquiv>
            </TextLine>
            <TextLine id="r3l79" custom="readingOrder {index:78;}">
                <Coords points="1811,4006 2913,4037 2949,3985 1812,3961"/>
                <Baseline points="1820,3993 1878,3995 1937,3997 1996,3999 2055,4000 2114,4002 2173,4004 2232,4005 2291,4006 2350,4007 2408,4008 2467,4009 2526,4010 2585,4012 2644,4013 2703,4014 2762,4015 2821,4016 2880,4017 2939,4018"/>
                <TextEquiv>
                    <Unicode>Gewalt ein Uebermensch der Renaissance werden, und noch eine</Unicode>
                </TextEquiv>
            </TextLine>
            <TextLine id="r3l80" custom="readingOrder {index:79;}">
                <Coords points="1809,4045 2954,4074 2955,4016 1810,4008"/>
                <Baseline points="1818,4043 1874,4042 1930,4042 1987,4043 2043,4043 2100,4044 2156,4046 2212,4047 2269,4048 2325,4050 2382,4052 2438,4053 2494,4055 2551,4056 2607,4058 2664,4060 2720,4061 2776,4062 2833,4063 2889,4063 2946,4064"/>
                <TextEquiv>
                    <Unicode>ganze Menge höchst überflüssiger und deshalb störender</Unicode>
                </TextEquiv>
            </TextLine>
            <TextLine id="r3l81" custom="readingOrder {index:80;}">
                <Coords points="1794,4087 2925,4129 2952,4074 1795,4062"/>
                <Baseline points="1804,4082 1860,4083 1917,4084 1974,4085 2031,4087 2088,4088 2145,4089 2202,4091 2259,4092 2316,4094 2373,4095 2429,4097 2486,4098 2543,4100 2600,4102 2657,4103 2714,4104 2771,4106 2828,4107 2885,4109 2942,4110"/>
                <TextEquiv>
                    <Unicode>Motive und Personen packte er zu dem gleichen Zwecke</Unicode>
                </TextEquiv>
            </TextLine>
            <TextLine id="r3l82" custom="readingOrder {index:81;}">
                <Coords points="1793,4136 2895,4165 2949,4163 2950,4124 1794,4088"/>
                <Baseline points="1803,4126 1859,4127 1916,4127 1973,4128 2030,4130 2087,4131 2144,4132 2201,4134 2258,4136 2315,4137 2372,4139 2428,4141 2485,4142 2542,4144 2599,4145 2656,4147 2713,4148 2770,4149 2827,4150 2884,4150 2941,4150"/>
                <TextEquiv>
                    <Unicode>noch in sein Schauspiel hinein. Und so zerrte er die wunder¬</Unicode>
                </TextEquiv>
            </TextLine>
            <TextLine id="r3l83" custom="readingOrder {index:82;}">
                <Coords points="1806,4171 2357,4179 2357,4148 2316,4142 1806,4130"/>
                <Baseline points="1814,4169 1840,4170 1867,4171 1894,4172 1920,4173 1947,4174 1974,4174 2000,4175 2027,4176 2054,4176 2081,4177 2107,4177 2134,4178 2161,4178 2187,4178 2214,4179 2241,4179 2267,4179 2294,4180 2321,4180 2348,4181"/>
                <TextEquiv>
                    <Unicode>volle, von tiefstem Empfinden</Unicode>
                </TextEquiv>
            </TextLine>
            <TextEquiv>
                <Unicode>ereneehrrchen
wirthschaftliche
wird. Diese Mit¬

Telephon 12801.
Alex. Weigl’s Unternehmen für Zeitungs-Ausschnitte
Ausschnitt

„OBSERVER
Nr. 17
I. österr Beförch. conc. Bureau für Zeitungsberichte u. Personalnachrichten
Wien, IX/1, Türkenstrasse 17.
 Filiale in Budapest: „Figyelö“ —
Vertretungen in Berlin, Chicago, Genf, London, Newyork, Paris, Rom, Stockholm.
Ausschnitt aus:
2s Kleine Jpurnal (Berin)
vom:
1 03
Cheater und Kunst.
Deutsches Theater.
Arthur Schnitzlers Schauspiel „Der Schleier
der Beatrice“ hat gestern endlich auch den Weg nach Berlin
gefunden. Bisher ist es nur in Breslau aufgeführt worden,
und andere Bühnen scheuten vor dem Wagnis zurück, weil die
Dichtung darstellerisch und szenisch einen außerordentlich großen
Apparat erfordert und weil sie fürchteten, der Preis würde die
Mühe vielleicht nicht lohnen. Diese Befürchtung dürfte sich möglicher¬
weise auch hier nicht lohnen, aber jedenfalls muß man Herrn Brahm
Für
für die Aufführung dankbar sein, denn Arthur Schnitzler ist ein ielusive
Dichter, der ein Recht darauf hat, gehört zu werden, auch da, Porto.
wo er etwa in heißer Sehnsucht über die Grenzen seines Talents iahlbar
hinausgestrebt hat. Was Schnitzler für die Bühne bis heute Voraus.
geschaffen hat, war immer von starkem und eigenartigem Können; ist das
getragen, wenn es sich auch meist in leichte, gefällige Formen ht es den
kleidete. Und daß er nicht bloß als skeptischer Satiriker ins rn.
Leben schaut, sondern daß auch starke dramatische Kraft in ihm
lebt, hat er zum mindesten in seinem Einakter „Der grüne iltend die
Kakadu“ bewiesen. Im „Schleier der Beatrice“ freilich lorgen¬
Zeitung")
hat er
sich ein bißchen zu viel zugemutet. Das
haftliche
Problem, das er sich gestellt hat, ist tief und bedeut¬
Diese Mit¬
sam. Er wollte gleichsam das Weib an sich auf
die Bühne bringen, ein junges, schönes, blühendes Mädchen,
dem alles nur ein Spiel ist, das ahnungslos durch Leben und
Liebe schreitet, das durch die Gewalt seiner Schönheit die Männer
verdirbt, ohne es zu wollen, und das, wie ein Kind, nur vor
dem Tod sich fürchtet. So liebt sie den Dichter Filippo Loschi,
der um ihretwillen Braut, Ehre und alles zu opfern bereit ist,
bis er erkennt, daß in ihrem tiefsten Herzen sie sich auch nach
anderem sehnt, nach Glanz und Pracht, die ihre Träume be¬
herrschen. So wird sie des Herzogs von Bologna Gattin, so
treibt sie den armen Vittorino, der sie so gern zum
Altar führen möchte, in den Tod, und so drückt sie auch
ihrem Dichter Filippo, dem Einzigen, den ihre Kinderseele liebt,
zuletzt den Gislbecher an die Lippen, bis sie endlich selbst durch
des eigenen Bruders Dolch den Tod erkennen lernt. Mit Recht
sagt der Herzog zu ihr:
Warst Du nicht, Beatrice, nur ein Kind,
Das mit der Krone spielte, weil sie glänzte, —
Mit eines Dichters Seel', weil sie voll Rätsel, —
Mit eines Jünglings Herzen, weil's Dir just
Geschenkt war? Aber wir sind allzu streng
Und leiden's nicht, und jeder von uns wollte
Nicht nur das einz'ge Spielzeng sein — nein, mehr!
Die ganze Welt. So nannten wir Dein Tun
Betrug und Frevel — und Du warst ein Kind!
Hätte Arthur Schnitzler sich auf die Lösung dieses Problems be¬
schränkt, er hätte ein gutes Stück geschaffen, zweifellos ein viel¬
besseres, als jetzt sein Schleier der Beatrice“ ist. Aber er hat
den Menschen seiner Dichtung, die nie und nimmer gelebt haben:
könnten, auch noch ein ganz spezifisches Zeitkolorit gegeben. Sein
Herzog von Bologna mußte sich, außer mit seiner Leidenschaft
für die schöne Beatrice, auch noch mit dem tückischen Cesar
Borgia herumraufen, sein Dichter Filippo Loschi mußte mit aller
Gewalt ein Uebermensch der Renaissance werden, und noch eine
ganze Menge höchst überflüssiger und deshalb störender
Motive und Personen packte er zu dem gleichen Zwecke
noch in sein Schauspiel hinein. Und so zerrte er die wunder¬
volle, von tiefstem Empfinden</Unicode>
            </TextEquiv>
        </TextRegion>
    </Page>
</PcGts>
