3436 4256
302 169 1811 271 14. Der Schleier der Beatrice
846 1060 1255 1147 Telefon 12801.
387 1156 1725 1268 Alex. Weigl's Unternehmen für Zeitungs-Ausschnitte
1395 1251 1591 1308 Ausschnitt
347 1280 404 1355 4
713 1289 1737 1403 „OBSEKVER“ Nr. 43
418 1302 636 1412 105
329 1404 1767 1454 I. österr. behördl. conc. Bureau für Zeitungsberichte u. Personalnachrichten
503 1464 1607 1544 Wien, IX Türkenstrasse 17.
697 1536 1393 1632 — Filiale in Budapest: „Figyeló“ —
332 1622 1765 1700 Vertretungen in Berlin. Chicago, Genf, London, Newyork, Paris, Rom, Stockholm.
312 1730 851 1818 Ausschnitt aus:
1068 1731 1398 1843 Nthne
323 1860 1010 1962 „eK (2.19 7900
1240 2188 1510 2253 — — — —
1048 2221 1590 2297 Dem Wiener Tagblatt zufolge
482 2240 1573 2326 hat Arthur Schnitzlernenes Drama „Das Haar der
489 2323 1566 2369 Berenice“ bei der Direktion der genannten Bühne „Bedenken“
498 2359 1597 2403 erregt. Das Stück wird deshalb nicht im Burgtheater, sondern
487 2390 1453 2470 wahrscheinlich in Breslau zur ersten Aufführung gelangen.
764 2619 1321 2722 Bezugs-Bedingungen:
338 2676 1476 2776 Für 50 Zeitungsaueschnitte (Artikel oder Notizen). Kr. 15.—
1529 2725 1721 2786 inclusive
438 2729 529 2786 100
1363 2749 1477 2802 28 —
1552 2773 1689 2819 Porto
433 2780 533 2826 200
1355 2790 1467 2834 50.—
1537 2806 1713 2863 Zahlbar
423 2820 528 2869 500
1336 2828 1491 2879 110.—
1337 2848 1742 2921 200 — im Voraus.
366 2859 529 2922 „ 1000
429 2889 1770 2988 Im Gegensatze zu anderen Burear für Zeitung ausschnitte ist das
313 2957 1758 3031 Abonnement durch keine bestimmte Zeitdauer begrenzt: — auch stcht es den
314 2999 1597 3050 Abonnenten frei die aufgegebenen Themen zu ergänzen oder zu ändern.
437 3051 1754 3149 Der „OBSERVER“ veranstaltet täglich einen Auszug enthaltend die
323 3123 1748 3184 Inhaltsangabe aller wichtigen Mittheilungen der Wiener Morgen¬
314 3156 1760 3210 blätter (Tagesjournale ausser „Neue Freie Presse“ und „Wiener Zeitung“)
324 3194 1749 3265 wodurch eine Uebersicht über das gesammte politische und wirthschaftliche Leben
323 3247 1747 3327 des Ia- und Auslandes in drastischer Kürze geboten wird. Diese Mittheilungen
313 3284 1132 3348 weiden in Wien um 9 Uhr Früh verschickt.
607 3348 1447 3450 Prospecte gratis und franco
1963 178 2415 256 box 20/1
2337 1144 2741 1237 Telefon 12801.
1869 1260 3215 1330 Alex. Weigl’s Unternehmen für Zeitungs-Ausschnitte
2875 1315 3077 1380 Ausschaftt
1866 1328 2851 1460 105 „OBSERVER“
2902 1360 3204 1469 Nr. 41
1806 1441 3257 1530 I. österr. behördl. conc. Bureaa für Zeitungsberichte u. Personalnachrichten
1986 1514 3084 1618 Wien. IX, Türkenstrasse 17.
2173 1606 2860 1686 — Filiale in Budapest: „Figyelé“
1806 1686 3242 1758 Vertretungen in Berlin. Chicago, Genf, London, Newyork, Paris, Rom, Stockholm.
1801 1796 2345 1872 Ausschnitt aus:
2489 1879 3090 2004 ianer Tagbien
1803 1937 2457 2064 NN 41/9 (968
2119 2241 3110 2330 In Arthur Schnitzler's neuem Stücke „Der
2019 2294 3101 2365 Schleier der Beatrice“ aber hätte, wie gemunkelt
2039 2359 3107 2420 wurde, die ungeschriebene Lex Heintze des Burgtheaters
2037 2381 3096 2471 ein Haar gefunden, und dieses Haar hat sich in dem
2033 2427 3095 2517 geheimnißvollen Gedankenspinnen zwischen Zeitungsfeder,
2033 2497 3095 2560 Setzerhand und Druckwalze gestern sogar in einer Theater¬
2039 2543 3091 2604 notiz eines Blattes bis zum „Haar der Berenice“
2031 2590 3093 2648 fortgesponnen, welches sich an die Stelle des „Schleier der
2041 2636 3106 2690 Beatrice“ schob. Von Seite der Direktion des Burgtheaters
2034 2680 3063 2749 wird indessen auf das entschiedenste die Zumuthung ab¬
2035 2733 3096 2789 gelehnt, daß Direktor Schlenther daran gedacht hätte,
1915 2725 2036 2806 50 7
1809 2735 1913 2815 Für
2021 2781 3193 2851 dem Verfasser der „Liebelei“ und des „Grünen Kakadu“ usive
1910 2796 2002 2843 100
1898 2827 2016 2882 200
2020 2825 3160 2884 gegenüber sich auf den Zensor oder Vorzensor aufzuspielen. rto¬
1906 2871 2011 2919 500
2021 2875 3177 2938 Es ist auch schwer denkbar und müßte sich, wenn Alles mit ilbar
1852 2909 2004 2973 „ 1000
2011 2911 3197 2978 geraden Dingen zugehen soll, von selbst verneinen, daß der draus.
1908 2956 3233 3042 Im Burgtheaterdirektor sich berufen fühlen könnte, als — Wiener st das
1796 3012 3232 3078 Abonnement] „Sachverständiger“ des Goethe=Bundes zu fungiren. S. S. es den
1795 3068 3114 3140 Abennenten unggegenenem-rnemen zu ergänzen oder zu ändern—
1898 3131 3223 3205 Der „OBSERYER“ veranstaltet täglich einen Auszug enthaltend die
1799 3182 3227 3245 Inhaltsangabe aller wichtigen Mittheilungen der Wiener Morgen¬
1802 3222 3221 3299 blütter (Tagesjournale ausser „Neue Freie Presse“ und „Wiener Zeirung“)
1793 3265 3220 3311 wodurch eine Uebersicht über das gesammte politische und wirthschaftliche Leben
1796 3300 3222 3392 des Iu- und Auslandes in drastischer Kürze geboten wird. Diese Mittheilungen
1789 3349 2598 3405 weiden in Wien um 9 Uhr Früh verschickt.
2083 3399 2912 3503 Prospecte gralis und franco.
