<?xml version="1.0" encoding="UTF-8" standalone="yes"?>
<PcGts xmlns="http://schema.primaresearch.org/PAGE/gts/pagecontent/2013-07-15" xmlns:xsi="http://www.w3.org/2001/XMLSchema-instance" xsi:schemaLocation="http://schema.primaresearch.org/PAGE/gts/pagecontent/2013-07-15 http://schema.primaresearch.org/PAGE/gts/pagecontent/2013-07-15/pagecontent.xsd">
    <Metadata>
        <Creator>prov=University of Rostock/Institute of Mathematics/CITlab/Gundram Leifert/gundram.leifert@uni-rostock.de:name=ONB_Newseye_GT_M1+(htr_id=10810)::::v=2.4.2
prov=University of Rostock/Institute of Mathematics/CITlab/Tobias Gruening/tobias.gruening@uni-rostock.de:name=de.uros.citlab.module.baseline2polygon.B2PSeamMultiOriented:v=2.4.2
prov=University of Rostock/Institute of Mathematics/CITlab/Tobias Gruening/tobias.gruening@uni-rostock.de:name=/mnt/transkribus/LA/DEA/URO/LA_news_onb_att.pb:de.uros.citlab.segmentation.CITlab_LA_ML:v=2.4.2
Transkribus</Creator>
        <Created>2019-10-07T11:37:28.864+02:00</Created>
        <LastChange>2019-10-08T11:57:26.159+02:00</LastChange>
        <TranskribusMetadata docId="223979" pageId="9501611" pageNr="291" tsid="16556201" status="IN_PROGRESS" userId="40391" imgUrl="https://files.transkribus.eu/Get?id=LEGWALKNKQVXALWEPNHGHSQC&amp;fileType=view" xmlUrl="https://files.transkribus.eu/Get?id=JZCTIIOWARYWNTDVLDSZMEJN" imageId="6191833"/>
    </Metadata>
    <Page imageFilename="223979_0291.jpeg" imageWidth="3484" imageHeight="4448">
        <ReadingOrder>
            <OrderedGroup id="ro_1711449131236" caption="Regions reading order">
                <RegionRefIndexed index="0" regionRef="r1"/>
                <RegionRefIndexed index="1" regionRef="r2"/>
            </OrderedGroup>
        </ReadingOrder>
        <TextRegion orientation="0.0" id="r1" custom="readingOrder {index:0;}">
            <Coords points="315,206 315,3180 2722,3180 2722,206"/>
            <TextLine id="r1l1" custom="readingOrder {index:0;}">
                <Coords points="1923,232 1976,253 2087,258 2128,244 2157,256 2183,242 2256,264 2277,249 2315,262 2388,245 2389,178 2339,192 2316,177 2295,194 2260,179 2187,192 2097,179 2038,196 2015,175 1924,179"/>
                <Baseline points="1937,237 1962,235 1988,234 2013,233 2039,233 2065,234 2090,235 2116,236 2142,237 2167,238 2193,239 2219,240 2244,240 2270,241 2296,240 2321,240 2347,238 2373,235"/>
                <TextEquiv>
                    <Unicode>box 20/4</Unicode>
                </TextEquiv>
            </TextLine>
            <TextLine id="r1l2" custom="readingOrder {index:1;}">
                <Coords points="299,242 1658,271 1936,256 1937,206 554,171 466,214 300,172"/>
                <Baseline points="315,226 395,231 475,235 555,239 636,242 716,244 796,246 877,247 957,248 1037,248 1118,248 1198,248 1278,248 1358,248 1439,247 1519,247 1599,247 1680,246 1760,247 1840,247 1921,248"/>
                <TextEquiv>
                    <Unicode>14. Der Schleier der Beatrice</Unicode>
                </TextEquiv>
            </TextLine>
            <TextLine id="r1l3" custom="readingOrder {index:2;}">
                <Coords points="479,1570 1537,1608 1540,1468 1420,1462 1308,1513 1102,1446 1010,1477 871,1441 712,1502 481,1497"/>
                <Baseline points="495,1568 546,1568 597,1569 649,1570 700,1571 752,1572 803,1573 854,1574 906,1575 957,1576 1009,1577 1060,1578 1111,1579 1163,1581 1214,1581 1266,1583 1317,1585 1368,1586 1420,1588 1471,1590 1523,1592"/>
                <TextEquiv>
                    <Unicode>Kunst und Wissenschaft,#</Unicode>
                </TextEquiv>
            </TextLine>
            <TextLine id="r1l4" custom="readingOrder {index:3;}">
                <Coords points="1575,1571 2736,1605 2736,1555 2678,1537 1576,1524"/>
                <Baseline points="1589,1566 1645,1568 1702,1571 1758,1573 1815,1575 1872,1576 1928,1578 1985,1579 2042,1579 2098,1580 2155,1580 2212,1581 2268,1581 2325,1581 2382,1581 2438,1581 2495,1581 2552,1582 2608,1582 2665,1582 2722,1583"/>
                <TextEquiv>
                    <Unicode>Sind freche Wünsche, die das Licht des Tags zurückjagt in</Unicode>
                </TextEquiv>
            </TextLine>
            <TextLine id="r1l5" custom="readingOrder {index:4;}">
                <Coords points="1565,1604 2723,1624 2723,1589 2656,1582 1650,1587 1566,1557"/>
                <Baseline points="1581,1607 1637,1609 1693,1611 1750,1613 1806,1614 1863,1616 1919,1617 1975,1618 2032,1619 2088,1620 2145,1620 2201,1621 2257,1621 2314,1622 2370,1622 2427,1622 2483,1622 2539,1622 2596,1622 2652,1622 2709,1622"/>
                <TextEquiv>
                    <Unicode>die Winkel unsrer Seele, Daraus sie erst bei Nacht zu krie¬</Unicode>
                </TextEquiv>
            </TextLine>
            <TextLine id="r1l6" custom="readingOrder {index:5;}">
                <Coords points="457,1640 1548,1673 1567,1597 458,1591"/>
                <Baseline points="473,1625 526,1626 580,1627 634,1628 688,1630 742,1631 796,1632 849,1633 903,1635 957,1636 1011,1637 1065,1638 1119,1639 1173,1640 1226,1641 1280,1641 1334,1642 1388,1643 1442,1643 1496,1644 1550,1644"/>
                <TextEquiv>
                    <Unicode>E. B. Im Deutschen Theater kam gestern Arthur</Unicode>
                </TextEquiv>
            </TextLine>
            <TextLine id="r1l7" custom="readingOrder {index:6;}">
                <Coords points="1568,1648 2614,1677 2728,1672 2729,1637 1568,1607"/>
                <Baseline points="1582,1648 1638,1650 1695,1652 1751,1654 1808,1655 1865,1656 1921,1657 1978,1658 2034,1659 2091,1659 2148,1660 2204,1660 2261,1660 2317,1660 2374,1660 2431,1660 2487,1660 2544,1660 2600,1660 2657,1660 2714,1659"/>
                <TextEquiv>
                    <Unicode>chen wagen; Und solch ein Traum, mit ausgestreckten Armen,</Unicode>
                </TextEquiv>
            </TextLine>
            <TextLine id="r1l8" custom="readingOrder {index:7;}">
                <Coords points="387,1673 1562,1693 1563,1646 388,1635"/>
                <Baseline points="401,1670 458,1673 515,1676 573,1678 630,1680 687,1681 745,1683 802,1684 859,1685 917,1686 974,1687 1031,1687 1089,1688 1146,1688 1203,1688 1261,1689 1318,1689 1375,1689 1433,1690 1490,1690 1548,1691"/>
                <TextEquiv>
                    <Unicode>Schnitzlers fünfaltiges Schauspicl „Der Schleier</Unicode>
                </TextEquiv>
            </TextLine>
            <TextLine id="r1l9" custom="readingOrder {index:8;}">
                <Coords points="1570,1690 2680,1711 2727,1703 2728,1659 1570,1649"/>
                <Baseline points="1584,1682 1640,1686 1696,1689 1753,1692 1809,1694 1866,1696 1922,1697 1978,1697 2035,1698 2091,1698 2148,1699 2204,1698 2260,1698 2317,1698 2373,1698 2430,1698 2486,1697 2542,1698 2599,1698 2655,1698 2712,1699"/>
                <TextEquiv>
                    <Unicode>Sehnsüchtig läßt er durstig Dich zurück.“ Schaudernd stößt</Unicode>
                </TextEquiv>
            </TextLine>
            <TextLine id="r1l10" custom="readingOrder {index:9;}">
                <Coords points="378,1738 1536,1759 1554,1706 379,1688"/>
                <Baseline points="393,1721 450,1722 507,1723 565,1725 622,1726 679,1727 737,1728 794,1729 851,1730 909,1731 966,1732 1023,1734 1081,1734 1138,1735 1195,1736 1253,1737 1310,1738 1367,1739 1425,1740 1482,1741 1540,1741"/>
                <TextEquiv>
                    <Unicode>der Beatrice“ zur erstmaligen Darstellung. Der Erfolg</Unicode>
                </TextEquiv>
            </TextLine>
            <TextLine id="r1l11" custom="readingOrder {index:10;}">
                <Coords points="1578,1727 2546,1726 2718,1763 2736,1699 1578,1689"/>
                <Baseline points="1592,1720 1648,1723 1705,1726 1761,1728 1818,1730 1874,1731 1931,1732 1987,1733 2044,1734 2100,1734 2157,1734 2213,1734 2270,1734 2326,1734 2383,1734 2439,1735 2496,1735 2552,1735 2609,1736 2665,1737 2722,1738"/>
                <TextEquiv>
                    <Unicode>er die Geliebte von sich. Auf Francescos, ihres Bruders</Unicode>
                </TextEquiv>
            </TextLine>
            <TextLine id="r1l12" custom="readingOrder {index:11;}">
                <Coords points="1570,1767 2722,1788 2722,1741 2547,1728 1570,1729"/>
                <Baseline points="1584,1758 1640,1762 1696,1764 1752,1766 1808,1768 1865,1769 1921,1770 1977,1771 2033,1771 2089,1772 2146,1772 2202,1772 2258,1772 2314,1773 2370,1773 2427,1773 2483,1773 2539,1773 2595,1773 2651,1774 2708,1775"/>
                <TextEquiv>
                    <Unicode>Wunsch will sich Beatrice darauf dem wackeren Vittorino,</Unicode>
                </TextEquiv>
            </TextLine>
            <TextLine id="r1l13" custom="readingOrder {index:12;}">
                <Coords points="376,1777 1557,1800 1558,1744 377,1736"/>
                <Baseline points="392,1771 449,1773 507,1774 564,1775 622,1776 680,1777 737,1778 795,1779 852,1780 910,1781 968,1781 1025,1782 1083,1782 1140,1783 1198,1783 1256,1784 1313,1784 1371,1785 1428,1785 1486,1786 1544,1786"/>
                <TextEquiv>
                    <Unicode>des Dramas, das durch seine pikante Bühnenvorgeschichte</Unicode>
                </TextEquiv>
            </TextLine>
            <TextLine id="r1l14" custom="readingOrder {index:13;}">
                <Coords points="1563,1805 2635,1830 2729,1826 2730,1773 1563,1767"/>
                <Baseline points="1578,1798 1634,1800 1691,1801 1748,1803 1805,1804 1862,1806 1919,1807 1976,1809 2033,1810 2090,1811 2147,1812 2203,1812 2260,1813 2317,1814 2374,1814 2431,1815 2488,1815 2545,1815 2602,1815 2659,1816 2716,1816"/>
                <TextEquiv>
                    <Unicode>einem einfachen Gewerbsmann, dessen Herz sie längst besitzt,</Unicode>
                </TextEquiv>
            </TextLine>
            <TextLine id="r1l15" custom="readingOrder {index:14;}">
                <Coords points="390,1829 1111,1859 1553,1850 1554,1815 390,1786"/>
                <Baseline points="403,1824 459,1825 516,1825 573,1826 630,1826 687,1827 743,1828 800,1828 857,1829 914,1830 971,1831 1027,1831 1084,1832 1141,1833 1198,1834 1255,1835 1311,1835 1368,1836 1425,1836 1482,1837 1539,1837"/>
                <TextEquiv>
                    <Unicode>schon die Aufmerksamkeit der Theaterfreunde auf sich gezogen</Unicode>
                </TextEquiv>
            </TextLine>
            <TextLine id="r1l16" custom="readingOrder {index:15;}">
                <Coords points="1554,1837 2721,1870 2721,1826 2675,1816 1555,1804"/>
                <Baseline points="1570,1837 1626,1839 1683,1841 1740,1842 1797,1843 1853,1845 1910,1846 1967,1847 2024,1848 2080,1848 2137,1849 2194,1850 2251,1851 2307,1851 2364,1851 2421,1852 2478,1852 2534,1853 2591,1853 2648,1853 2705,1853"/>
                <TextEquiv>
                    <Unicode>vermählen. Aber jetzt wird ihr Traum Wirklichkeit. Da sie</Unicode>
                </TextEquiv>
            </TextLine>
            <TextLine id="r1l17" custom="readingOrder {index:16;}">
                <Coords points="390,1881 1503,1899 1550,1893 1551,1850 390,1829"/>
                <Baseline points="403,1874 459,1874 516,1875 573,1875 629,1875 686,1876 743,1876 799,1877 856,1878 913,1878 970,1879 1026,1879 1083,1880 1140,1881 1196,1881 1253,1882 1310,1883 1366,1883 1423,1884 1480,1885 1537,1885"/>
                <TextEquiv>
                    <Unicode>hatte, war nicht unbestritten. Neben lebhaftem Beifall, der</Unicode>
                </TextEquiv>
            </TextLine>
            <TextLine id="r1l18" custom="readingOrder {index:17;}">
                <Coords points="1564,1877 2537,1906 2721,1902 2722,1855 1564,1845"/>
                <Baseline points="1578,1876 1634,1878 1691,1879 1747,1880 1804,1882 1860,1883 1917,1884 1973,1885 2030,1886 2086,1887 2143,1888 2199,1888 2256,1889 2312,1889 2369,1889 2425,1890 2482,1890 2538,1889 2595,1889 2651,1889 2708,1888"/>
                <TextEquiv>
                    <Unicode>an des Bräutigams Seite zur Hochzeit nach der Kirche schrei¬</Unicode>
                </TextEquiv>
            </TextLine>
            <TextLine id="r1l19" custom="readingOrder {index:18;}">
                <Coords points="1565,1929 2725,1942 2726,1893 1565,1877"/>
                <Baseline points="1580,1916 1636,1918 1693,1919 1749,1920 1806,1922 1862,1922 1919,1923 1975,1924 2032,1925 2088,1925 2145,1925 2201,1926 2258,1926 2314,1926 2371,1926 2427,1927 2484,1927 2540,1927 2597,1927 2653,1928 2710,1928"/>
                <TextEquiv>
                    <Unicode>tet, sieht sie der Fürst zum zweiten Male. Beatrice weist die</Unicode>
                </TextEquiv>
            </TextLine>
            <TextLine id="r1l20" custom="readingOrder {index:19;}">
                <Coords points="388,1931 1555,1932 1555,1891 389,1881"/>
                <Baseline points="402,1919 458,1920 515,1921 572,1922 629,1923 686,1924 743,1925 800,1926 857,1927 914,1928 971,1929 1027,1930 1084,1930 1141,1931 1198,1931 1255,1931 1312,1931 1369,1931 1426,1931 1483,1930 1540,1930"/>
                <TextEquiv>
                    <Unicode>vom zweiten Akte ab den Dichter mehrsach vor die Gardine</Unicode>
                </TextEquiv>
            </TextLine>
            <TextLine id="r1l21" custom="readingOrder {index:20;}">
                <Coords points="1564,1960 2725,1967 2708,1928 1565,1928"/>
                <Baseline points="1580,1953 1636,1954 1693,1955 1749,1956 1806,1957 1862,1958 1919,1959 1975,1961 2032,1962 2088,1963 2145,1964 2201,1965 2258,1966 2314,1967 2371,1967 2427,1967 2484,1968 2540,1967 2597,1967 2653,1966 2710,1965"/>
                <TextEquiv>
                    <Unicode>Liebeswerbung Bentivoglios nicht zurück, aber nun als an¬</Unicode>
                </TextEquiv>
            </TextLine>
            <TextLine id="r1l22" custom="readingOrder {index:21;}">
                <Coords points="373,1977 1548,2001 1534,1936 373,1918"/>
                <Baseline points="388,1969 445,1970 502,1972 559,1973 616,1974 674,1975 731,1976 788,1977 845,1977 902,1978 960,1978 1017,1979 1074,1979 1131,1979 1188,1979 1246,1979 1303,1980 1360,1980 1417,1979 1474,1979 1532,1979"/>
                <TextEquiv>
                    <Unicode>rief, machte sich auch enige Opposition bemerklich. Man darf</Unicode>
                </TextEquiv>
            </TextLine>
            <TextLine id="r1l23" custom="readingOrder {index:22;}">
                <Coords points="1571,2006 2731,2018 2732,1959 1571,1962"/>
                <Baseline points="1586,1994 1642,1994 1699,1995 1755,1996 1812,1997 1868,1998 1925,1999 1981,2000 2038,2001 2094,2002 2151,2003 2207,2004 2264,2005 2320,2006 2377,2006 2433,2007 2490,2007 2546,2007 2603,2006 2659,2006 2716,2005"/>
                <TextEquiv>
                    <Unicode>getraute Herzogin, nicht als Dirne will sie die letzte Nacht</Unicode>
                </TextEquiv>
            </TextLine>
            <TextLine id="r1l24" custom="readingOrder {index:23;}">
                <Coords points="379,2027 1546,2035 1546,1991 1359,1980 379,1983"/>
                <Baseline points="394,2019 450,2020 507,2020 564,2021 621,2022 678,2023 735,2024 792,2024 849,2025 906,2026 963,2027 1019,2027 1076,2028 1133,2028 1190,2029 1247,2029 1304,2029 1361,2029 1418,2029 1475,2028 1532,2027"/>
                <TextEquiv>
                    <Unicode>in diesem Falle indes behaupten, daß der litterarische Wert</Unicode>
                </TextEquiv>
            </TextLine>
            <TextLine id="r1l25" custom="readingOrder {index:24;}">
                <Coords points="1558,2041 2728,2035 2679,2005 1559,2011"/>
                <Baseline points="1572,2034 1629,2034 1686,2034 1743,2034 1800,2035 1857,2036 1914,2037 1971,2038 2028,2039 2085,2041 2142,2042 2199,2043 2256,2045 2313,2045 2370,2046 2427,2046 2484,2046 2541,2046 2598,2045 2655,2044 2712,2043"/>
                <TextEquiv>
                    <Unicode>mit ihm im Schlosse verbringen. Der Herzog nimmt sie wirk¬</Unicode>
                </TextEquiv>
            </TextLine>
            <TextLine id="r1l26" custom="readingOrder {index:25;}">
                <Coords points="385,2075 1557,2091 1541,2030 386,2025"/>
                <Baseline points="401,2069 458,2069 515,2069 572,2070 629,2071 686,2071 743,2073 800,2074 857,2075 914,2076 971,2077 1028,2078 1085,2079 1142,2079 1199,2080 1256,2080 1313,2080 1370,2080 1427,2080 1484,2079 1542,2078"/>
                <TextEquiv>
                    <Unicode>des Dramas, der ernstlich kaum in Zweifel gezogen werden</Unicode>
                </TextEquiv>
            </TextLine>
            <TextLine id="r1l27" custom="readingOrder {index:26;}">
                <Coords points="1548,2081 2735,2096 2706,2038 1548,2034"/>
                <Baseline points="1564,2073 1621,2073 1679,2073 1737,2073 1795,2074 1853,2074 1910,2075 1968,2076 2026,2077 2084,2078 2142,2079 2199,2080 2257,2081 2315,2082 2373,2082 2431,2083 2488,2083 2546,2083 2604,2082 2662,2082 2720,2080"/>
                <TextEquiv>
                    <Unicode>lich zum Weib und läßt den Kardinal rufen, der arme Vit¬</Unicode>
                </TextEquiv>
            </TextLine>
            <TextLine id="r1l28" custom="readingOrder {index:27;}">
                <Coords points="1556,2113 2725,2130 2725,2092 2667,2086 1556,2075"/>
                <Baseline points="1570,2110 1627,2110 1684,2110 1741,2111 1798,2111 1855,2112 1912,2113 1969,2114 2026,2116 2083,2117 2140,2118 2197,2119 2254,2120 2311,2121 2368,2121 2425,2122 2482,2122 2539,2122 2596,2121 2653,2120 2711,2118"/>
                <TextEquiv>
                    <Unicode>torino aber ersticht sich aus Gram. Nach der Hochzeit, mit¬</Unicode>
                </TextEquiv>
            </TextLine>
            <TextLine id="r1l29" custom="readingOrder {index:28;}">
                <Coords points="372,2132 1545,2134 1545,2087 373,2071"/>
                <Baseline points="388,2115 445,2117 502,2118 559,2118 616,2119 673,2120 730,2121 787,2122 844,2122 901,2123 959,2124 1016,2124 1073,2124 1130,2125 1187,2125 1244,2125 1301,2125 1358,2126 1415,2126 1472,2126 1530,2126"/>
                <TextEquiv>
                    <Unicode>kann, unberührt von der Gunst des Tages bestehen bleiben</Unicode>
                </TextEquiv>
            </TextLine>
            <TextLine id="r1l30" custom="readingOrder {index:29;}">
                <Coords points="1561,2161 2593,2175 2721,2171 2722,2127 1561,2114"/>
                <Baseline points="1574,2150 1630,2150 1687,2150 1744,2151 1800,2151 1857,2151 1914,2152 1970,2153 2027,2154 2084,2154 2141,2156 2197,2156 2254,2157 2311,2158 2367,2159 2424,2159 2481,2160 2537,2160 2594,2160 2651,2160 2708,2159"/>
                <TextEquiv>
                    <Unicode>ten aus der lärmenden Festespracht, eilt Beatrice, von ma¬</Unicode>
                </TextEquiv>
            </TextLine>
            <TextLine id="r1l31" custom="readingOrder {index:30;}">
                <Coords points="371,2180 403,2187 427,2181 444,2190 467,2191 494,2173 509,2174 509,2136 489,2138 477,2126 457,2135 445,2123 436,2129 404,2114 398,2119 372,2116"/>
                <Baseline points="387,2163 414,2162 441,2163 468,2164 495,2163"/>
                <TextEquiv>
                    <Unicode>wird.</Unicode>
                </TextEquiv>
            </TextLine>
            <TextLine id="r1l32" custom="readingOrder {index:31;}">
                <Coords points="1558,2202 2730,2224 2731,2171 2620,2155 1559,2156"/>
                <Baseline points="1574,2190 1631,2189 1688,2189 1745,2188 1802,2188 1859,2189 1916,2189 1973,2190 2030,2191 2087,2192 2145,2194 2202,2195 2259,2196 2316,2198 2373,2199 2430,2199 2487,2200 2544,2200 2601,2200 2658,2200 2716,2199"/>
                <TextEquiv>
                    <Unicode>gischer Sehnsucht getrieben, in Loschis Haus. Filippo denkt</Unicode>
                </TextEquiv>
            </TextLine>
            <TextLine id="r1l33" custom="readingOrder {index:32;}">
                <Coords points="453,2236 1556,2233 1556,2198 1422,2164 536,2155 454,2186"/>
                <Baseline points="468,2210 521,2212 575,2215 629,2216 682,2218 736,2220 790,2221 843,2222 897,2223 951,2224 1005,2224 1058,2225 1112,2225 1166,2225 1219,2225 1273,2225 1327,2224 1380,2224 1434,2224 1488,2223 1542,2222"/>
                <TextEquiv>
                    <Unicode>Wie Macterlincks „Monna Vanna“ ist auch „Der Schleier</Unicode>
                </TextEquiv>
            </TextLine>
            <TextLine id="r1l34" custom="readingOrder {index:33;}">
                <Coords points="1566,2229 2718,2248 2718,2201 1566,2197"/>
                <Baseline points="1580,2228 1636,2227 1692,2227 1748,2227 1804,2227 1860,2227 1916,2228 1972,2229 2028,2229 2084,2231 2141,2232 2197,2233 2253,2234 2309,2235 2365,2236 2421,2237 2477,2238 2533,2238 2589,2239 2645,2239 2702,2239"/>
                <TextEquiv>
                    <Unicode>noch einmal an Flucht. Beatrice aber erklärt:„Wir wollen</Unicode>
                </TextEquiv>
            </TextLine>
            <TextLine id="r1l35" custom="readingOrder {index:34;}">
                <Coords points="373,2251 1545,2267 1493,2225 373,2204"/>
                <Baseline points="387,2250 444,2252 501,2253 558,2254 615,2255 673,2257 730,2258 787,2259 844,2261 901,2262 959,2263 1016,2264 1073,2265 1130,2265 1187,2266 1245,2266 1302,2266 1359,2266 1416,2265 1473,2264 1531,2263"/>
                <TextEquiv>
                    <Unicode>der Beatrice“ ein Renaissancedrama, der Schauplatz der Hand¬</Unicode>
                </TextEquiv>
            </TextLine>
            <TextLine id="r1l36" custom="readingOrder {index:35;}">
                <Coords points="1566,2271 2718,2284 2718,2246 2563,2230 1566,2228"/>
                <Baseline points="1580,2264 1636,2265 1692,2265 1748,2266 1804,2267 1861,2268 1917,2268 1973,2269 2029,2269 2085,2270 2142,2270 2198,2271 2254,2272 2310,2272 2366,2273 2423,2273 2479,2274 2535,2275 2591,2275 2647,2276 2704,2277"/>
                <TextEquiv>
                    <Unicode>sterben, darum kam ich her". Als im entscheidenden Augen¬</Unicode>
                </TextEquiv>
            </TextLine>
            <TextLine id="r1l37" custom="readingOrder {index:36;}">
                <Coords points="370,2291 1554,2315 1513,2265 370,2250"/>
                <Baseline points="385,2293 442,2294 500,2294 557,2295 615,2296 673,2298 730,2299 788,2300 846,2301 903,2302 961,2303 1019,2304 1076,2305 1134,2305 1192,2306 1249,2306 1307,2305 1365,2305 1422,2304 1480,2303 1538,2301"/>
                <TextEquiv>
                    <Unicode>lung das Italien des Cinquecento. Wie dort Pisa, wird</Unicode>
                </TextEquiv>
            </TextLine>
            <TextLine id="r1l38" custom="readingOrder {index:37;}">
                <Coords points="1557,2310 1598,2314 1622,2308 1633,2315 1651,2303 1657,2309 1677,2306 1678,2271 1634,2268 1625,2273 1602,2267 1575,2273 1558,2269"/>
                <Baseline points="1573,2304 1602,2302 1632,2303 1662,2305"/>
                <TextEquiv>
                    <Unicode>blick</Unicode>
                </TextEquiv>
            </TextLine>
            <TextLine id="r1l39" custom="readingOrder {index:38;}">
                <Coords points="1682,2308 1714,2320 1808,2304 1904,2317 1940,2303 2018,2322 2042,2311 2097,2329 2124,2321 2124,2274 2037,2281 2016,2263 1987,2283 1850,2270 1808,2284 1727,2265 1683,2282"/>
                <Baseline points="1698,2303 1723,2303 1749,2304 1775,2304 1801,2304 1826,2305 1852,2305 1878,2306 1904,2306 1929,2306 1955,2307 1981,2307 2007,2308 2032,2308 2058,2309 2084,2309 2110,2309"/>
                <TextEquiv>
                    <Unicode>dann der Drang</Unicode>
                </TextEquiv>
            </TextLine>
            <TextLine id="r1l40" custom="readingOrder {index:39;}">
                <Coords points="2153,2311 2180,2311 2192,2322 2229,2318 2235,2324 2241,2318 2288,2317 2287,2281 2267,2282 2257,2273 2225,2271 2208,2284 2179,2281 2170,2290 2153,2291"/>
                <Baseline points="2168,2312 2194,2311 2220,2310 2246,2309 2272,2310"/>
                <TextEquiv>
                    <Unicode>zum</Unicode>
                </TextEquiv>
            </TextLine>
            <TextLine id="r1l41" custom="readingOrder {index:40;}">
                <Coords points="2316,2312 2339,2312 2354,2322 2365,2316 2412,2317 2432,2324 2444,2318 2462,2322 2463,2284 2437,2280 2428,2286 2393,2285 2381,2278 2366,2287 2352,2272 2317,2280"/>
                <Baseline points="2329,2312 2358,2311 2387,2312 2416,2313 2446,2315"/>
                <TextEquiv>
                    <Unicode>Leben</Unicode>
                </TextEquiv>
            </TextLine>
            <TextLine id="r1l42" custom="readingOrder {index:41;}">
                <Coords points="2618,2312 2635,2312 2645,2320 2659,2320 2668,2328 2683,2324 2703,2324 2702,2286 2687,2286 2672,2278 2646,2282 2640,2288 2631,2283 2617,2283"/>
                <Baseline points="2633,2315 2661,2313 2689,2313"/>
                <TextEquiv>
                    <Unicode>ihr</Unicode>
                </TextEquiv>
            </TextLine>
            <TextLine id="r1l43" custom="readingOrder {index:42;}">
                <Coords points="381,2352 1518,2351 1545,2301 381,2287"/>
                <Baseline points="396,2331 452,2332 509,2333 566,2334 622,2335 679,2336 736,2337 792,2339 849,2340 906,2341 963,2342 1019,2343 1076,2343 1133,2344 1189,2344 1246,2344 1303,2343 1359,2343 1416,2341 1473,2340 1530,2337"/>
                <TextEquiv>
                    <Unicode>hier Bologna von einem übermächtigen Feinde bedroht. Ueber</Unicode>
                </TextEquiv>
            </TextLine>
            <TextLine id="r1l44" custom="readingOrder {index:43;}">
                <Coords points="1562,2352 2720,2371 2721,2315 2586,2304 1563,2309"/>
                <Baseline points="1577,2342 1633,2342 1689,2342 1746,2342 1802,2342 1858,2343 1915,2344 1971,2345 2027,2346 2084,2347 2140,2348 2196,2349 2253,2350 2309,2352 2365,2353 2422,2354 2478,2355 2534,2355 2591,2356 2647,2356 2704,2356"/>
                <TextEquiv>
                    <Unicode>mächtig auflodert, ninmt der Dichter verächtlich allein das Gist.</Unicode>
                </TextEquiv>
            </TextLine>
            <TextLine id="r1l45" custom="readingOrder {index:44;}">
                <Coords points="375,2371 1556,2397 1533,2324 1021,2355 375,2333"/>
                <Baseline points="388,2371 445,2371 503,2372 560,2372 618,2373 676,2374 733,2375 791,2376 848,2377 906,2378 964,2378 1021,2379 1079,2379 1136,2380 1194,2380 1252,2380 1309,2379 1367,2379 1424,2378 1482,2377 1540,2376"/>
                <TextEquiv>
                    <Unicode>allen Dächern schwebt der Tod. Die Stadt ist vom Heere</Unicode>
                </TextEquiv>
            </TextLine>
            <TextLine id="r1l46" custom="readingOrder {index:45;}">
                <Coords points="1563,2383 2724,2404 2724,2369 2614,2350 1564,2347"/>
                <Baseline points="1577,2378 1633,2378 1690,2379 1746,2380 1803,2380 1860,2381 1916,2382 1973,2383 2030,2384 2086,2385 2143,2386 2200,2387 2256,2388 2313,2389 2370,2390 2426,2391 2483,2392 2540,2393 2596,2394 2653,2394 2710,2395"/>
                <TextEquiv>
                    <Unicode>Entsetzt flieht Beatrice von der gräusigen Stätte des Todes</Unicode>
                </TextEquiv>
            </TextLine>
            <TextLine id="r1l47" custom="readingOrder {index:46;}">
                <Coords points="374,2405 1444,2423 1444,2393 1313,2374 374,2373"/>
                <Baseline points="389,2409 443,2409 498,2410 553,2410 607,2411 662,2412 717,2413 771,2414 826,2415 881,2416 935,2417 990,2418 1045,2418 1099,2419 1154,2419 1209,2419 1263,2419 1318,2419 1373,2418 1428,2417"/>
                <TextEquiv>
                    <Unicode>des grausamen Cesare Borgia eingeschlossen, und nur</Unicode>
                </TextEquiv>
            </TextLine>
            <TextLine id="r1l48" custom="readingOrder {index:47;}">
                <Coords points="1554,2432 2724,2448 2724,2404 2596,2393 1555,2376"/>
                <Baseline points="1568,2417 1625,2418 1682,2418 1739,2419 1796,2420 1853,2421 1910,2422 1967,2423 2024,2424 2081,2424 2139,2426 2196,2427 2253,2428 2310,2429 2367,2430 2424,2431 2481,2431 2538,2432 2595,2433 2652,2434 2710,2434"/>
                <TextEquiv>
                    <Unicode>ins Leben zurück. Ein kostbarer Schleier, den ihr der Herzog</Unicode>
                </TextEquiv>
            </TextLine>
            <TextLine id="r1l49" custom="readingOrder {index:48;}">
                <Coords points="382,2455 1536,2467 1537,2409 382,2405"/>
                <Baseline points="395,2452 451,2451 507,2451 563,2451 620,2451 676,2451 732,2452 789,2452 845,2453 901,2454 958,2455 1014,2455 1070,2456 1126,2457 1183,2457 1239,2457 1295,2457 1352,2456 1408,2455 1464,2454 1521,2452"/>
                <TextEquiv>
                    <Unicode>Nacht, so scheint es, trennt sie vom sicheren Untergange. Aus</Unicode>
                </TextEquiv>
            </TextLine>
            <TextLine id="r1l50" custom="readingOrder {index:49;}">
                <Coords points="1552,2465 2692,2484 2725,2432 1552,2424"/>
                <Baseline points="1566,2459 1623,2459 1680,2459 1737,2459 1794,2460 1851,2460 1908,2461 1966,2462 2023,2463 2080,2463 2137,2465 2194,2466 2251,2467 2308,2467 2366,2469 2423,2469 2480,2470 2537,2471 2594,2471 2651,2471 2709,2472"/>
                <TextEquiv>
                    <Unicode>geschenkt und den sie in der Verwirrung in Filippos Gemach</Unicode>
                </TextEquiv>
            </TextLine>
            <TextLine id="r1l51" custom="readingOrder {index:50;}">
                <Coords points="376,2503 1552,2511 1552,2444 377,2456"/>
                <Baseline points="390,2487 447,2487 504,2488 561,2488 619,2489 676,2490 733,2491 791,2491 848,2492 905,2493 963,2494 1020,2495 1077,2495 1134,2496 1192,2496 1249,2496 1306,2495 1364,2495 1421,2494 1478,2493 1536,2491"/>
                <TextEquiv>
                    <Unicode>der Fülle der Gesichte, die Schnitzlers Szene bunt beleben,</Unicode>
                </TextEquiv>
            </TextLine>
            <TextLine id="r1l52" custom="readingOrder {index:51;}">
                <Coords points="1551,2510 2726,2531 2726,2482 2560,2462 1551,2457"/>
                <Baseline points="1564,2498 1621,2498 1678,2498 1736,2498 1793,2498 1851,2499 1908,2499 1965,2500 2023,2501 2080,2501 2138,2502 2195,2503 2252,2504 2310,2505 2367,2506 2425,2507 2482,2508 2539,2509 2597,2511 2654,2511 2712,2513"/>
                <TextEquiv>
                    <Unicode>zurückgelassen, wird ihr zum Verräter. Als sie sich hartnäckig</Unicode>
                </TextEquiv>
            </TextLine>
            <TextLine id="r1l53" custom="readingOrder {index:52;}">
                <Coords points="370,2516 1549,2544 1549,2512 1365,2490 371,2487"/>
                <Baseline points="385,2529 442,2529 500,2529 557,2529 615,2529 672,2529 730,2529 787,2530 845,2530 902,2531 960,2531 1017,2531 1075,2532 1132,2532 1190,2532 1247,2533 1305,2533 1362,2532 1420,2532 1477,2532 1535,2531"/>
                <TextEquiv>
                    <Unicode>heben sich die drei Hauptgestalten des Schauspiels, der Her¬</Unicode>
                </TextEquiv>
            </TextLine>
            <TextLine id="r1l54" custom="readingOrder {index:53;}">
                <Coords points="1554,2539 2528,2563 2716,2516 1555,2507"/>
                <Baseline points="1568,2534 1624,2534 1681,2535 1737,2535 1794,2536 1851,2536 1907,2537 1964,2538 2020,2539 2077,2540 2134,2541 2190,2542 2247,2543 2303,2544 2360,2545 2417,2546 2473,2547 2530,2548 2586,2548 2643,2549 2700,2550"/>
                <TextEquiv>
                    <Unicode>weigert, gemeinsam mit Bentiwoglio den Schleier zu holen</Unicode>
                </TextEquiv>
            </TextLine>
            <TextLine id="r1l55" custom="readingOrder {index:54;}">
                <Coords points="372,2569 1547,2583 1547,2545 1433,2533 372,2516"/>
                <Baseline points="385,2568 442,2568 499,2568 557,2568 614,2568 672,2568 729,2568 786,2568 844,2569 901,2569 959,2570 1016,2570 1073,2571 1131,2571 1188,2571 1246,2572 1303,2572 1360,2572 1418,2572 1475,2571 1533,2571"/>
                <TextEquiv>
                    <Unicode>zog Lionardo Bentivoglio von Bologna, der Dichter Filippo</Unicode>
                </TextEquiv>
            </TextLine>
            <TextLine id="r1l56" custom="readingOrder {index:55;}">
                <Coords points="1554,2569 2712,2596 2692,2535 1555,2540"/>
                <Baseline points="1568,2574 1624,2574 1681,2575 1737,2575 1794,2575 1850,2576 1907,2576 1963,2577 2020,2577 2076,2578 2133,2579 2189,2580 2246,2580 2302,2581 2359,2582 2415,2582 2472,2583 2528,2583 2585,2584 2641,2585 2698,2585"/>
                <TextEquiv>
                    <Unicode>soll sie den Tod durchs Schwert finden. Beatrice aber will</Unicode>
                </TextEquiv>
            </TextLine>
            <TextLine id="r1l57" custom="readingOrder {index:56;}">
                <Coords points="381,2606 1524,2624 1548,2575 381,2568"/>
                <Baseline points="396,2606 452,2606 509,2607 566,2607 623,2607 680,2607 737,2608 793,2608 850,2608 907,2608 964,2608 1021,2608 1078,2609 1135,2609 1191,2609 1248,2609 1305,2609 1362,2609 1419,2609 1476,2610 1533,2610"/>
                <TextEquiv>
                    <Unicode>Loschi und Beatrice, des alten Wappenschneiders Nardi jüngste</Unicode>
                </TextEquiv>
            </TextLine>
            <TextLine id="r1l58" custom="readingOrder {index:57;}">
                <Coords points="1547,2618 2725,2624 2725,2592 2661,2588 1547,2568"/>
                <Baseline points="1561,2612 1618,2613 1675,2613 1733,2613 1790,2614 1848,2615 1905,2615 1963,2616 2020,2617 2078,2618 2135,2619 2192,2619 2250,2620 2307,2621 2365,2621 2422,2622 2480,2622 2537,2622 2595,2622 2652,2622 2710,2621"/>
                <TextEquiv>
                    <Unicode>leben und so führt sie den Gemahl schaudernd in Lospis Ge¬</Unicode>
                </TextEquiv>
            </TextLine>
            <TextLine id="r1l59" custom="readingOrder {index:58;}">
                <Coords points="381,2650 1542,2659 1542,2613 1475,2601 381,2606"/>
                <Baseline points="396,2646 452,2646 509,2646 565,2645 622,2645 679,2645 735,2646 792,2646 848,2646 905,2647 962,2647 1018,2647 1075,2648 1131,2648 1188,2648 1245,2648 1301,2648 1358,2648 1414,2648 1471,2648 1528,2647"/>
                <TextEquiv>
                    <Unicode>Tochter, in markanter, fast realistischer Schärfe heraus. Beide</Unicode>
                </TextEquiv>
            </TextLine>
            <TextLine id="r1l60" custom="readingOrder {index:59;}">
                <Coords points="1548,2658 2727,2663 2727,2622 1549,2620"/>
                <Baseline points="1562,2651 1619,2651 1676,2652 1734,2652 1791,2653 1849,2654 1906,2655 1964,2655 2021,2656 2079,2657 2136,2658 2193,2659 2251,2660 2308,2660 2366,2661 2423,2661 2481,2662 2538,2662 2596,2662 2653,2662 2711,2662"/>
                <TextEquiv>
                    <Unicode>mach. Der Herzog will den Morgen hier erwarten, hier die</Unicode>
                </TextEquiv>
            </TextLine>
            <TextLine id="r1l61" custom="readingOrder {index:60;}">
                <Coords points="375,2702 1536,2696 1536,2658 1472,2652 375,2650"/>
                <Baseline points="391,2683 447,2684 504,2685 560,2685 617,2685 673,2686 730,2686 786,2686 843,2686 899,2687 956,2687 1012,2687 1069,2687 1125,2687 1182,2687 1238,2687 1295,2686 1351,2686 1408,2686 1464,2686 1521,2686"/>
                <TextEquiv>
                    <Unicode>Männer fühlen sich in heißer, unwiderstehlicher Liebe zu der</Unicode>
                </TextEquiv>
            </TextLine>
            <TextLine id="r1l62" custom="readingOrder {index:61;}">
                <Coords points="1541,2707 2720,2702 2720,2666 2639,2659 1542,2652"/>
                <Baseline points="1556,2687 1613,2687 1671,2688 1728,2689 1786,2690 1843,2691 1901,2692 1958,2693 2016,2695 2073,2696 2131,2697 2188,2698 2246,2699 2303,2700 2361,2701 2418,2701 2476,2702 2533,2702 2591,2701 2648,2701 2706,2700"/>
                <TextEquiv>
                    <Unicode>wunderbare Hochzeit enden. Er zieht die widerstrebende Gattin</Unicode>
                </TextEquiv>
            </TextLine>
            <TextLine id="r1l63" custom="readingOrder {index:62;}">
                <Coords points="378,2724 1252,2742 1518,2732 1536,2697 378,2701"/>
                <Baseline points="392,2724 448,2723 505,2723 561,2722 618,2723 674,2723 731,2724 787,2724 844,2725 900,2726 957,2727 1013,2728 1070,2729 1126,2729 1183,2730 1239,2730 1296,2729 1352,2729 1409,2728 1465,2726 1522,2724"/>
                <TextEquiv>
                    <Unicode>zechzehnjährigen Heldin hingezogen, der schönsten der Bo¬</Unicode>
                </TextEquiv>
            </TextLine>
            <TextLine id="r1l64" custom="readingOrder {index:63;}">
                <Coords points="1536,2747 2726,2754 2726,2710 2577,2699 1536,2688"/>
                <Baseline points="1550,2729 1608,2728 1666,2728 1724,2728 1782,2728 1840,2729 1898,2730 1956,2732 2014,2733 2072,2734 2130,2736 2188,2737 2246,2739 2304,2740 2362,2741 2420,2742 2478,2742 2536,2742 2594,2742 2652,2741 2710,2740"/>
                <TextEquiv>
                    <Unicode>zum bräutlichen Lager nach dem Alkoven und entdeckt hier</Unicode>
                </TextEquiv>
            </TextLine>
            <TextLine id="r1l65" custom="readingOrder {index:64;}">
                <Coords points="375,2765 1533,2769 1510,2728 376,2724"/>
                <Baseline points="389,2763 445,2762 502,2761 558,2761 615,2761 671,2761 728,2761 784,2762 841,2763 897,2763 954,2764 1010,2765 1067,2766 1123,2766 1180,2767 1236,2767 1293,2767 1349,2767 1406,2766 1462,2765 1519,2764"/>
                <TextEquiv>
                    <Unicode>logneser Mädchen. Um ihretwillen hat Filippo die stolze Te¬</Unicode>
                </TextEquiv>
            </TextLine>
            <TextLine id="r1l66" custom="readingOrder {index:65;}">
                <Coords points="1544,2763 2713,2800 2714,2742 1545,2731"/>
                <Baseline points="1559,2766 1618,2765 1678,2765 1738,2766 1798,2767 1858,2768 1918,2769 1978,2770 2038,2772 2098,2774 2158,2775 2218,2777 2278,2778 2338,2779 2398,2780 2458,2781 2518,2781 2578,2780 2638,2779 2698,2778"/>
                <TextEquiv>
                    <Unicode>beim matten Schein der Morgendännnerung den leblosen Kör¬</Unicode>
                </TextEquiv>
            </TextLine>
            <TextLine id="r1l67" custom="readingOrder {index:66;}">
                <Coords points="372,2812 1536,2817 1521,2767 372,2765"/>
                <Baseline points="388,2803 444,2802 501,2801 557,2801 614,2800 671,2801 727,2801 784,2801 840,2802 897,2803 954,2803 1010,2804 1067,2805 1123,2805 1180,2806 1237,2806 1293,2806 1350,2806 1406,2805 1463,2804 1520,2803"/>
                <TextEquiv>
                    <Unicode>resina, seine Braut, des edelsten Freundes Schwester ver¬</Unicode>
                </TextEquiv>
            </TextLine>
            <TextLine id="r1l68" custom="readingOrder {index:67;}">
                <Coords points="1540,2818 1827,2793 2707,2824 2707,2783 2602,2778 1541,2769"/>
                <Baseline points="1556,2805 1612,2805 1669,2805 1726,2805 1783,2806 1840,2806 1897,2807 1953,2808 2010,2809 2067,2810 2124,2812 2181,2813 2238,2814 2295,2815 2351,2816 2408,2817 2465,2817 2522,2818 2579,2818 2636,2818 2693,2817"/>
                <TextEquiv>
                    <Unicode>per Filippos. Als Rächer der verlorenen Familienehre er¬</Unicode>
                </TextEquiv>
            </TextLine>
            <TextLine id="r1l69" custom="readingOrder {index:68;}">
                <Coords points="367,2842 1534,2857 1534,2802 367,2810"/>
                <Baseline points="382,2841 438,2841 495,2841 552,2841 609,2841 666,2841 722,2841 779,2841 836,2841 893,2842 950,2842 1006,2842 1063,2842 1120,2842 1177,2842 1234,2842 1290,2842 1347,2841 1404,2841 1461,2841 1518,2840"/>
                <TextEquiv>
                    <Unicode>lassen. Mit ihr will er noch vor dem dämmernden Morgen</Unicode>
                </TextEquiv>
            </TextLine>
            <TextLine id="r1l70" custom="readingOrder {index:69;}">
                <Coords points="1554,2852 2706,2868 2706,2821 1554,2808"/>
                <Baseline points="1569,2844 1625,2844 1681,2844 1737,2844 1793,2844 1849,2845 1905,2846 1961,2847 2017,2848 2073,2849 2130,2850 2186,2851 2242,2852 2298,2853 2354,2854 2410,2855 2466,2855 2522,2856 2578,2856 2634,2856 2691,2856"/>
                <TextEquiv>
                    <Unicode>scheint der junge Francesco Er stößt der Schwester den Dolch</Unicode>
                </TextEquiv>
            </TextLine>
            <TextLine id="r1l71" custom="readingOrder {index:70;}">
                <Coords points="369,2873 1542,2886 1542,2848 1492,2845 369,2840"/>
                <Baseline points="383,2879 440,2879 497,2878 554,2878 611,2878 668,2879 725,2879 783,2879 840,2879 897,2880 954,2880 1011,2880 1068,2881 1125,2881 1183,2881 1240,2882 1297,2882 1354,2882 1411,2882 1468,2881 1526,2881"/>
                <TextEquiv>
                    <Unicode>den Mauern der gefährdeten Stadt entfliehen. Da erzählt</Unicode>
                </TextEquiv>
            </TextLine>
            <TextLine id="r1l72" custom="readingOrder {index:71;}">
                <Coords points="1537,2874 2653,2919 2703,2914 2704,2861 1537,2847"/>
                <Baseline points="1550,2881 1607,2881 1664,2882 1721,2882 1778,2883 1835,2883 1892,2884 1949,2885 2006,2886 2063,2887 2120,2888 2177,2889 2234,2890 2291,2891 2348,2892 2405,2893 2462,2894 2519,2894 2576,2895 2633,2895 2690,2895"/>
                <TextEquiv>
                    <Unicode> ins Herz, während von allen Türmen Belognas die Glocken</Unicode>
                </TextEquiv>
            </TextLine>
            <TextLine id="r1l73" custom="readingOrder {index:72;}">
                <Coords points="370,2925 1531,2930 1531,2883 1300,2871 370,2881"/>
                <Baseline points="385,2918 441,2918 498,2918 554,2917 611,2917 668,2917 724,2917 781,2917 837,2917 894,2917 951,2917 1007,2917 1064,2917 1120,2917 1177,2917 1234,2918 1290,2918 1347,2919 1403,2920 1460,2921 1517,2922"/>
                <TextEquiv>
                    <Unicode>Beatrice dem Geliebten in kindlicher Herzenseinfalt von einer</Unicode>
                </TextEquiv>
            </TextLine>
            <TextLine id="r1l74" custom="readingOrder {index:73;}">
                <Coords points="1541,2929 1582,2941 1644,2921 1731,2936 1758,2925 1842,2937 1913,2929 1913,2891 1784,2896 1744,2872 1662,2895 1632,2880 1603,2891 1542,2882"/>
                <Baseline points="1557,2922 1583,2921 1609,2920 1635,2920 1662,2920 1688,2920 1714,2921 1741,2921 1767,2922 1793,2922 1820,2923 1846,2923 1872,2923 1899,2922"/>
                <TextEquiv>
                    <Unicode>zum Kampf rufen.</Unicode>
                </TextEquiv>
            </TextLine>
            <TextLine id="r1l75" custom="readingOrder {index:74;}">
                <Coords points="364,2962 1393,2976 1533,2964 1534,2923 364,2913"/>
                <Baseline points="379,2957 436,2957 493,2957 550,2956 607,2956 664,2956 721,2956 778,2957 835,2957 892,2957 949,2957 1006,2957 1063,2958 1120,2958 1177,2958 1234,2958 1291,2958 1348,2958 1405,2958 1462,2957 1520,2957"/>
                <TextEquiv>
                    <Unicode>Begegnung mit dem Herzog und von einem wunderlichen</Unicode>
                </TextEquiv>
            </TextLine>
            <TextLine id="r1l76" custom="readingOrder {index:75;}">
                <Coords points="1618,2956 2664,2986 2697,2934 1618,2923"/>
                <Baseline points="1633,2958 1685,2958 1738,2959 1790,2959 1843,2960 1895,2961 1948,2963 2000,2964 2053,2965 2105,2966 2158,2967 2210,2969 2263,2970 2315,2971 2368,2971 2420,2972 2473,2973 2525,2973 2578,2973 2630,2973 2683,2973"/>
                <TextEquiv>
                    <Unicode>Man kennt aus der dramatischen Literatur unserer Tage</Unicode>
                </TextEquiv>
            </TextLine>
            <TextLine id="r1l77" custom="readingOrder {index:76;}">
                <Coords points="364,2998 1533,3004 1533,2963 1279,2953 364,2963"/>
                <Baseline points="379,2996 436,2996 493,2995 550,2995 607,2994 664,2994 721,2994 778,2995 835,2995 892,2995 949,2996 1006,2996 1063,2996 1120,2997 1177,2997 1234,2997 1291,2997 1348,2997 1405,2997 1462,2997 1519,2997"/>
                <TextEquiv>
                    <Unicode>Traum. Sie war, so träumte sie, Herzogin und sie spürte</Unicode>
                </TextEquiv>
            </TextLine>
            <TextLine id="r1l78" custom="readingOrder {index:77;}">
                <Coords points="1541,3005 2495,3003 2713,3036 2706,2977 1542,2955"/>
                <Baseline points="1557,2994 1614,2996 1671,2997 1728,2998 1785,2999 1842,3000 1899,3001 1957,3002 2014,3004 2071,3005 2128,3006 2185,3007 2242,3007 2299,3008 2357,3009 2414,3010 2471,3011 2528,3011 2585,3012 2642,3012 2700,3013"/>
                <TextEquiv>
                    <Unicode>nicht viele Werke, die in poctischer Bedeutung an Schnitzlers</Unicode>
                </TextEquiv>
            </TextLine>
            <TextLine id="r1l79" custom="readingOrder {index:78;}">
                <Coords points="368,3051 1435,3054 1532,3048 1532,2990 368,3005"/>
                <Baseline points="383,3031 439,3031 496,3031 552,3031 609,3031 666,3031 722,3032 779,3033 836,3033 892,3034 949,3035 1006,3035 1062,3036 1119,3036 1176,3036 1232,3036 1289,3036 1346,3036 1402,3035 1459,3034 1516,3032"/>
                <TextEquiv>
                    <Unicode>des Herzogs Lippen nade den ihren bei zärtlichem Liebes¬</Unicode>
                </TextEquiv>
            </TextLine>
            <TextLine id="r1l80" custom="readingOrder {index:79;}">
                <Coords points="1547,3038 2689,3062 2708,3015 1547,3000"/>
                <Baseline points="1562,3032 1618,3033 1675,3034 1731,3035 1788,3036 1844,3037 1901,3038 1957,3040 2014,3041 2070,3043 2127,3044 2183,3045 2240,3047 2296,3048 2353,3049 2409,3049 2466,3050 2522,3050 2579,3050 2635,3050 2692,3049"/>
                <TextEquiv>
                    <Unicode>Schauspiel reichen. Im Entwickelungsgange des Wiener Dich¬</Unicode>
                </TextEquiv>
            </TextLine>
            <TextLine id="r1l81" custom="readingOrder {index:80;}">
                <Coords points="373,3072 1540,3085 1528,3029 373,3039"/>
                <Baseline points="388,3071 444,3071 501,3071 558,3071 615,3071 672,3071 728,3072 785,3072 842,3073 899,3073 956,3074 1012,3074 1069,3074 1126,3075 1183,3075 1240,3075 1296,3075 1353,3075 1410,3074 1467,3074 1524,3073"/>
                <TextEquiv>
                    <Unicode>spiel. Von diesem naiven Geständnis fühlt sich Filippos sen¬</Unicode>
                </TextEquiv>
            </TextLine>
            <TextLine id="r1l82" custom="readingOrder {index:81;}">
                <Coords points="1536,3080 2588,3106 2722,3096 2723,3044 1536,3034"/>
                <Baseline points="1551,3075 1608,3074 1666,3074 1724,3074 1782,3074 1840,3075 1898,3076 1955,3077 2013,3078 2071,3079 2129,3081 2187,3083 2245,3084 2303,3085 2360,3086 2418,3087 2476,3088 2534,3088 2592,3088 2650,3088 2708,3087"/>
                <TextEquiv>
                    <Unicode>ters stellt das teils in prunkvoller Verssprache, teils in schlich¬</Unicode>
                </TextEquiv>
            </TextLine>
            <TextLine id="r1l83" custom="readingOrder {index:82;}">
                <Coords points="369,3118 722,3111 868,3135 892,3114 1061,3115 1062,3077 369,3074"/>
                <Baseline points="383,3108 416,3108 449,3108 482,3109 515,3109 549,3109 582,3110 615,3110 648,3111 681,3111 715,3111 748,3112 781,3112 814,3112 847,3112 881,3112 914,3111 947,3111 980,3110 1013,3109 1047,3108"/>
                <TextEquiv>
                    <Unicode>sible Poetennatur abgestoßen. Er</Unicode>
                </TextEquiv>
            </TextLine>
            <TextLine id="r1l84" custom="readingOrder {index:83;}">
                <Coords points="1052,3112 1125,3132 1160,3106 1301,3131 1368,3113 1532,3121 1531,3078 1052,3083"/>
                <Baseline points="1066,3115 1091,3116 1116,3116 1141,3116 1166,3116 1191,3116 1216,3116 1241,3116 1266,3116 1292,3115 1317,3115 1342,3115 1367,3115 1392,3115 1417,3115 1442,3115 1467,3114 1492,3114 1518,3114"/>
                <TextEquiv>
                    <Unicode>sieht Beatricens Gestalt</Unicode>
                </TextEquiv>
            </TextLine>
            <TextLine id="r1l85" custom="readingOrder {index:84;}">
                <Coords points="1534,3116 2668,3141 2722,3095 1535,3081"/>
                <Baseline points="1548,3115 1609,3115 1670,3115 1731,3116 1792,3117 1853,3118 1914,3118 1975,3119 2036,3121 2097,3121 2158,3122 2219,3124 2280,3125 2341,3126 2402,3127 2463,3127 2524,3128 2585,3128 2646,3129 2707,3129"/>
                <TextEquiv>
                    <Unicode>ter Prosa geschriebene Stück jedenfalls einen bedeutsamen, hoff¬</Unicode>
                </TextEquiv>
            </TextLine>
            <TextLine id="r1l86" custom="readingOrder {index:85;}">
                <Coords points="356,3175 2669,3193 2725,3129 356,3114"/>
                <Baseline points="372,3149 488,3150 605,3151 722,3151 839,3152 956,3152 1073,3153 1190,3153 1307,3154 1424,3154 1541,3155 1657,3155 1774,3156 1891,3157 2008,3158 2125,3160 2242,3161 2359,3163 2476,3165 2593,3168 2710,3170"/>
                <TextEquiv>
                    <Unicode>beschmutzt var sich denn Trämne snd Beaierde ohne Mut, nungsweckenden Fortschritt, einen weiteren Aufstieg zu freieren</Unicode>
                </TextEquiv>
            </TextLine>
            <TextEquiv>
                <Unicode>box 20/4
14. Der Schleier der Beatrice
Kunst und Wissenschaft,#
Sind freche Wünsche, die das Licht des Tags zurückjagt in
die Winkel unsrer Seele, Daraus sie erst bei Nacht zu krie¬
E. B. Im Deutschen Theater kam gestern Arthur
chen wagen; Und solch ein Traum, mit ausgestreckten Armen,
Schnitzlers fünfaltiges Schauspicl „Der Schleier
Sehnsüchtig läßt er durstig Dich zurück.“ Schaudernd stößt
der Beatrice“ zur erstmaligen Darstellung. Der Erfolg
er die Geliebte von sich. Auf Francescos, ihres Bruders
Wunsch will sich Beatrice darauf dem wackeren Vittorino,
des Dramas, das durch seine pikante Bühnenvorgeschichte
einem einfachen Gewerbsmann, dessen Herz sie längst besitzt,
schon die Aufmerksamkeit der Theaterfreunde auf sich gezogen
vermählen. Aber jetzt wird ihr Traum Wirklichkeit. Da sie
hatte, war nicht unbestritten. Neben lebhaftem Beifall, der
an des Bräutigams Seite zur Hochzeit nach der Kirche schrei¬
tet, sieht sie der Fürst zum zweiten Male. Beatrice weist die
vom zweiten Akte ab den Dichter mehrsach vor die Gardine
Liebeswerbung Bentivoglios nicht zurück, aber nun als an¬
rief, machte sich auch enige Opposition bemerklich. Man darf
getraute Herzogin, nicht als Dirne will sie die letzte Nacht
in diesem Falle indes behaupten, daß der litterarische Wert
mit ihm im Schlosse verbringen. Der Herzog nimmt sie wirk¬
des Dramas, der ernstlich kaum in Zweifel gezogen werden
lich zum Weib und läßt den Kardinal rufen, der arme Vit¬
torino aber ersticht sich aus Gram. Nach der Hochzeit, mit¬
kann, unberührt von der Gunst des Tages bestehen bleiben
ten aus der lärmenden Festespracht, eilt Beatrice, von ma¬
wird.
gischer Sehnsucht getrieben, in Loschis Haus. Filippo denkt
Wie Macterlincks „Monna Vanna“ ist auch „Der Schleier
noch einmal an Flucht. Beatrice aber erklärt:„Wir wollen
der Beatrice“ ein Renaissancedrama, der Schauplatz der Hand¬
sterben, darum kam ich her". Als im entscheidenden Augen¬
lung das Italien des Cinquecento. Wie dort Pisa, wird
blick
dann der Drang
zum
Leben
ihr
hier Bologna von einem übermächtigen Feinde bedroht. Ueber
mächtig auflodert, ninmt der Dichter verächtlich allein das Gist.
allen Dächern schwebt der Tod. Die Stadt ist vom Heere
Entsetzt flieht Beatrice von der gräusigen Stätte des Todes
des grausamen Cesare Borgia eingeschlossen, und nur
ins Leben zurück. Ein kostbarer Schleier, den ihr der Herzog
Nacht, so scheint es, trennt sie vom sicheren Untergange. Aus
geschenkt und den sie in der Verwirrung in Filippos Gemach
der Fülle der Gesichte, die Schnitzlers Szene bunt beleben,
zurückgelassen, wird ihr zum Verräter. Als sie sich hartnäckig
heben sich die drei Hauptgestalten des Schauspiels, der Her¬
weigert, gemeinsam mit Bentiwoglio den Schleier zu holen
zog Lionardo Bentivoglio von Bologna, der Dichter Filippo
soll sie den Tod durchs Schwert finden. Beatrice aber will
Loschi und Beatrice, des alten Wappenschneiders Nardi jüngste
leben und so führt sie den Gemahl schaudernd in Lospis Ge¬
Tochter, in markanter, fast realistischer Schärfe heraus. Beide
mach. Der Herzog will den Morgen hier erwarten, hier die
Männer fühlen sich in heißer, unwiderstehlicher Liebe zu der
wunderbare Hochzeit enden. Er zieht die widerstrebende Gattin
zechzehnjährigen Heldin hingezogen, der schönsten der Bo¬
zum bräutlichen Lager nach dem Alkoven und entdeckt hier
logneser Mädchen. Um ihretwillen hat Filippo die stolze Te¬
beim matten Schein der Morgendännnerung den leblosen Kör¬
resina, seine Braut, des edelsten Freundes Schwester ver¬
per Filippos. Als Rächer der verlorenen Familienehre er¬
lassen. Mit ihr will er noch vor dem dämmernden Morgen
scheint der junge Francesco Er stößt der Schwester den Dolch
den Mauern der gefährdeten Stadt entfliehen. Da erzählt
 ins Herz, während von allen Türmen Belognas die Glocken
Beatrice dem Geliebten in kindlicher Herzenseinfalt von einer
zum Kampf rufen.
Begegnung mit dem Herzog und von einem wunderlichen
Man kennt aus der dramatischen Literatur unserer Tage
Traum. Sie war, so träumte sie, Herzogin und sie spürte
nicht viele Werke, die in poctischer Bedeutung an Schnitzlers
des Herzogs Lippen nade den ihren bei zärtlichem Liebes¬
Schauspiel reichen. Im Entwickelungsgange des Wiener Dich¬
spiel. Von diesem naiven Geständnis fühlt sich Filippos sen¬
ters stellt das teils in prunkvoller Verssprache, teils in schlich¬
sible Poetennatur abgestoßen. Er
sieht Beatricens Gestalt
ter Prosa geschriebene Stück jedenfalls einen bedeutsamen, hoff¬
beschmutzt var sich denn Trämne snd Beaierde ohne Mut, nungsweckenden Fortschritt, einen weiteren Aufstieg zu freieren</Unicode>
            </TextEquiv>
        </TextRegion>
        <TextRegion orientation="0.0" id="r2" custom="readingOrder {index:1;}">
            <Coords points="2728,1502 2728,3012 3356,3012 3356,1502"/>
            <TextLine id="r2l1" custom="readingOrder {index:0;}">
                <Coords points="2906,1545 3354,1544 3355,1474 3170,1469 3097,1483 3018,1467 2995,1484 2951,1466 2907,1472"/>
                <Baseline points="2922,1522 2948,1522 2974,1522 3000,1523 3026,1523 3052,1524 3078,1524 3104,1524 3130,1525 3156,1525 3182,1526 3208,1526 3234,1526 3260,1526 3286,1526 3312,1526 3339,1525"/>
                <TextEquiv>
                    <Unicode></Unicode>
                </TextEquiv>
            </TextLine>
            <TextLine id="r2l2" custom="readingOrder {index:1;}">
                <Coords points="2736,1579 3365,1599 3366,1549 3340,1543 2737,1541"/>
                <Baseline points="2750,1575 2780,1574 2810,1574 2840,1575 2870,1575 2900,1576 2930,1577 2960,1578 2990,1578 3020,1580 3050,1581 3080,1582 3110,1583 3140,1584 3170,1585 3200,1586 3230,1586 3260,1587 3290,1587 3320,1587 3351,1586"/>
                <TextEquiv>
                    <Unicode>dichterischen Höhen dar. An sich</Unicode>
                </TextEquiv>
            </TextLine>
            <TextLine id="r2l3" custom="readingOrder {index:2;}">
                <Coords points="2738,1610 2831,1629 3027,1612 3053,1630 3366,1635 3367,1583 3072,1578 3045,1595 2738,1578"/>
                <Baseline points="2751,1616 2781,1616 2811,1615 2841,1615 2871,1615 2901,1616 2931,1617 2961,1617 2991,1618 3021,1619 3052,1620 3082,1621 3112,1622 3142,1623 3172,1624 3202,1624 3232,1624 3262,1624 3292,1623 3322,1622 3353,1621"/>
                <TextEquiv>
                    <Unicode>hypermodernen Dichternatuxell</Unicode>
                </TextEquiv>
            </TextLine>
            <TextLine id="r2l4" custom="readingOrder {index:3;}">
                <Coords points="2746,1658 3296,1671 3357,1665 3358,1630 2747,1620"/>
                <Baseline points="2761,1656 2790,1655 2819,1655 2848,1655 2877,1654 2906,1655 2935,1655 2964,1655 2993,1656 3022,1656 3051,1657 3080,1658 3109,1658 3138,1659 3167,1659 3196,1660 3225,1660 3254,1660 3283,1660 3312,1660 3342,1659"/>
                <TextEquiv>
                    <Unicode>Ist das Drama im einzelnen a#</Unicode>
                </TextEquiv>
            </TextLine>
            <TextLine id="r2l5" custom="readingOrder {index:4;}">
                <Coords points="2737,1712 3050,1695 3369,1715 3370,1663 2738,1663"/>
                <Baseline points="2753,1692 2783,1692 2813,1692 2843,1692 2873,1692 2903,1693 2933,1693 2963,1694 2993,1695 3023,1696 3053,1696 3083,1697 3113,1698 3143,1699 3173,1699 3203,1700 3233,1700 3263,1701 3293,1701 3323,1700 3353,1700"/>
                <TextEquiv>
                    <Unicode>von ergreisender Stimmungsmach</Unicode>
                </TextEquiv>
            </TextLine>
            <TextLine id="r2l6" custom="readingOrder {index:5;}">
                <Coords points="2733,1730 3364,1749 3365,1705 3058,1693 2947,1712 2734,1689"/>
                <Baseline points="2748,1729 2778,1730 2808,1731 2838,1732 2868,1733 2898,1733 2928,1734 2959,1734 2989,1734 3019,1735 3049,1735 3079,1735 3109,1735 3139,1736 3170,1736 3200,1736 3230,1736 3260,1737 3290,1737 3320,1738 3351,1738"/>
                <TextEquiv>
                    <Unicode>auch nicht an toten Stellen, an d</Unicode>
                </TextEquiv>
            </TextLine>
            <TextLine id="r2l7" custom="readingOrder {index:6;}">
                <Coords points="2734,1773 3336,1787 3371,1779 3372,1741 2734,1729"/>
                <Baseline points="2748,1769 2778,1769 2808,1769 2839,1770 2869,1770 2900,1771 2930,1771 2960,1772 2991,1773 3021,1774 3052,1774 3082,1775 3112,1776 3143,1776 3173,1777 3204,1777 3234,1778 3264,1778 3295,1778 3325,1778 3356,1778"/>
                <TextEquiv>
                    <Unicode>im letzten Grunde die Kraft des</Unicode>
                </TextEquiv>
            </TextLine>
            <TextLine id="r2l8" custom="readingOrder {index:7;}">
                <Coords points="2736,1816 3288,1830 3350,1822 3351,1767 3105,1792 3085,1774 3014,1791 2944,1769 2737,1775"/>
                <Baseline points="2752,1809 2781,1809 2810,1809 2839,1809 2868,1810 2897,1810 2926,1810 2956,1811 2985,1812 3014,1813 3043,1813 3072,1814 3101,1815 3130,1815 3160,1816 3189,1816 3218,1816 3247,1816 3276,1816 3305,1815 3335,1814"/>
                <TextEquiv>
                    <Unicode>fes gewachsen war. Vergleicht</Unicode>
                </TextEquiv>
            </TextLine>
            <TextLine id="r2l9" custom="readingOrder {index:8;}">
                <Coords points="2730,1849 2912,1844 2943,1868 3014,1850 3063,1868 3362,1863 3363,1819 2731,1802"/>
                <Baseline points="2744,1843 2774,1844 2804,1845 2834,1846 2864,1847 2894,1848 2924,1849 2955,1850 2985,1851 3015,1852 3045,1853 3075,1854 3105,1855 3135,1855 3166,1855 3196,1856 3226,1856 3256,1856 3286,1856 3316,1855 3347,1855"/>
                <TextEquiv>
                    <Unicode>Beatrice“ mit einem anderen er</Unicode>
                </TextEquiv>
            </TextLine>
            <TextLine id="r2l10" custom="readingOrder {index:9;}">
                <Coords points="2732,1889 3358,1905 3359,1861 3306,1854 3008,1848 2946,1867 2926,1849 2733,1848"/>
                <Baseline points="2746,1885 2775,1885 2805,1885 2835,1885 2865,1886 2895,1886 2925,1887 2955,1888 2985,1889 3015,1889 3045,1890 3074,1891 3104,1892 3134,1893 3164,1893 3194,1894 3224,1894 3254,1895 3284,1895 3314,1895 3344,1895"/>
                <TextEquiv>
                    <Unicode>der letzten Jahre, den völlig miß</Unicode>
                </TextEquiv>
            </TextLine>
            <TextLine id="r2l11" custom="readingOrder {index:10;}">
                <Coords points="2734,1940 2855,1924 2992,1946 3150,1922 3264,1953 3340,1933 3340,1910 3308,1895 2972,1905 2823,1883 2735,1902"/>
                <Baseline points="2748,1924 2776,1924 2805,1924 2834,1924 2863,1925 2892,1925 2920,1926 2949,1926 2978,1927 3007,1928 3036,1928 3064,1929 3093,1929 3122,1930 3151,1930 3180,1930 3208,1930 3237,1930 3266,1930 3295,1930 3324,1929"/>
                <TextEquiv>
                    <Unicode>wird man inne, wie sehr viel</Unicode>
                </TextEquiv>
            </TextLine>
            <TextLine id="r2l12" custom="readingOrder {index:11;}">
                <Coords points="2732,1983 2987,1962 3062,1980 3320,1974 3320,1939 3297,1933 2732,1939"/>
                <Baseline points="2746,1966 2774,1966 2802,1966 2830,1966 2858,1966 2886,1966 2914,1966 2942,1966 2970,1966 2998,1966 3026,1967 3054,1967 3082,1967 3110,1967 3138,1968 3166,1968 3194,1969 3222,1969 3250,1971 3278,1971 3306,1973"/>
                <TextEquiv>
                    <Unicode>gelang, das charakteristische Ze</Unicode>
                </TextEquiv>
            </TextLine>
            <TextLine id="r2l13" custom="readingOrder {index:12;}">
                <Coords points="2729,2007 3358,2016 3358,1975 3283,1962 3233,1981 2730,1963"/>
                <Baseline points="2744,2002 2774,2002 2804,2001 2834,2001 2864,2002 2894,2003 2924,2003 2954,2004 2984,2005 3014,2006 3044,2007 3074,2008 3104,2009 3134,2010 3164,2010 3194,2011 3224,2011 3254,2010 3284,2010 3314,2009 3344,2007"/>
                <TextEquiv>
                    <Unicode>uns in Schnitzlers jüngster Büh</Unicode>
                </TextEquiv>
            </TextLine>
            <TextLine id="r2l14" custom="readingOrder {index:13;}">
                <Coords points="2740,2048 3366,2062 3358,2012 2741,2007"/>
                <Baseline points="2754,2042 2783,2042 2813,2041 2843,2042 2873,2042 2903,2043 2933,2044 2962,2044 2992,2045 3022,2046 3052,2047 3082,2048 3112,2049 3142,2050 3171,2050 3201,2050 3231,2051 3261,2051 3291,2050 3321,2049 3351,2048"/>
                <TextEquiv>
                    <Unicode>gegen, das zwar höchste literarisch</Unicode>
                </TextEquiv>
            </TextLine>
            <TextLine id="r2l15" custom="readingOrder {index:14;}">
                <Coords points="2725,2077 2883,2097 2933,2080 3360,2093 3360,2052 3138,2060 2980,2031 2942,2048 2726,2045"/>
                <Baseline points="2740,2077 2770,2078 2800,2079 2830,2080 2860,2081 2891,2082 2921,2082 2951,2083 2981,2084 3011,2084 3042,2085 3072,2085 3102,2086 3132,2086 3162,2086 3193,2087 3223,2087 3253,2087 3283,2086 3313,2086 3344,2086"/>
                <TextEquiv>
                    <Unicode>befriedigt, von dem reinen, dic</Unicode>
                </TextEquiv>
            </TextLine>
            <TextLine id="r2l16" custom="readingOrder {index:15;}">
                <Coords points="2739,2124 3356,2135 3357,2094 3328,2090 2919,2069 2871,2091 2740,2086"/>
                <Baseline points="2754,2118 2783,2118 2812,2118 2842,2118 2871,2118 2901,2118 2930,2119 2959,2120 2989,2121 3018,2122 3048,2123 3077,2124 3106,2125 3136,2126 3165,2127 3195,2127 3224,2127 3253,2128 3283,2128 3312,2128 3342,2127"/>
                <TextEquiv>
                    <Unicode>fassers und seinem wahrlich nich</Unicode>
                </TextEquiv>
            </TextLine>
            <TextLine id="r2l17" custom="readingOrder {index:16;}">
                <Coords points="2736,2168 2940,2182 3087,2163 3151,2188 3236,2172 3361,2187 3363,2134 2737,2125"/>
                <Baseline points="2752,2155 2781,2156 2811,2156 2841,2157 2870,2158 2900,2158 2930,2160 2959,2161 2989,2161 3019,2163 3049,2163 3078,2164 3108,2165 3138,2166 3167,2167 3197,2167 3227,2168 3256,2168 3286,2168 3316,2168 3346,2167"/>
                <TextEquiv>
                    <Unicode>Können aber dem Beschauer bew</Unicode>
                </TextEquiv>
            </TextLine>
            <TextLine id="r2l18" custom="readingOrder {index:17;}">
                <Coords points="2800,2215 2835,2230 3361,2229 3362,2185 3341,2179 3148,2188 2985,2165 2941,2182 2874,2166 2801,2180"/>
                <Baseline points="2814,2219 2840,2219 2867,2219 2893,2219 2920,2219 2947,2220 2973,2220 3000,2221 3026,2221 3053,2222 3080,2223 3106,2223 3133,2224 3159,2225 3186,2225 3213,2225 3239,2225 3266,2225 3292,2225 3319,2225 3346,2224"/>
                <TextEquiv>
                    <Unicode>Die Darstellung am Deutsche</Unicode>
                </TextEquiv>
            </TextLine>
            <TextLine id="r2l19" custom="readingOrder {index:18;}">
                <Coords points="2725,2260 3295,2277 3362,2272 3363,2228 3062,2237 2726,2214"/>
                <Baseline points="2741,2257 2771,2257 2801,2258 2832,2258 2862,2259 2893,2259 2923,2260 2953,2260 2984,2260 3014,2262 3045,2262 3075,2263 3105,2263 3136,2264 3166,2265 3197,2265 3227,2266 3257,2266 3288,2266 3318,2267 3349,2267"/>
                <TextEquiv>
                    <Unicode>daß der Wiener Burgtheaterdire</Unicode>
                </TextEquiv>
            </TextLine>
            <TextLine id="r2l20" custom="readingOrder {index:19;}">
                <Coords points="2731,2287 2813,2308 2845,2291 2871,2309 3237,2303 3321,2321 3319,2274 2732,2260"/>
                <Baseline points="2746,2298 2774,2298 2802,2298 2830,2299 2858,2299 2886,2299 2914,2300 2942,2300 2970,2301 2998,2301 3026,2302 3054,2302 3082,2303 3110,2303 3138,2303 3166,2304 3194,2304 3222,2304 3250,2304 3278,2305 3307,2305"/>
                <TextEquiv>
                    <Unicode>recht nicht hatte, als er in s</Unicode>
                </TextEquiv>
            </TextLine>
            <TextLine id="r2l21" custom="readingOrder {index:20;}">
                <Coords points="2726,2334 3062,2334 3129,2359 3302,2335 3328,2356 3360,2348 3361,2307 2726,2299"/>
                <Baseline points="2741,2333 2771,2334 2801,2334 2831,2335 2862,2336 2892,2337 2922,2338 2952,2339 2983,2339 3013,2340 3043,2340 3073,2341 3104,2341 3134,2341 3164,2342 3194,2342 3225,2343 3255,2343 3285,2343 3315,2343 3346,2343"/>
                <TextEquiv>
                    <Unicode>lichem Schreiben dem Dichter de</Unicode>
                </TextEquiv>
            </TextLine>
            <TextLine id="r2l22" custom="readingOrder {index:21;}">
                <Coords points="2729,2382 2820,2372 2943,2395 2984,2376 3051,2392 3078,2372 3238,2391 3347,2378 3347,2352 3301,2336 3128,2356 3064,2334 2824,2349 2731,2335"/>
                <Baseline points="2745,2371 2774,2371 2803,2372 2832,2372 2862,2373 2891,2374 2920,2375 2950,2377 2979,2378 3008,2379 3038,2379 3067,2380 3096,2381 3125,2382 3155,2383 3184,2383 3213,2383 3243,2383 3272,2382 3301,2381 3331,2380"/>
                <TextEquiv>
                    <Unicode>des Dramas nicht in die Hand</Unicode>
                </TextEquiv>
            </TextLine>
            <TextLine id="r2l23" custom="readingOrder {index:22;}">
                <Coords points="2728,2423 2807,2410 2868,2428 2944,2400 3102,2437 3181,2421 3347,2438 3348,2374 3170,2389 2728,2371"/>
                <Baseline points="2742,2414 2771,2414 2801,2414 2830,2414 2860,2414 2889,2415 2919,2416 2948,2416 2978,2417 3007,2418 3037,2419 3066,2420 3096,2421 3125,2421 3155,2421 3184,2422 3214,2422 3243,2421 3273,2420 3302,2419 3332,2418"/>
                <TextEquiv>
                    <Unicode>zu legen. Der schauspielerische</Unicode>
                </TextEquiv>
            </TextLine>
            <TextLine id="r2l24" custom="readingOrder {index:23;}">
                <Coords points="2726,2454 3346,2470 3344,2420 2727,2416"/>
                <Baseline points="2740,2452 2769,2452 2799,2452 2828,2453 2858,2453 2887,2454 2917,2454 2946,2455 2976,2456 3005,2457 3035,2458 3064,2458 3094,2458 3123,2459 3153,2460 3182,2460 3212,2460 3241,2460 3271,2460 3300,2459 3330,2459"/>
                <TextEquiv>
                    <Unicode>seitdem zur Lösung dramatischer</Unicode>
                </TextEquiv>
            </TextLine>
            <TextLine id="r2l25" custom="readingOrder {index:24;}">
                <Coords points="2731,2486 3371,2517 3372,2459 3346,2453 2732,2457"/>
                <Baseline points="2746,2490 2776,2491 2807,2491 2837,2492 2868,2492 2898,2493 2929,2493 2959,2494 2990,2494 3020,2495 3051,2496 3081,2496 3112,2496 3142,2497 3173,2497 3203,2498 3234,2498 3264,2499 3295,2499 3325,2500 3356,2500"/>
                <TextEquiv>
                    <Unicode>wesentlich ungeeigneter geworden</Unicode>
                </TextEquiv>
            </TextLine>
            <TextLine id="r2l26" custom="readingOrder {index:25;}">
                <Coords points="2734,2533 3115,2532 3252,2552 3354,2548 3355,2510 2735,2489"/>
                <Baseline points="2748,2530 2777,2529 2807,2529 2836,2529 2866,2529 2895,2530 2925,2530 2954,2531 2984,2532 3013,2533 3043,2534 3073,2535 3102,2536 3132,2537 3161,2537 3191,2538 3220,2538 3250,2538 3279,2538 3309,2537 3339,2536"/>
                <TextEquiv>
                    <Unicode>sachert spricht, daß man für de</Unicode>
                </TextEquiv>
            </TextLine>
            <TextLine id="r2l27" custom="readingOrder {index:26;}">
                <Coords points="2727,2572 3069,2576 3093,2594 3122,2576 3353,2585 3353,2547 3307,2537 3251,2552 3210,2536 2728,2531"/>
                <Baseline points="2743,2570 2772,2570 2802,2570 2832,2570 2862,2570 2892,2571 2921,2571 2951,2571 2981,2571 3011,2571 3041,2572 3070,2572 3100,2572 3130,2573 3160,2573 3190,2573 3219,2574 3249,2574 3279,2575 3309,2576 3339,2577"/>
                <TextEquiv>
                    <Unicode>keinen passenderen Vertreter als</Unicode>
                </TextEquiv>
            </TextLine>
            <TextLine id="r2l28" custom="readingOrder {index:27;}">
                <Coords points="2726,2615 2995,2607 3041,2628 3097,2608 3173,2632 3229,2609 3298,2634 3345,2611 3346,2582 2726,2571"/>
                <Baseline points="2740,2608 2769,2608 2799,2608 2828,2608 2858,2608 2888,2609 2917,2609 2947,2609 2976,2609 3006,2609 3036,2610 3065,2610 3095,2611 3124,2611 3154,2612 3184,2612 3213,2613 3243,2613 3272,2614 3302,2614 3332,2615"/>
                <TextEquiv>
                    <Unicode>sierter Rollen nun einmal nicht</Unicode>
                </TextEquiv>
            </TextLine>
            <TextLine id="r2l29" custom="readingOrder {index:28;}">
                <Coords points="2716,2651 3342,2659 3342,2616 3325,2612 3158,2630 3097,2608 2912,2623 2717,2601"/>
                <Baseline points="2732,2645 2761,2646 2791,2647 2821,2647 2850,2648 2880,2648 2910,2649 2939,2649 2969,2650 2999,2650 3029,2651 3058,2651 3088,2652 3118,2652 3147,2653 3177,2653 3207,2654 3236,2655 3266,2655 3296,2656 3326,2656"/>
                <TextEquiv>
                    <Unicode>ner zur Hand hatte. Auch I</Unicode>
                </TextEquiv>
            </TextLine>
            <TextLine id="r2l30" custom="readingOrder {index:29;}">
                <Coords points="2725,2682 3137,2706 3207,2687 3353,2698 3354,2660 2725,2647"/>
                <Baseline points="2740,2683 2771,2684 2803,2685 2834,2686 2866,2687 2897,2688 2929,2688 2960,2689 2992,2689 3023,2689 3055,2690 3086,2690 3118,2690 3149,2691 3181,2691 3212,2691 3244,2692 3275,2693 3307,2693 3339,2694"/>
                <TextEquiv>
                    <Unicode>Gestalten wie Schnitzlers Beatric</Unicode>
                </TextEquiv>
            </TextLine>
            <TextLine id="r2l31" custom="readingOrder {index:30;}">
                <Coords points="2728,2723 2818,2752 2862,2726 2990,2746 3046,2727 3330,2741 3368,2727 3369,2692 3208,2686 3134,2705 2728,2682"/>
                <Baseline points="2742,2721 2772,2721 2803,2722 2833,2723 2864,2724 2894,2725 2925,2726 2955,2727 2986,2728 3016,2728 3047,2729 3077,2729 3108,2730 3138,2731 3169,2731 3199,2731 3230,2731 3260,2732 3291,2732 3321,2732 3352,2731"/>
                <TextEquiv>
                    <Unicode>kräftigen künstlerischen Persönlicht</Unicode>
                </TextEquiv>
            </TextLine>
            <TextLine id="r2l32" custom="readingOrder {index:31;}">
                <Coords points="2725,2763 3020,2765 3061,2786 3090,2769 3298,2770 3356,2788 3357,2735 2827,2742 2725,2722"/>
                <Baseline points="2740,2759 2770,2761 2800,2762 2830,2763 2860,2765 2890,2765 2920,2766 2950,2766 2980,2767 3010,2767 3040,2767 3070,2767 3100,2768 3130,2768 3160,2768 3190,2768 3220,2769 3250,2770 3280,2770 3310,2771 3341,2772"/>
                <TextEquiv>
                    <Unicode>als Herzog, Sommerstor</Unicode>
                </TextEquiv>
            </TextLine>
            <TextLine id="r2l33" custom="readingOrder {index:32;}">
                <Coords points="2717,2805 3068,2809 3088,2827 3147,2808 3337,2817 3366,2812 3367,2786 2718,2761"/>
                <Baseline points="2732,2797 2764,2798 2797,2800 2829,2800 2862,2801 2894,2802 2927,2803 2960,2803 2992,2804 3025,2804 3057,2805 3090,2805 3122,2806 3155,2807 3188,2807 3220,2808 3253,2808 3285,2809 3318,2810 3351,2810"/>
                <TextEquiv>
                    <Unicode>Bassermann als Francesco</Unicode>
                </TextEquiv>
            </TextLine>
            <TextLine id="r2l34" custom="readingOrder {index:33;}">
                <Coords points="2724,2838 3350,2858 3351,2811 2725,2803"/>
                <Baseline points="2738,2835 2767,2836 2797,2838 2827,2839 2857,2840 2887,2841 2917,2842 2946,2842 2976,2843 3006,2843 3036,2844 3066,2844 3096,2844 3126,2845 3155,2845 3185,2845 3215,2845 3245,2846 3275,2846 3305,2846 3335,2847"/>
                <TextEquiv>
                    <Unicode>Stückes in Gefahr. Mon sollte</Unicode>
                </TextEquiv>
            </TextLine>
            <TextLine id="r2l35" custom="readingOrder {index:34;}">
                <Coords points="2720,2877 3194,2899 3346,2892 3369,2884 3370,2849 3200,2861 3115,2839 2969,2860 2946,2842 2846,2856 2721,2836"/>
                <Baseline points="2734,2875 2765,2876 2796,2876 2827,2878 2858,2878 2889,2879 2920,2880 2951,2881 2982,2881 3013,2882 3044,2882 3075,2883 3106,2884 3137,2884 3168,2884 3199,2884 3230,2884 3261,2884 3292,2884 3323,2884 3354,2883"/>
                <TextEquiv>
                    <Unicode>klugen und so vielseitig verwen</Unicode>
                </TextEquiv>
            </TextLine>
            <TextLine id="r2l36" custom="readingOrder {index:35;}">
                <Coords points="2722,2922 2838,2932 2874,2909 3078,2939 3122,2919 3145,2937 3371,2925 3371,2884 3131,2899 2722,2881"/>
                <Baseline points="2735,2916 2766,2916 2797,2917 2828,2917 2859,2918 2890,2918 2921,2920 2952,2920 2983,2921 3014,2922 3045,2922 3076,2923 3107,2923 3138,2924 3169,2924 3200,2924 3231,2924 3262,2924 3293,2924 3324,2923 3356,2922"/>
                <TextEquiv>
                    <Unicode>Drama nicht länger zu beschäft</Unicode>
                </TextEquiv>
            </TextLine>
            <TextLine id="r2l37" custom="readingOrder {index:36;}">
                <Coords points="2717,2964 2784,2957 2842,2978 2910,2955 2994,2974 3079,2960 3304,2989 3342,2975 3343,2937 2878,2911 2717,2924"/>
                <Baseline points="2730,2959 2759,2959 2789,2958 2819,2958 2849,2958 2879,2959 2909,2959 2939,2959 2969,2960 2999,2960 3029,2961 3058,2962 3088,2962 3118,2963 3148,2963 3178,2964 3208,2964 3238,2964 3268,2964 3298,2964 3328,2964"/>
                <TextEquiv>
                    <Unicode>zeigte die gewohnte Sorgsalt und</Unicode>
                </TextEquiv>
            </TextLine>
            <TextLine id="r2l38" custom="readingOrder {index:37;}">
                <Coords points="2712,2999 2817,3008 2850,2991 2914,3027 2946,3003 2978,3018 3165,3023 3166,2970 2993,2972 2914,2953 2891,2965 2713,2963"/>
                <Baseline points="2728,2999 2754,2998 2781,2998 2807,2998 2834,2998 2860,2998 2887,2998 2913,2998 2940,2998 2966,2998 2993,2999 3019,2999 3046,3000 3072,3000 3099,3001 3125,3001 3152,3002"/>
                <TextEquiv>
                    <Unicode>bilder reichlich gesorgt.</Unicode>
                </TextEquiv>
            </TextLine>
            <TextEquiv>
                <Unicode>
dichterischen Höhen dar. An sich
hypermodernen Dichternatuxell
Ist das Drama im einzelnen a#
von ergreisender Stimmungsmach
auch nicht an toten Stellen, an d
im letzten Grunde die Kraft des
fes gewachsen war. Vergleicht
Beatrice“ mit einem anderen er
der letzten Jahre, den völlig miß
wird man inne, wie sehr viel
gelang, das charakteristische Ze
uns in Schnitzlers jüngster Büh
gegen, das zwar höchste literarisch
befriedigt, von dem reinen, dic
fassers und seinem wahrlich nich
Können aber dem Beschauer bew
Die Darstellung am Deutsche
daß der Wiener Burgtheaterdire
recht nicht hatte, als er in s
lichem Schreiben dem Dichter de
des Dramas nicht in die Hand
zu legen. Der schauspielerische
seitdem zur Lösung dramatischer
wesentlich ungeeigneter geworden
sachert spricht, daß man für de
keinen passenderen Vertreter als
sierter Rollen nun einmal nicht
ner zur Hand hatte. Auch I
Gestalten wie Schnitzlers Beatric
kräftigen künstlerischen Persönlicht
als Herzog, Sommerstor
Bassermann als Francesco
Stückes in Gefahr. Mon sollte
klugen und so vielseitig verwen
Drama nicht länger zu beschäft
zeigte die gewohnte Sorgsalt und
bilder reichlich gesorgt.</Unicode>
            </TextEquiv>
        </TextRegion>
    </Page>
</PcGts>
