3248 4256
1982 144 2425 243 box 20//1
323 151 1829 254 14. Der Schleier der Beatrice
1298 765 2186 868 Zeitungs=Reclamationen!
1296 858 2241 930 Von verschiedenen Seiten sind uns Klagen zu¬
1228 915 2246 982 gekommen, dass unser Blatt in einzelnen Bezirken
1226 970 2245 1036 unregelmäßig zugestellt wird. Bei der genauesten
1228 1018 2246 1089 Durchsicht in unserer Verwaltung und Expedition
1237 1079 2242 1140 haben wir uns die vollkommene Ueberzeugung ver¬
1233 1126 2240 1184 schafft, dass alle Einschreibungen wie auch das
1222 1166 2242 1234 Adressenmateriale vollkommen in Ordnung ist und
1220 1208 2251 1300 die Schuld nur in der Nachlässigkeit der betreffenden
1225 1263 1575 1330 Austräger liegt.
1301 1289 2249 1385 Wir ersuchen daher unsere P. T. Abonnenten,
1227 1374 2256 1439 im Falle unser Blatt am Sonntag bis längstens
1233 1416 2247 1478 10 Uhr vormittags nicht zugestellt wurde, auf
1237 1463 2262 1549 einen gewöhnlichen Zettel Papier Folgendes zu
1233 1507 1434 1594 schreiben:
1397 1577 2065 1669 Zeitungs-Reclamation!
1291 1659 2246 1737 Ich reclamiere die Nummer vom
1224 1705 1693 1788 Sonntag den...
1296 1767 2244 1848 Auf der anderen Seite des Zettels ist die
1227 1825 1976 1901 Adresse unserer Redaction anzugeben.
1297 1878 2243 1928 Dieser Zettel ist sodann ohne Marke in
1219 1917 2242 1980 den nächstbesten Briefkasten zu werfen. Wird der
1226 1959 2244 2054 Zettel in einem Couvert aufgegeben, so muss das¬
1224 2018 1618 2100 selbe offen bleiben.
1666 2058 2116 2161 Oesce 1och
1561 2178 1908 2283 Chronik.
1279 2262 2167 2374 Züdische Journalisten-Frechheit.
1281 2341 2250 2424 Der Jude Arthur Schnitzler, einer von jenen
1229 2423 2247 2474 modernen Literaten, deren elende Schundwerke leider
1230 2462 2235 2514 schon zu oft in unserem Hof=Burgtheater auf¬
1223 2516 2237 2590 geführt wurden, hat von seinen Sumpferzeugnissen
1230 2564 2243 2615 nun wieder „Eines“ bei der Burgtheater=Direction
1221 2606 2237 2682 eingereicht und nach vier Monaten den Bescheid
1221 2665 2244 2716 erhalten, dass diese Hofbühne auf eine An¬
1218 2694 2249 2774 nahme dieser jüdisch=literarischen Specialität nicht
1235 2760 1451 2829 reflectiere.
1291 2772 2246 2862 Das von dem Juden Schnitzler eingereichte
1228 2853 2233 2916 Stück führt den Titel „Der Schleier der Beatrice“
1228 2904 2239 2973 und die Burgtheater=Direction hat vier Monate
1224 2958 2251 3014 gebraucht, um den Schleier der Beatrice zu lüften
1224 2998 2241 3061 und constatieren zu können, dass diese Schleier¬
1229 3042 2244 3118 geschichte ein derartig elender Judenpofel ist, der
1226 3102 2244 3173 heutzutage nicht einmal mehr am Burgtheater auf¬
1227 3145 1672 3217 geführt werden kann.
1298 3193 2241 3258 Durch die wiederholten Aufführungen von
1229 3245 2230 3307 Stücken Schnitzler'schen Calibers hat unser jetziger
1219 3282 2237 3352 Burgtheater=Director, Herr Schlenther, vollkommen
1230 3350 2233 3404 den Beweis erbracht, dass er vielleicht der Un¬
1226 3401 2232 3453 fähigste aller Theater=Directoren ist und diese einst
