<?xml version="1.0" encoding="UTF-8" standalone="yes"?>
<PcGts xmlns="http://schema.primaresearch.org/PAGE/gts/pagecontent/2013-07-15" xmlns:xsi="http://www.w3.org/2001/XMLSchema-instance" xsi:schemaLocation="http://schema.primaresearch.org/PAGE/gts/pagecontent/2013-07-15 http://schema.primaresearch.org/PAGE/gts/pagecontent/2013-07-15/pagecontent.xsd">
    <Metadata>
        <Creator>prov=University of Rostock/Institute of Mathematics/CITlab/Gundram Leifert/gundram.leifert@uni-rostock.de:name=ONB_Newseye_GT_M1+(htr_id=10810)::::v=2.4.2
prov=University of Rostock/Institute of Mathematics/CITlab/Tobias Gruening/tobias.gruening@uni-rostock.de:name=de.uros.citlab.module.baseline2polygon.B2PSeamMultiOriented:v=2.4.2
prov=University of Rostock/Institute of Mathematics/CITlab/Tobias Gruening/tobias.gruening@uni-rostock.de:name=/mnt/transkribus/LA/DEA/URO/LA_news_onb_att.pb:de.uros.citlab.segmentation.CITlab_LA_ML:v=2.4.2
Transkribus</Creator>
        <Created>2019-10-07T11:37:18.775+02:00</Created>
        <LastChange>2019-10-08T11:24:23.502+02:00</LastChange>
        <TranskribusMetadata docId="223979" pageId="9501435" pageNr="251" tsid="16541820" status="IN_PROGRESS" userId="40391" imgUrl="https://files.transkribus.eu/Get?id=JXNLUPKBYBNTDIBKYTSEODHZ&amp;fileType=view" xmlUrl="https://files.transkribus.eu/Get?id=HJGTQAXZGUJVOVIQKWOSWKHK" imageId="6191657"/>
    </Metadata>
    <Page imageFilename="223979_0251.jpeg" imageWidth="3436" imageHeight="4352">
        <ReadingOrder>
            <OrderedGroup id="ro_1711449097092" caption="Regions reading order">
                <RegionRefIndexed index="0" regionRef="r1"/>
            </OrderedGroup>
        </ReadingOrder>
        <TextRegion orientation="0.0" id="r1" custom="readingOrder {index:0;}">
            <Coords points="263,239 263,3663 2485,3663 2485,239"/>
            <TextLine id="r1l1" custom="readingOrder {index:0;}">
                <Coords points="1908,300 1973,289 2040,309 2133,271 2196,298 2280,274 2314,289 2381,265 2381,218 2331,206 2276,209 2247,229 2223,215 2101,232 1982,209 1908,217"/>
                <Baseline points="1917,272 1942,272 1967,272 1992,272 2018,272 2043,272 2068,273 2093,273 2119,273 2144,273 2169,273 2195,273 2220,273 2245,273 2270,272 2296,271 2321,270 2346,268 2372,266"/>
                <TextEquiv>
                    <Unicode>box 20/3</Unicode>
                </TextEquiv>
            </TextLine>
            <TextLine id="r1l2" custom="readingOrder {index:1;}">
                <Coords points="254,318 1450,335 1848,282 1621,216 253,249"/>
                <Baseline points="263,289 341,294 420,299 499,302 578,304 656,306 735,306 814,307 893,306 971,305 1050,304 1129,303 1208,301 1286,300 1365,298 1444,297 1523,295 1601,295 1680,294 1759,294 1838,295"/>
                <TextEquiv>
                    <Unicode>14. Der Schleier der Beatrice</Unicode>
                </TextEquiv>
            </TextLine>
            <TextLine id="r1l3" custom="readingOrder {index:2;}">
                <Coords points="1364,920 1396,926 1446,894 1544,915 1671,863 1755,912 1860,887 1934,914 1945,845 1874,809 1841,826 1729,791 1681,823 1638,795 1362,883"/>
                <Baseline points="1373,907 1401,903 1429,899 1457,895 1485,891 1514,888 1542,885 1570,883 1598,880 1626,878 1655,876 1683,876 1711,875 1739,874 1767,874 1796,874 1824,874 1852,874 1880,875 1908,876 1937,878"/>
                <TextEquiv>
                    <Unicode>Dela</Unicode>
                </TextEquiv>
            </TextLine>
            <TextLine id="r1l4" custom="readingOrder {index:3;}">
                <Coords points="2228,900 2303,899 2331,882 2377,923 2395,908 2417,907 2422,761 2365,767 2317,791 2297,786 2246,829 2230,833"/>
                <Baseline points="2238,885 2266,887 2294,888 2323,888 2351,889 2379,891 2408,893"/>
                <TextEquiv>
                    <Unicode>24</Unicode>
                </TextEquiv>
            </TextLine>
            <TextLine id="r1l5" custom="readingOrder {index:4;}">
                <Coords points="1587,976 1617,975 1644,987 1675,962 1688,977 1694,977 1710,962 1720,963 1723,907 1665,917 1655,914 1629,887 1609,884 1601,890 1591,889"/>
                <Baseline points="1598,951 1626,952 1654,953 1682,954 1710,957"/>
                <TextEquiv>
                    <Unicode>433</Unicode>
                </TextEquiv>
            </TextLine>
            <TextLine id="r1l6" custom="readingOrder {index:5;}">
                <Coords points="867,1090 2209,1091 2460,1080 2461,1022 1648,998 866,1052"/>
                <Baseline points="877,1081 955,1081 1034,1080 1113,1079 1192,1078 1270,1077 1349,1076 1428,1075 1507,1074 1585,1072 1664,1071 1743,1070 1822,1068 1900,1067 1979,1066 2058,1065 2137,1064 2215,1063 2294,1063 2373,1062 2452,1062"/>
                <TextEquiv>
                    <Unicode>flüssigere Technik: Keiner hat einen so sicheren Geschmack und die Fähigkeit, mit</Unicode>
                </TextEquiv>
            </TextLine>
            <TextLine id="r1l7" custom="readingOrder {index:6;}">
                <Coords points="878,1144 2465,1102 878,1105"/>
                <Baseline points="888,1137 966,1136 1044,1135 1122,1134 1201,1133 1279,1132 1357,1131 1436,1130 1514,1129 1592,1128 1671,1127 1749,1126 1827,1125 1905,1123 1984,1122 2062,1121 2140,1120 2219,1118 2297,1117 2375,1115 2454,1113"/>
                <TextEquiv>
                    <Unicode>Farbe und Form alles auszudrücken, was in ihm lebt. Seine Bilder dürfen nicht</Unicode>
                </TextEquiv>
            </TextLine>
            <TextLine id="r1l8" custom="readingOrder {index:7;}">
                <Coords points="876,1203 2457,1183 2456,1130 875,1155"/>
                <Baseline points="885,1187 963,1187 1041,1186 1119,1186 1197,1186 1275,1185 1353,1184 1431,1183 1509,1183 1587,1181 1665,1180 1743,1179 1821,1178 1899,1177 1977,1175 2055,1174 2133,1172 2211,1171 2289,1170 2367,1168 2446,1167"/>
                <TextEquiv>
                    <Unicode>neben den Werken zweier Zeitgenossen hängen: Böcklins pathetische Wucht erdrückt</Unicode>
                </TextEquiv>
            </TextLine>
            <TextLine id="r1l9" custom="readingOrder {index:8;}">
                <Coords points="870,1243 2252,1249 2460,1200 869,1200"/>
                <Baseline points="880,1247 958,1245 1037,1243 1115,1242 1194,1241 1272,1240 1351,1239 1429,1238 1508,1238 1586,1237 1665,1236 1744,1235 1822,1234 1901,1233 1979,1232 2058,1231 2136,1229 2215,1227 2293,1225 2372,1222 2451,1219"/>
                <TextEquiv>
                    <Unicode>ihn und das rembrandtsche Raffinement Degas' giebt ihm eine Nuance, die leise</Unicode>
                </TextEquiv>
            </TextLine>
            <TextLine id="r1l10" custom="readingOrder {index:9;}">
                <Coords points="868,1313 2453,1284 2452,1239 2350,1227 868,1276"/>
                <Baseline points="878,1302 956,1300 1034,1299 1112,1297 1191,1296 1269,1295 1347,1293 1426,1292 1504,1291 1582,1289 1661,1288 1739,1287 1817,1286 1895,1284 1974,1283 2052,1282 2130,1281 2209,1280 2287,1279 2365,1278 2444,1278"/>
                <TextEquiv>
                    <Unicode>an Paul Thumann erinnert. Das ist die Gefahr jeder Lyrik, die Grenze zwischen</Unicode>
                </TextEquiv>
            </TextLine>
            <TextLine id="r1l11" custom="readingOrder {index:10;}">
                <Coords points="875,1380 2467,1346 2467,1286 874,1317"/>
                <Baseline points="884,1355 962,1353 1041,1350 1119,1348 1198,1347 1277,1345 1355,1344 1434,1343 1513,1342 1591,1341 1670,1341 1749,1340 1827,1339 1906,1338 1985,1337 2063,1336 2142,1335 2221,1334 2299,1332 2378,1331 2457,1329"/>
                <TextEquiv>
                    <Unicode>feinster, zartester Empfindung und Süßlichkeit zu verfehlen. Neben allen Anderen</Unicode>
                </TextEquiv>
            </TextLine>
            <TextLine id="r1l12" custom="readingOrder {index:11;}">
                <Coords points="889,1411 2444,1408 2463,1337 888,1375"/>
                <Baseline points="898,1412 975,1410 1053,1408 1131,1406 1209,1405 1286,1403 1364,1402 1442,1401 1520,1399 1597,1398 1675,1397 1753,1396 1831,1395 1908,1393 1986,1392 2064,1391 2142,1390 2219,1389 2297,1387 2375,1386 2453,1384"/>
                <TextEquiv>
                    <Unicode>kann er bestehen. Das bedeutet für einen Maler, der sich jedes Ausdrucksmittel</Unicode>
                </TextEquiv>
            </TextLine>
            <TextLine id="r1l13" custom="readingOrder {index:12;}">
                <Coords points="876,1497 1205,1459 1534,1467 1583,1460 1582,1417 1280,1422 1229,1403 874,1436"/>
                <Baseline points="885,1466 919,1465 953,1464 988,1463 1022,1462 1057,1461 1091,1459 1125,1458 1160,1458 1194,1456 1229,1455 1263,1454 1297,1453 1332,1452 1366,1451 1401,1450 1435,1449 1469,1449 1504,1448 1538,1447 1573,1447"/>
                <TextEquiv>
                    <Unicode>selbst geschaffen hat, unendlich viel.</Unicode>
                </TextEquiv>
            </TextLine>
            <TextLine id="r1l14" custom="readingOrder {index:13;}">
                <Coords points="1009,1531 2465,1491 2439,1448 1873,1472 1626,1435 1008,1479"/>
                <Baseline points="1018,1512 1089,1512 1161,1511 1233,1510 1305,1509 1377,1507 1449,1506 1520,1505 1592,1503 1664,1502 1736,1500 1808,1499 1880,1498 1952,1497 2023,1496 2095,1495 2167,1495 2239,1494 2311,1494 2383,1494 2455,1495"/>
                <TextEquiv>
                    <Unicode>Die Form des romantischen Hellenismus, die er verkörpert, ist alt. Es ist</Unicode>
                </TextEquiv>
            </TextLine>
            <TextLine id="r1l15" custom="readingOrder {index:14;}">
                <Coords points="876,1577 2461,1557 2460,1506 2373,1497 875,1520"/>
                <Baseline points="885,1571 963,1570 1041,1568 1119,1567 1198,1565 1276,1564 1354,1562 1432,1561 1511,1559 1589,1558 1667,1556 1745,1555 1824,1553 1902,1552 1980,1551 2058,1549 2137,1548 2215,1547 2293,1546 2371,1545 2450,1544"/>
                <TextEquiv>
                    <Unicode>die zwiespaltige Sehnsucht aller Romantik, nach der Madonna und nach Aphroditen</Unicode>
                </TextEquiv>
            </TextLine>
            <TextLine id="r1l16" custom="readingOrder {index:15;}">
                <Coords points="878,1629 2427,1617 2469,1559 877,1604"/>
                <Baseline points="887,1630 965,1627 1044,1625 1123,1622 1201,1620 1280,1618 1359,1616 1437,1615 1516,1613 1595,1612 1674,1610 1752,1609 1831,1608 1910,1607 1988,1606 2067,1604 2146,1603 2224,1601 2303,1600 2382,1598 2461,1596"/>
                <TextEquiv>
                    <Unicode>zugleich. Das christliche Element wird heidnisch aufgeheitert, das heidnische leicht</Unicode>
                </TextEquiv>
            </TextLine>
            <TextLine id="r1l17" custom="readingOrder {index:16;}">
                <Coords points="892,1682 2473,1674 2472,1620 2405,1606 1079,1662 891,1627"/>
                <Baseline points="902,1681 980,1679 1058,1677 1136,1675 1214,1674 1292,1672 1370,1671 1448,1670 1526,1669 1604,1668 1682,1667 1760,1666 1838,1665 1916,1664 1994,1662 2072,1661 2150,1659 2228,1657 2306,1656 2384,1654 2463,1651"/>
                <TextEquiv>
                    <Unicode>christlich gedämpft. In den weiten Kreis dieser Empfindungsweise gehören die</Unicode>
                </TextEquiv>
            </TextLine>
            <TextLine id="r1l18" custom="readingOrder {index:17;}">
                <Coords points="887,1725 2327,1729 2464,1713 2464,1672 887,1701"/>
                <Baseline points="897,1731 974,1730 1052,1730 1130,1729 1208,1728 1286,1727 1364,1726 1441,1725 1519,1723 1597,1722 1675,1721 1753,1720 1831,1718 1909,1717 1986,1716 2064,1714 2142,1713 2220,1711 2298,1710 2376,1708 2454,1706"/>
                <TextEquiv>
                    <Unicode>Lieder Schumanns, die Gedichte Hölderlins. Hofmann zeichnet sich vor Allen</Unicode>
                </TextEquiv>
            </TextLine>
            <TextLine id="r1l19" custom="readingOrder {index:18;}">
                <Coords points="896,1796 2426,1779 2466,1713 895,1756"/>
                <Baseline points="905,1785 982,1785 1060,1784 1137,1784 1215,1783 1293,1782 1370,1780 1448,1779 1525,1778 1603,1776 1681,1775 1758,1774 1836,1772 1913,1771 1991,1769 2069,1768 2146,1767 2224,1766 2301,1765 2379,1764 2457,1763"/>
                <TextEquiv>
                    <Unicode>aus durch die Konsequenz des ganz modernen formalen Empfindens, das auf</Unicode>
                </TextEquiv>
            </TextLine>
            <TextLine id="r1l20" custom="readingOrder {index:19;}">
                <Coords points="883,1851 2389,1837 2471,1774 882,1806"/>
                <Baseline points="892,1843 970,1841 1048,1839 1127,1837 1205,1836 1284,1834 1362,1833 1441,1831 1519,1830 1598,1828 1676,1827 1754,1826 1833,1825 1911,1824 1990,1823 2068,1822 2147,1821 2225,1820 2304,1819 2382,1818 2461,1817"/>
                <TextEquiv>
                    <Unicode>den Grundlagen steht, die die Malerei des neunzehnten Jahrhunderts geschaffen</Unicode>
                </TextEquiv>
            </TextLine>
            <TextLine id="r1l21" custom="readingOrder {index:20;}">
                <Coords points="883,1903 2456,1888 2469,1823 882,1849"/>
                <Baseline points="893,1895 971,1894 1049,1892 1127,1891 1206,1890 1284,1889 1362,1887 1441,1886 1519,1885 1597,1884 1676,1883 1754,1882 1832,1881 1910,1880 1989,1878 2067,1877 2145,1876 2224,1874 2302,1873 2380,1871 2459,1870"/>
                <TextEquiv>
                    <Unicode>hat. Und so wird es nötig, um alles zu sagen, mit einer Frage zu schließen:</Unicode>
                </TextEquiv>
            </TextLine>
            <TextLine id="r1l22" custom="readingOrder {index:21;}">
                <Coords points="1015,1961 2458,1942 2470,1881 1014,1910"/>
                <Baseline points="1025,1947 1096,1946 1168,1944 1240,1943 1312,1941 1384,1940 1455,1939 1527,1938 1599,1936 1671,1935 1743,1934 1814,1933 1886,1932 1958,1931 2030,1931 2102,1929 2173,1928 2245,1927 2317,1926 2389,1925 2461,1923"/>
                <TextEquiv>
                    <Unicode>Hofmanns Farbensinn ist optisch verwandt mit dem der französischen Im¬</Unicode>
                </TextEquiv>
            </TextLine>
            <TextLine id="r1l23" custom="readingOrder {index:22;}">
                <Coords points="882,1999 2374,1998 2476,1937 881,1953"/>
                <Baseline points="891,2002 969,2001 1048,2000 1127,1999 1206,1997 1285,1996 1363,1995 1442,1994 1521,1993 1600,1991 1679,1990 1757,1989 1836,1987 1915,1986 1994,1985 2073,1983 2151,1982 2230,1981 2309,1980 2388,1978 2467,1977"/>
                <TextEquiv>
                    <Unicode>pressionisten und Koloristen. Das ist unzweifelhaft. Und der Geist seiner Arabesken</Unicode>
                </TextEquiv>
            </TextLine>
            <TextLine id="r1l24" custom="readingOrder {index:23;}">
                <Coords points="891,2067 2478,2056 2477,2000 2410,1984 891,2036"/>
                <Baseline points="901,2059 979,2056 1057,2054 1136,2052 1214,2050 1292,2048 1371,2047 1449,2046 1527,2044 1606,2043 1684,2042 1762,2041 1841,2040 1919,2040 1997,2038 2076,2037 2154,2036 2232,2035 2311,2033 2389,2032 2468,2030"/>
                <TextEquiv>
                    <Unicode>ist verwandt mit dem praktischen Ornament der neuen Nutzkunst, mit der Ornamentik</Unicode>
                </TextEquiv>
            </TextLine>
            <TextLine id="r1l25" custom="readingOrder {index:24;}">
                <Coords points="888,2117 2352,2109 2470,2087 2469,2047 887,2081"/>
                <Baseline points="897,2118 975,2115 1053,2111 1131,2108 1209,2106 1287,2104 1365,2103 1444,2101 1522,2100 1600,2099 1678,2098 1756,2097 1834,2096 1912,2095 1991,2094 2069,2093 2147,2091 2225,2089 2303,2087 2381,2085 2460,2082"/>
                <TextEquiv>
                    <Unicode>von de Veldes, Eckmanns und Anderer. Das kann nicht Zufall sein. Die Welt¬</Unicode>
                </TextEquiv>
            </TextLine>
            <TextLine id="r1l26" custom="readingOrder {index:25;}">
                <Coords points="902,2188 2353,2161 2480,2137 2479,2081 901,2140"/>
                <Baseline points="912,2169 989,2167 1067,2165 1145,2162 1223,2161 1301,2159 1379,2157 1457,2156 1535,2154 1613,2153 1691,2152 1768,2150 1846,2149 1924,2148 2002,2147 2080,2146 2158,2144 2236,2143 2314,2141 2392,2140 2470,2138"/>
                <TextEquiv>
                    <Unicode>anschauungen, die der sozialen und der romantischen Kunst zu Grunde liegen, sind</Unicode>
                </TextEquiv>
            </TextLine>
            <TextLine id="r1l27" custom="readingOrder {index:26;}">
                <Coords points="900,2223 2264,2221 2476,2195 2476,2154 899,2188"/>
                <Baseline points="909,2221 986,2219 1064,2218 1142,2216 1220,2215 1298,2214 1376,2212 1454,2211 1532,2210 1610,2208 1688,2207 1765,2206 1843,2204 1921,2203 1999,2201 2077,2200 2155,2198 2233,2197 2311,2195 2389,2194 2467,2192"/>
                <TextEquiv>
                    <Unicode>unvereinbar; die Kunstmittel sind hier und da ähnlich. Nun besteht zwischen for¬</Unicode>
                </TextEquiv>
            </TextLine>
            <TextLine id="r1l28" custom="readingOrder {index:27;}">
                <Coords points="890,2284 2475,2245 2435,2202 889,2228"/>
                <Baseline points="901,2275 979,2274 1057,2273 1135,2272 1213,2271 1292,2270 1370,2268 1448,2266 1526,2264 1604,2262 1683,2260 1761,2258 1839,2257 1917,2255 1995,2253 2074,2252 2152,2251 2230,2250 2308,2249 2386,2249 2465,2249"/>
                <TextEquiv>
                    <Unicode>malem Mittel und poetischer Absicht eine tiefe Verbindung, die in der verborgenen</Unicode>
                </TextEquiv>
            </TextLine>
            <TextLine id="r1l29" custom="readingOrder {index:28;}">
                <Coords points="890,2331 2312,2326 2465,2311 2465,2272 890,2303"/>
                <Baseline points="900,2331 977,2329 1055,2326 1133,2325 1211,2323 1288,2321 1366,2320 1444,2319 1522,2317 1599,2316 1677,2315 1755,2314 1833,2313 1910,2311 1988,2310 2066,2309 2144,2308 2221,2306 2299,2305 2377,2303 2455,2301"/>
                <TextEquiv>
                    <Unicode>Werkstatt der Kunstempfindung geschlossen wird. Die Frage ist: deutet diese Ein¬</Unicode>
                </TextEquiv>
            </TextLine>
            <TextLine id="r1l30" custom="readingOrder {index:29;}">
                <Coords points="899,2402 2477,2363 2415,2309 898,2349"/>
                <Baseline points="908,2387 990,2385 1072,2383 1154,2381 1236,2379 1318,2377 1400,2376 1482,2374 1564,2373 1646,2371 1728,2369 1810,2368 1892,2366 1974,2365 2056,2363 2138,2361 2220,2359 2302,2357 2384,2354 2467,2352"/>
                <TextEquiv>
                    <Unicode>heit der formalen Empfindung auf eine endliche Einigung der kämpfenden Welt¬</Unicode>
                </TextEquiv>
            </TextLine>
            <TextLine id="r1l31" custom="readingOrder {index:30;}">
                <Coords points="898,2446 2479,2400 2336,2363 898,2418"/>
                <Baseline points="908,2440 986,2438 1064,2436 1142,2434 1220,2433 1298,2431 1376,2429 1454,2428 1532,2426 1610,2425 1688,2423 1766,2422 1844,2421 1922,2419 2000,2417 2078,2416 2156,2414 2234,2412 2312,2410 2390,2408 2469,2406"/>
                <TextEquiv>
                    <Unicode>anschnuungen hin, giebt es hier eine Andeutung, daß sich der sociale Geist mit dem</Unicode>
                </TextEquiv>
            </TextLine>
            <TextLine id="r1l32" custom="readingOrder {index:31;}">
                <Coords points="894,2490 2473,2468 2411,2416 893,2441"/>
                <Baseline points="903,2491 981,2489 1059,2488 1137,2486 1215,2485 1293,2484 1371,2482 1449,2481 1527,2480 1605,2478 1683,2477 1761,2476 1839,2474 1917,2473 1995,2472 2073,2470 2151,2469 2229,2467 2307,2466 2385,2464 2463,2462"/>
                <TextEquiv>
                    <Unicode>aristokratischen, der christliche mit dem hellenischen verschmelzen kann zu einer ein¬</Unicode>
                </TextEquiv>
            </TextLine>
            <TextLine id="r1l33" custom="readingOrder {index:32;}">
                <Coords points="894,2561 2432,2533 2488,2475 893,2514"/>
                <Baseline points="903,2550 981,2547 1060,2544 1139,2542 1218,2540 1297,2538 1375,2536 1454,2535 1533,2533 1612,2532 1691,2530 1769,2529 1848,2528 1927,2527 2006,2525 2085,2523 2163,2521 2242,2519 2321,2516 2400,2513 2479,2510"/>
                <TextEquiv>
                    <Unicode>zigen, großen Weltanschauung, die im Stande ist, jede alte und neue Sehnsucht</Unicode>
                </TextEquiv>
            </TextLine>
            <TextLine id="r1l34" custom="readingOrder {index:33;}">
                <Coords points="899,2598 2452,2593 2494,2523 898,2565"/>
                <Baseline points="909,2601 987,2600 1066,2599 1145,2598 1224,2597 1303,2596 1381,2595 1460,2593 1539,2592 1618,2590 1697,2588 1775,2586 1854,2584 1933,2583 2012,2580 2091,2578 2169,2576 2248,2573 2327,2571 2406,2568 2485,2565"/>
                <TextEquiv>
                    <Unicode>unseres Herzens zu beantworten? Oder, wie ist die Erscheinung sonst zu verstehen?</Unicode>
                </TextEquiv>
            </TextLine>
            <TextLine id="r1l35" custom="readingOrder {index:34;}">
                <Coords points="1024,2653 1316,2692 1391,2658 2370,2647 2369,2607 2258,2582 1023,2626"/>
                <Baseline points="1033,2653 1099,2653 1165,2653 1231,2653 1298,2652 1364,2651 1430,2650 1497,2649 1563,2648 1629,2646 1696,2644 1762,2642 1828,2641 1894,2638 1961,2636 2027,2634 2093,2632 2160,2630 2226,2628 2292,2626 2359,2624"/>
                <TextEquiv>
                    <Unicode>Von dieser Frage wird die Ruhe noch mancher Generation abhängen.</Unicode>
                </TextEquiv>
            </TextLine>
            <TextLine id="r1l36" custom="readingOrder {index:35;}">
                <Coords points="987,3661 1099,3651 1166,3671 1269,3650 1326,3669 1385,3654 1417,3669 1486,3636 1486,3614 1397,3598 1373,3612 1271,3604 1149,3620 1084,3600 987,3622"/>
                <Baseline points="997,3648 1022,3648 1047,3648 1072,3648 1097,3648 1122,3648 1147,3649 1173,3649 1198,3649 1223,3650 1248,3650 1273,3650 1298,3650 1324,3650 1349,3650 1374,3649 1399,3649 1424,3648 1449,3647 1475,3646"/>
                <TextEquiv>
                    <Unicode>Neue Deutsche Rundschau (XII).</Unicode>
                </TextEquiv>
            </TextLine>
            <TextEquiv>
                <Unicode>box 20/3
14. Der Schleier der Beatrice
Dela
24
433
flüssigere Technik: Keiner hat einen so sicheren Geschmack und die Fähigkeit, mit
Farbe und Form alles auszudrücken, was in ihm lebt. Seine Bilder dürfen nicht
neben den Werken zweier Zeitgenossen hängen: Böcklins pathetische Wucht erdrückt
ihn und das rembrandtsche Raffinement Degas' giebt ihm eine Nuance, die leise
an Paul Thumann erinnert. Das ist die Gefahr jeder Lyrik, die Grenze zwischen
feinster, zartester Empfindung und Süßlichkeit zu verfehlen. Neben allen Anderen
kann er bestehen. Das bedeutet für einen Maler, der sich jedes Ausdrucksmittel
selbst geschaffen hat, unendlich viel.
Die Form des romantischen Hellenismus, die er verkörpert, ist alt. Es ist
die zwiespaltige Sehnsucht aller Romantik, nach der Madonna und nach Aphroditen
zugleich. Das christliche Element wird heidnisch aufgeheitert, das heidnische leicht
christlich gedämpft. In den weiten Kreis dieser Empfindungsweise gehören die
Lieder Schumanns, die Gedichte Hölderlins. Hofmann zeichnet sich vor Allen
aus durch die Konsequenz des ganz modernen formalen Empfindens, das auf
den Grundlagen steht, die die Malerei des neunzehnten Jahrhunderts geschaffen
hat. Und so wird es nötig, um alles zu sagen, mit einer Frage zu schließen:
Hofmanns Farbensinn ist optisch verwandt mit dem der französischen Im¬
pressionisten und Koloristen. Das ist unzweifelhaft. Und der Geist seiner Arabesken
ist verwandt mit dem praktischen Ornament der neuen Nutzkunst, mit der Ornamentik
von de Veldes, Eckmanns und Anderer. Das kann nicht Zufall sein. Die Welt¬
anschauungen, die der sozialen und der romantischen Kunst zu Grunde liegen, sind
unvereinbar; die Kunstmittel sind hier und da ähnlich. Nun besteht zwischen for¬
malem Mittel und poetischer Absicht eine tiefe Verbindung, die in der verborgenen
Werkstatt der Kunstempfindung geschlossen wird. Die Frage ist: deutet diese Ein¬
heit der formalen Empfindung auf eine endliche Einigung der kämpfenden Welt¬
anschnuungen hin, giebt es hier eine Andeutung, daß sich der sociale Geist mit dem
aristokratischen, der christliche mit dem hellenischen verschmelzen kann zu einer ein¬
zigen, großen Weltanschauung, die im Stande ist, jede alte und neue Sehnsucht
unseres Herzens zu beantworten? Oder, wie ist die Erscheinung sonst zu verstehen?
Von dieser Frage wird die Ruhe noch mancher Generation abhängen.
Neue Deutsche Rundschau (XII).</Unicode>
            </TextEquiv>
        </TextRegion>
    </Page>
</PcGts>
