3484 4256
337 138 1851 249 14. Der Schleien der Beatrice
892 1007 1317 1092 Telefon 12801.
763 1111 1771 1220 Unternehmen für Zeitungs-Ausschnitte
1443 1187 1632 1254 Ausschnltt
780 1204 1386 1340 „DBSERVER
1463 1239 1761 1335 Nr. 48
654 1331 1778 1425 cone. Bureau für Zeitungsberichte u. Personalnachrichte
503 1403 1657 1498 Wien, IX/1, Türkenstrasse 17.
703 1474 1438 1573 — Filiale in Budapest: „Figyelö“ —
351 1488 499 1572 S
376 1559 1778 1647 We###tungen in Berlin, Chicago, Geni, London, Newyork, Paris, Rom, Stockhol
1037 1640 1650 1765 Pesti Napfe
377 1666 908 1753 Ausschnitt aus:
374 1808 911 1914 4%
548 1865 1604 2084 IRODALON ES MUVESZET
605 2123 1595 2185 (*) Oszträk 1z16s, német 1zlés. Annak idején,
555 2169 1597 2243 mikor dr. Schlenthert, a berlini Vossische Zeitung
554 2221 1604 2309 hires drámabirälójät a bécsi Burgszinházhoz- Hivtäk
560 2283 1612 2355 meg igazgatönak, nagy volt à kedvetlenseg à“ bécsi,
562 2344 1613 2404 tehät oszträk drämabiräló körökben. A béesi 6s a
548 2389 1617 2460 berlini literatorok között régtöl fogva féltékenykedés#
554 2422 1608 2515 és vetélkedés volt s a béesiek a berlini kritikus ki¬
567 2492 1615 2577 nevezésében az oszträk kritika dezavuälásät lättäk.
562 2548 1601 2644 Az ellentét azonhan lappangott: a Schlenther el¬
505 2617 1601 2687 50 ismert tudäsa lefojtotta kitörését. Most azonban azt
388 2633 493 2701 Für
481 2647 1774 2728 100 telefonozza bécsi tudösitönk, hogy Schlenther között, inclusive
469 2727 802 2792 200 Ju—
583 2723 1747 2848 6 pur 'spjodosdor u giotjozdon uuispje vizonhög Porto.
1585 2750 1755 2808 Zahlbar
470 2764 586 2821 500
423 2801 572 2863 „ 1000
473 2780 1763 2902 Im —10 Apitz kopupg 42on 71104 zu 10s9fof K elspiis9119 u Voraus
357 2830 1609 2948 Abonnemer #2# onig 51#z0 feng wato Ajung use aossin
1608 2864 1728 2924 eist
355 2874 1723 3006 Abonnenter =35120A Boolog st loinzs gusoononf # sy knapne zuffleg he es
566 2928 1650 3069 u apm ugügssuzyt v ungelfomozs gusohlot oddrsg.
470 3014 584 3078 Der
354 2984 1631 3117 Unhaltsang -Zinqumnegog papunkosp umtunzs un Aspic Nuozsen
382 2998 1757 3146 Vltter -usu zyfet unn sysolog suzsson jenpögsiidos jesg iltend d
1608 3081 1764 3131 orger
607 3103 1740 3216 41923 1011154 v s) z0ag2 zinhu spyusjeg u Apus Zeiunt
405 3133 612 3204 Nurch ein
1327 3153 1755 3209 les iedoand zuche Lebe
437 3182 605 3238 In- un
921 3167 1757 3255 ain Gevin 2## Richwirc. Diese Mittheilung
486 3195 1169 3297 in Wien um 9 Uhr Früh verschickt.
662 3315 1485 3383 Prospecte gratis und franco.
2014 141 2406 237 box 20
2335 1065 2749 1133 Telefon 12801.
1869 1167 3208 1224 Alex. Weigl’s Unternehmen für Zeitungs-Ausschnitte
2873 1223 3083 1292 Ausschnitt
2888 1272 3210 1383 Nr. 16
2204 1249 2823 1388 „OBSERVER
1788 1268 2077 1395 N 105
1802 1386 3252 1434 I. österr. behördl. conc. Buseau für Zeitungsberichte u. Personalnachrichten
1993 1450 3102 1541 Wien, IX, Türkenstrasse 17.
2207 1517 2882 1614 Filiale in Budapest: „Figyelö“ —
1816 1598 3249 1671 Vertretungen in Berlin, Chicago, Genf, London, Newyork, Paris, Rom, Stockholm.
1800 1735 3049 1869 Ausschnitt aus: Berliser Borsch-Aanung
1803 1862 2461 1974 N## 75. 0 4000
2059 2270 3071 2354 F.— Der Director des Wiener Burgtheaters, K
2046 2336 2984 2394 Paul Schlenther lehnte Arthur Schnitzlers
2052 2381 2987 2435 heuestes Schauspiel „Der Schleier der Beatrice“
2065 2423 2997 2474 b, obwohl dasselbe schon Anfang des Jahres ein¬
2049 2455 2986 2515 gereicht worden war, und Schlenther damals die Auf
2039 2490 2997 2547 führung zugesagt haben soll. Es heißt aber, dem
2050 2541 2992 2599 „B. T.“ zufolge, daß aus Hofkreisen sich Einflüsse
2042 2593 2988 2629 gegen die weitere Aufführung Schnitzlerscher Stücke im
2042 2618 2990 2683 Burgtheater geltend machten und zwar in Folge der
2043 2655 2982 2704 Revolutionssceuen im „Grünen Kakadu“, die bei
1834 2693 2988 2739 Für 50 ZeHofe einen ungünstigen Eindruck machten. Damit
3016 2711 3216 2767 inclusive
1939 2732 2032 2780 100
2048 2738 2989 2803 soll auch zusammenhängen, daß Hugo von Hoff¬
3052 2754 3194 2802 Porto.
2052 2784 2993 2836 mannsthal sein bereits im Burgtheater einge¬
3019 2776 3214 2842 Zahlbar
1924 2813 2033 2855 500
1861 2814 1929 2871 91
2037 2807 2998 2877 reichtes Schauspiel „Das Bergwerk von Falun“
2993 2826 3225 2905 im Voraus.
1867 2847 2028 2916 „ 1000
2046 2862 2998 2910 wieder zurückzog. Die Kritiker der meisten Wiener
2029 2900 2981 2950 6Blätter, wie Herrmann Bahr, Julius Bauer, J. J.
1928 2906 2028 2961 Im
3003 2897 3255 2961 itte ist das
1814 2945 2985 2990 Abonnement David, Robert Hirschfeld, Felix Salten, Ludwig
3004 2948 3258 3007 steht es den
1827 2984 2987 3049 Abonnenten (Speidel, veröffentlichen morgen eine Erklärung gegen
2998 2990 3107 3050 ern.
2047 3020 2989 3069 den Director des Burgtheaters, Schleuther, wegen der
2046 3056 2983 3103 Verletzung der Rechte und Interessen dramatischer
2998 3057 3256 3130 sthaltend die
1933 3077 2986 3150 Der Putoren, indem er die Aufführung von Schnitzlers
3011 3117 3254 3169 Morgen¬
1821 3104 2096 3170 Inhaltsanga“
1827 3132 2991 3203 blütter „„Schleier der Beatrice“ am 13. Februar 1900 schrift¬
2989 3156 3251 3212 der Zeitung“)
1833 3165 2985 3240 wodurch einelich zusagte und nach langen Verzögerungen und Auss
2986 3193 3264 3249 ftliche Leben
1840 3234 2068 3284 des In- und
3000 3233 3259 3299 Mittheilungen
1841 3266 2041 3341 werden in
2060 3266 2997 3327 flüchten das Stück am 2. September ablehnte und
2055 3323 3002 3372 zurückschickte. Die Erklärung wird aber vielfach ge¬
2060 3357 3000 3409 mißbilligt, weil sie ungerecht sei und sich nicht gegen
2060 3393 3010 3451 die eigentlich schuldige Seite wende, da Schlenther
2065 3433 3009 3504 durch den Einfluß der Hofparteien genöthigt worden
2042 3480 2521 3540 sei, das Stück abenlehnen.
