3484 4352
287 242 1790 361 14. Der Schleier der Bestrice
533 389 1800 443 uns. Der Grund hiervon liegt einfach darin, dass die Kinder immer
523 442 1517 519 beschäftigt sind, dass sie nicht müßig gehen können.
641 495 1806 556 Ich habe noch nie ein normales, gesundes Kind sich selbst
525 539 1802 611 überlassen gesehen, ohne dass es rastlos thätig gewesen wäre. Wie
526 582 1806 637 ein perpetuum mobile ist es geschäftig von früh bis spät. Als ob
534 623 1809 697 sie nicht Blut, sondern Queckülber oder lebendige Ameisen in den
537 674 1811 729 Adern hätten, hüpfen, springen, reißen, bauen, lachen, fragen, essen
536 716 1817 775 und trinken unsere kleinen Pädagogen, bis der Schlaf ihnen die
529 761 1806 833 Augen schließt. Diese fortwährende Arbeit und die Art und Weise,
539 803 1815 872 wie sie dieselbe betreiben, ist es. die ihnen das Leben süß macht
543 854 1825 910 und erhält. Oft muss man die Emsigkeit, Gründlichkeit, Hingebung
542 893 1817 946 und Beharrlichkeit bewundern, mit welcher zarte Kinderhändchen
530 936 1816 997 ihre Hantierungen verrichten. Dieser bienenartige Fleiß, der sie
540 981 1813 1039 alles Mögliche und Unmögliche sammeln läfst, dieser innere Wissens¬
541 1027 1816 1084 drang, mit dem sie die Blume zerpflücken, ein Bild zerschneiden,
534 1070 1829 1146 ihre Trommel zerschlagen und den Spiegel zertrümmern, nur um
532 1116 1786 1173 zu erfahren, „was darin ist“ und „wie es inwendig aussieht,“ di
544 1161 1820 1214 mütterliche Sorgfalt für die Puppe die Ausdauer bei der Auf¬
542 1198 1824 1262 stellung des Baukastens, diese zahlreichen, mit der wichtigsten Miene
533 1247 1823 1305 der Welt ausgeführten Geschäfte lassen keinen Sinn und, was noch
544 1289 1803 1358 mehr ist, keine Zeit zu Launen und Sorgen. Das Kind geht so
535 1341 1821 1399 vollständig in dieser seiner Thätigkeit auf, dass es Vergangenheit
536 1379 1817 1433 und Zukunft darüber vergisst, dass es nur den Augenblick ausnützt,
536 1431 1824 1476 diesen dafür aber voll und ganz genießt. Wer aber unbekümmert
541 1474 1823 1532 um Vergangenheit und Zukunft die Gegenwart mit vollen Zügen
546 1503 1830 1569 genießen kann, der ist glücklich. Das Glück sorgloser Heiterkeit will
553 1567 1828 1616 durch fortwährende Thätigkeit und durch Freude an der Thätigkeit
554 1615 1832 1668 bei den Kleinen wie bei den Großen erworben werden. Wo unsere
552 1650 1828 1708 Neigung der Berufsthätigkeit und die Berufsthätigkeit der Neigung
550 1688 1827 1743 entspricht, wird sich auch überall die höchste Freude finden. Müßig¬
545 1734 1830 1811 gang ist nicht nur der Anfang aller Laster, sondern auch aller Sorge
552 1786 1830 1839 und Schwermuth. Wie man sie aus dem Herzen und aus dem
558 1829 1838 1893 Hause bannt, können wir nirgends besser als an dem Beispiele
547 1878 1015 1948 unserer Kinder lernen.
661 1902 1829 1974 Es sei uns noch gestattet, auf eine andere für unsere eigene
546 1967 1830 2011 Erziehung höchst bedeutsame Lebensregel aufmerksam zu machen,
545 2011 1842 2062 welche aus dem Beispiele unserer Kinder zu uns spricht. Sie
557 2054 1828 2125 schütteln, selbst wo ein gewaltsamer Eingriff in ihre naturwüchsige
553 2108 1837 2158 Heiterkeit dieselbe stört, ihr Weh leichter ab, als die Erwachsenen
558 2143 1836 2205 es vermögen. Sie kennen nichts Böses, vor allem aber tragen sie
562 2193 1831 2252 keinen Hass nach. Der Erzieher, welcher ein Kind zu strafen ge¬
560 2233 1842 2297 nöthigt ist, wird von der Strafe mehr und länger verbittert, als
555 2274 1837 2337 dieses selbst. Es trägt dem gerecht und auf vernünftige Weise
561 2313 1840 2374 strafenden Erzieher keinen Groll nach, es kann ohne Selbstüber¬
564 2359 1839 2421 windung wenige Minuten nachher die strafende Hand mit derselben
565 2402 1843 2472 Innigkeit küssen und hat absolut kein Verständnis dafür, wie man
564 2445 1843 2519 Hafs im Herzen hegen und pflegen kann. Wo dies im vorgerückten
566 2499 1844 2550 Kindesalter nicht mehr der Fall ist, hat das Beispiel der Großen
568 2545 1844 2603 seinen unseligen Einfluss bereits geltend gemacht. Es gehört nur
561 2588 1848 2654 wenig Unvernunft dazu, dem Kinde die himmlische Gabe des Ver¬
563 2622 1847 2697 gessens aller Widerwärtigkeiten zu rauben und ihm das Gift des
567 2675 1851 2729 Grolls und der Tücke einzuträufeln. Es bedarf für das Kind nur
567 2715 1847 2785 weniger Stunden, oft nur weniger Minuten, um alles Trübe zu
570 2765 1857 2828 vergessen. Mit jedem neuen Tage beginnt für das Kind ein neues
561 2802 1851 2879 Leben, welches durch keine Spur von dem Weh des gestrigen Tages
564 2857 949 2926 verunstaltet wird.
677 2904 1847 2962 Nirgends auf Erden erscheint das Ebenbild Gottes getrübter,
564 2948 1843 3000 als in der Brust, in welcher die schwarzen Nachtgedanken des
572 2985 1843 3044 Grolles und des Hasses nisten, und nirgends tritt es herrlicher und
570 3033 1852 3100 herzgewinnender auf, als in dem Leben des Kindes, dessen Fähig¬
568 3087 1850 3136 keit, zu vergeben und zu vergessen. nur von Gottes himmlischer
577 3124 1850 3186 Liebe und Gnade übertroffen wird. Wie sichern sich nun die Kinder
571 3167 1853 3226 den beglückenden Besitz dieses göttlichen Angebindes? Durch ihre
576 3221 1763 3278 unermüdliche Thätigkeit, von der wir schon gesprochen haben.
686 3256 1859 3319 So können wir durch den Umgang mit den Kindern mehr
581 3311 1856 3379 lernen, frommer, edler und weiser werden, als oft durch den Um¬
565 3359 1602 3443 gang mit den weisesten Leuten unserer Bekanntschaft.
1559 3393 1813 3468 J. B. Manz.
779 3410 964 3499 z
975 3451 1022 3494 —
624 3533 1799 3625 Neueste Dichtungen von Arthur Schnitzler.
606 3619 1864 3687 Dem Literarhistoriker liegt es nahe, die einzelnen Schöpfungen
634 3681 1853 3731 2 des Tages auf ihren Zusammenhang mit der allgemeinen dich¬
589 3718 1854 3765 terischen Entwickelung hin zu prüfen, beim neuesten Werke eines
583 3764 1857 3823 Schriftstellers zu fragen, welche Bedeutung ihm beim Vergleiche mit
578 3797 1863 3860 dessen bisherigen Leistungen zukommt. Und von den drei jüngsten
592 3847 1860 3902 Dichtungen Schnitzlers geben wenigstens zwei zu solcher Erwägung
591 3896 1856 3956 ganz besonderen Anlass Die Jahre 1900/1 wird man künstig ein¬
592 3930 1858 3994 mal bei einem Ueberblicke von Arthur Schnitzlers dichterischem Ent¬
585 3983 1865 4034 wickelungsgange wohl zu beachten haben. Schnitzler hat in diesen
597 4018 1867 4083 zwei Jahren seinen ersten Versuch im Roman veröffentlicht und
594 4064 1868 4124 hat den bisherigen Umkreis seines dramatischen Schaffens mit einer
591 4109 1871 4174 Tragödie hohen Stils überschritten. Ein dramatisches Werk wie
1955 224 2404 326 box 20/3
1827 375 3094 438 „Der Schleier der Beatrice"*) konnte nur gelingen auf
1823 423 3100 486 Grundlage so langjähriger und scharfer psychologischer Beobachtungen,
1818 479 3109 533 wie sie die beiden fast gleichzeitig damit erschienenen Erzählungen,
1831 514 3113 575 der Roman „Frau Bertha Garlan“**) und die Novelle
1835 554 3110 618 „Lieutenant Gustl"***), erkennen lassen. Soweit das Renaissance¬
1820 606 3115 648 drama von den aus kleinlichen Verhältnissen der nächsten Umgebung
1832 652 3105 713 und des Tages berichtenden Erzählungen auch abliegt, so ist die
1831 703 3109 759 psychologische Meisterschaft doch dem Schauspiel und den beiden Er¬
1828 745 2278 814 zählungen gemeinsam.
1956 776 3108 861 „Lieutenant Gustl“ ist durch die unerfreulichen Folgen,
1834 835 3120 892 welche die Veröffentlichung des Werkes für den Verfasser nach sich
1838 889 3101 941 zog, in allen Tageszeitungen genannt worden. Auch sehr militär¬
1831 927 3105 981 fromm gesinnte Leser werden nicht recht verstehen, wie die Novelle
1837 965 3121 1037 im österreichischen Offieierscorps so schweres Aergernis erregen
1839 1003 3119 1071 konnte. Zum Idealmenschen fehlt dem leichtsinnigen Lieutenant Gustl
1833 1062 3126 1117 freilich recht viel, aber es ist doch sehr fraglich, ob auch bei strenger
1836 1103 3118 1166 Auffassung des militärischen Ehrbegriffes Gustl sich des Officiers¬
1837 1144 3114 1200 standes unwürdig macht, wenn- er durch den zufälligen Tod seines
1840 1182 3126 1242 Beleidigers die Sache für erledigt ansieht. Sein fester Todesentschluss
1835 1246 3128 1304 hat doch zur Genüge bewiesen, dass es ihm mit der Reinerhaltung
1841 1281 3132 1342 des Ehrbegriffes, wie er im Kameradenkreise einmal festgestellt ist,
1844 1325 3122 1382 bitterer Ernst ist. Im alten spanischen Drama würde zweifellos die
1836 1361 3128 1432 Dichter und Publicum beherrschende Auffassung, trotz dieses glück¬
1848 1409 3125 1474 lichen Todesfalles des handfesten Bäckermeisters, den freiwilligen
1848 1452 3137 1516 Sühnetod des Caballero gefordert haben. Unter den modernen Lesern
1837 1497 3138 1551 werden wenige den lebenslustigen, durch manche Züge unsere Theil¬
1846 1539 3138 1602 nahme weckenden Lieutenant zum Tode verdammen, und jeden¬
1848 1587 3132 1648 falls war der Gustl, dessen Bekanntschaft wir gemacht haben, gar
1837 1630 3129 1683 nicht einer solch tieferen Auffassung des Ehrbegriffes fähig, dass er
1845 1672 3129 1735 sich gesagt hätte: der Schimpf haftet an mir, ob jemand darum
1840 1718 3141 1788 weiß oder nicht, und darnach heroisch gehandelt hätte. Es wird in
1849 1770 3137 1830 Oesterreich wie in anderen Ländern genug Officiere geben, die so
1842 1808 3156 1873 denken und handeln würden, aber ein großer Theil, vor allem der
1853 1865 3135 1907 noch jungen, noch nicht durch den Ernst des Lebens erzogenen
1846 1899 3134 1953 Officiere wird wie Lieutenant Gustl handeln. Und die Vorführung
1842 1957 3142 2001 eines solchen, eben noch unreifen jungen Mannes wird nach dem
1859 1978 3149 2051 Empfinden der meisten civilistischen wie militärischen Leser keinen
1847 2024 3140 2095 Angriff auf Staatsanschauungen enthalten, wie sie tedenziös ver¬
1860 2076 3135 2149 letzend etwa in Sudermanns „Ehre“ erhoben worden sind. Nachdem
1855 2122 3138 2176 einmal die Novelle vor ein anderes Forum, als das der ästhetischen
1852 2173 3150 2238 Beurtheilung gebracht worden ist, war eine Stellungnahme zu jener
1858 2192 3149 2274 Frage nicht zu vermeiden. Als Dichtung fordert „Lientenant Gustl“
1858 2248 3142 2316 nach der technischen Seite zu einem Vergleiche mit Gerhart Haupt¬
1857 2295 3169 2366 manns novellistischer Studie „Der Apostel“ heraus. Hier wie dort
1862 2336 3138 2396 haben wir die Entwickelung eines Seelenzustandes als den eigent¬
1859 2385 3145 2442 lichen Inhalt. Bei Schnitzler folgt aber der höchsten Anspannung
1864 2434 3155 2485 die heitere Auflösung, der Held wird aus seinem toddrohenden Vor¬
1864 2475 3152 2543 stellungskreise durch den Kobold Zufall gerettet, während Haupt¬
1868 2514 3146 2575 manns Held in der Flut der auf ihn andrängenden Wahnvor¬
1866 2562 3146 2615 stellungen rettungslos versinkt. Als novellistische, psychologische
1869 2603 3153 2668 Studien mehr, denn wie als wirkliche Novellen dürften beide
1863 2649 3140 2704 Werke zu bezeichnen sein. Während aber Hauptmann als Autor
1868 2698 3158 2752 die Umgebung schildert und uns als einer, der gleichsam in das
1872 2747 3150 2806 Innere des Apostels hineinschaut, von dessen wachsender Geistes¬
1863 2778 3155 2836 wirrung berichtet, hat Schnitzler mit technischer Virtuosität sich
1867 2836 3152 2899 jeder Einmischung des Erzählers enthalten. Vom ersten bis zum
1872 2872 3154 2931 letzten Worte, von der Langweile über die ernste Concertmusik bis
1875 2919 3150 2977 zum innern Jubel über die Mittheilung des schläfrigen Kellners,
1870 2965 3154 3024 haben wir es nur mit dem Helden selbst als Sprechenden oder
1867 3007 3149 3062 vielmehr Denkenden zu thun, denn den ganzen äußeren und
1870 3050 3143 3115 inneren Vorgang erfahren wir ja nur als Theilnehmer von Gustls
1869 3094 3156 3152 Gedankenmonolog. Selbst die Beleidigung, welche der thöricht von
1876 3139 3151 3195 Gustl gereizte Bäckermeister dem entwaffneten Officier an den
1868 3190 3145 3248 Kopf schleudert, erfuhren wir nur aus Gustls Gedanken, die für den
1875 3218 3144 3279 Leser eben die Monologform annehmen. Freilich hätte Schnitzler
1870 3272 3154 3320 dabei besser gethan, Gustls Gedankengänge etwas abzukürzen Im
1872 3309 3158 3381 Verhältnis zu dem knappen Inhalt und zu der gewählten Form
1884 3376 3149 3420 ist die Novelle zu lang gerathen trotz des urwüchsig frischen Tones,
1876 3406 3006 3456 der in jedem einzelnen Zuge festgehaltenen Lebenswahrheit.
1979 3449 3164 3517 Die unbedingte Lebenswahrheit in jeder einzelnen Person
1877 3500 3161 3556 wie in dem greifbaren Milien des ganzen kleinen Städtchens fesselt
1880 3547 3153 3610 uns auch in dem Roman „Frau Bertha Garlan“ Schnitzler
1873 3592 3157 3648 hat sich auch im Roman auf eine einfache Handlung beschränkt.
1878 3637 3166 3691 Ohne Liebe hat Frau Bertha nach Aufgabe ihrer Jugendhoffnungen
1877 3679 3155 3741 auf eine Künstlerlaufbahn ihren braven Philister geheiratet, aber
1882 3721 3159 3782 in der jungen Witwe wächst immer unabweisbarer die Sehnsucht
1884 3768 3168 3819 heran, auch einmal etwas zu erleben. Das Bild ihres einstigen
1885 3818 3169 3875 Kameraden, der inzwischen ein berühmter Geiger geworden ist. wird
1881 3851 3165 3903 wieder in ihr lebendig, sie sucht ihr Ideal in Wien auf. Für den
1884 3894 3160 3950 Verwöhnten ist die Liebesnacht, in der Bertha den Inhalt ihres
1888 3950 3146 4028 Lebens finden möchte, nur eines von seinen vielen galanten Aben¬
2033 4008 3155 4081 ) Schauspiel in fünf Aeten. Zweite Auflage. Berlin, S. Fischees Verlag, 1901.
1884 4058 2054 4119 215 S. 80.
1983 4064 2689 4125 ** Berlin, S. Fischers Verlag, 1901. 246 S. 80.
2003 4112 3088 4184 **) Illustriert von M. Coschell. Berlin S. Fischers Verlag, 1901. 80 S. 80.
