3436 4192
1996 123 2434 221 box 20/2
328 128 1852 225 14. Der Schleier der Beatrice
1855 652 3227 752 politischen Hintergrund des Seelendramas, gegen allerhand episo¬
1854 718 3221 789 dische Einfügungen, ein gewaltiger dünkt, möchte ich wegen der
1858 782 3221 825 argen Mängel der Aufführung kein hier doch nicht näher zu be¬
1850 825 3221 904 gründendes Urtheil fällen. In seinem vollen Wuchs wird sich diis
1851 872 2902 940 Schnitzler'sche Werk erst anderwärts zeigen können.
1963 925 3217 972 Ich füge also nur noch eine kurze Skizze der Vorgänge an,
1849 973 3223 1021 betone aber, daß die sensationelle Note, die man aus der knappen
1850 1028 3219 1088 Erzählung heraushören könnte, in Wahrheit vor den reichen Har¬
880 1010 1294 1091 Telefon 12801.
1852 1069 2881 1129 monien der dichterischen Behandlung verschwindet.
1967 1114 3206 1172 Beatrice Nardi, die schöne Tochter eines bologneser Bürgers
411 1121 1751 1203 Alex. Weigl’s Unternehmen für Zeitungs-Ausschnitte
1850 1155 3206 1234 (daß dieser wahnsinnig ist, interessirt nur als Vererbungsmoment)
1423 1185 1608 1243 Ausschnltt
1856 1211 3222 1286 ist die Geliebte des Dichters Filippo Loschi. Sie erzählt ihm eines
746 1200 1409 1334 „OBSERVER“
1437 1234 1604 1335 Nr.
1857 1267 3226 1334 schönen Abends, daß Herzog Bentivoglio ihr im Traume recht
1861 1319 3223 1388 gefährlich gewesen ist. Für Loschi beweist der Traum mehr, als
349 1333 1802 1407 I. österr. behördl. conc. Bureau für Zeitungsberichte u. Personalnachrichten
1859 1364 3221 1405 die Wirklichkeit, und er stößt die Gedunkensünderin von sich. Sie
1851 1404 3214 1462 tröstet sich mit dem von ihrem Bruder Francesco protegirten An¬
528 1388 1637 1491 Wien, IX, Türkenstrasse 17.
1855 1458 3219 1526 beter Pittorino, den sie sofort, da die Zeit drängt, zu ehelichen
734 1487 1401 1567 — Filiale in Budapest: „Figyeló“
1851 1495 3204 1579 beschließt, denn, wohlgemerkt, alle Ereignisse des fünfactigen Stückes
1854 1547 3207 1626 folgen sich in der Hast einer Nacht, der letzten vor dem Ver¬
366 1555 1793 1635 Vertretungen in Berlin, Chicago, Genf, London, Newyork, Paris, Rom, Stockbolm.
1847 1606 3221 1669 zweiflungskampfe Bolognas gegen den beutegierigen Cesare Borgia.
1858 1659 3225 1726 Zwischen Brauthaus und Kirche trifft Beatrice den Helden ihrer
355 1664 1771 1799 Ausschnitt aus: Der Hanierist, Wien
1861 1703 3218 1760 schuldigen Träume, den Herzog von Bologna und unter seinen be¬
1856 1756 3230 1813 wundernden Blicken steht sie starr. Aber als er sie auf's Schloß
1854 1810 3221 1865 fordert zur Liebesnacht, wird sie wieder munter und flüstert hold:
359 1802 962 1930 vom2,0//7 1400
1856 1858 3214 1933 Ich möchte schon, aber als Dirne nicht, nur als Herzogin. Herr
1852 1892 3215 1973 Bentivoglio schließt auf der Stelke die Mesalliance, während sich
1848 1929 3215 2007 der arme Pittorino hinter der Scene ersticht. Gleich nach der
1851 1993 3207 2067 Trauung eilt die kleine Herzogin zu Loschi. Der aber stößt die ge¬
1844 2030 3224 2119 Ifürstete Geliebte zum zweitenmale von sich und nimmt Gift.
1849 2107 3216 2169 Beatrice flieht schreiend und läßt den Schleier, des Herzogs Braut¬
1854 2148 3217 2228 geschenk, bei der Leiche zurück. Vom Gatten hochnothpeinlich nach
723 2122 1648 2230 Breslauer Bühnenbrief.“)
1854 2199 3220 2270 dem Verbleib des kostbaren Gewebes befragt, führt sie den Herzog
580 2225 1839 2301 Das Ereignis der verflossenen Dekade war die Erstaufführung
1850 2231 3213 2300 in düsterer Nacht zu Loschi, rafft den Schleier und will fort. Der
470 2285 1830 2358 von Arthur Schnitzler's Tragödie „Der Schleier der Beatrice“. Die
1852 2284 3213 2353 Herzog schöpft Verdacht, wartet den Morgen ab und sieht nun den
465 2329 1838 2403 Conflicte, die diese Schöpfung schon vor ihrer Bühnengeburt zwischen
1852 2341 3214 2414 in den Falten des Vorhangs versteckten Leichnam. Holde Worte
471 2389 1827 2434 dem Dichter und dem Burgtheater=Director Dr. Schlenther herauf¬
1854 2383 3218 2465 spricht der fürstliche Mäcen dem todten Dichter. Derweil erdolcht!
472 2421 1827 2491 beschwor, sind in zu frischer Erinnerung, insbesondere der Wiener,
1847 2433 3218 2524 Bruder Francesco die hübsche Sünderin. Das ist der „Schleier der
1853 2479 2072 2544 Beatrice“.
471 2479 1838 2539 als daß ich die Angelegenheit nochmals hier zu erörtern brauchte.
468 2530 1827 2593 Genug, das Burgtheater wollte vom „Schleier der Beatrice“ nichts
1961 2534 3204 2607 Vom äußeren Erfolge sei berichtet, daß die ersten drei Acte
475 2583 1825 2635 wissen und sehr merkwürdigerweise fand sich keine andere große
1846 2575 3219 2656 stärksten Beifall fanden. Dann aber fühlte sich das Publicum mehr
472 2628 1822 2695 Bühne, die dem Autor der „Liebelei“ und des „Grünen Kakadu“.
1849 2632 3218 2724 und mehr von den Schwächen der Darstellung verletzt und zischte,
403 2626 454 2710 F
481 2667 1823 2741 sverrangelweit die Thüren öffnete. Es gibt dafür eine Entschuldigung:
1844 2685 2756 2756 trotzdem der Dichter auf der Scene erschien.
438 2707 1829 2785 7 die starken Ansprüche des in gewaltigen Maßen aufgebauten Dramas
1964 2718 3216 2807 Es bleibt mir leider kein Raum, ausführlich einer prachtvollen
428 2778 1835 2848 g an Zahl und Können der betheiligten Künstler, an scenische Pracht
1859 2791 3214 2854 „Lohengrin“=Aufführung im Stadttheater zu gedenken, die von
430 2824 1837 2888 gund vor Allem an die individuell ganz besondere Veranlagung der
1845 2830 3210 2903 unserem tapferen Kapellmeister Hertz von vielen Strichen (Ensemble
467 2852 1830 2922 Vertreterin der weiblichen Hauptrolle. Director Dr. Löwe, der
1852 2875 3204 2946 des zweiten Actes!) gesäubert und wirklich neu einstudirt, wie eine
375 2913 1829 2986 Abs Herr über die vereinigten Theater Breslaus, setzte sich über alle
1845 2931 3211 3004 Novität wirkte. Verblüffend gut waren die Chöre, früher der wundeste
384 2947 492 3013 Abo
475 2965 1829 3023 diese Bedenken hinweg und bot sein Lobetheater für die Erst¬
1855 2981 3207 3041 Punkt unserer „Lohengrin“=Abende. Unter den Solisten standen in
471 3023 1840 3091 aufführung an. Ich ehre diesen Wagemuth, aber — sein Gegentheil
1853 3021 3226 3090 erster Reihe Slezak (Lohengrin), Pewny (Elsa), Weiner (die
381 3083 1831 3140 lnk wäre für alle Theile besser gewesen. Herr Dr. Schnitzler mußte
1847 3072 3197 3124 zum 75. Mate ohne Ablösung hier die Ortrud sang) und Wald¬
390 3117 1836 3183 birsein Angstkind in arger Entstellung in die Welt des schönen Scheines
1838 3123 3197 3183 mann (König Heinrich), Herr Marsano war ein leidenschaft¬
383 3161 1827 3225 Swol eintreten sehen und Herr Dr. Löwe hörte bei dieser Gelegenheit
1834 3175 3001 3254 licher Telramund, Herr Geißler ein tüchtiger Heerrufer.
385 3190 478 3244 des
388 3233 1836 3306 per ganz besonders schwere Einwände gegen die Qualität seines Per¬
2686 3226 3156 3299 Dr. Erich Freund.
470 3272 1828 3342 sonals. Und in der That, wenn eine Bühne nicht geeignet war
470 3314 1824 3365 das wuchtige Renaissance=Drama Schnitzler's aus der Taufe zuk
468 3360 1837 3433 heben, so war es unser Lobetheater mit seiner kleinen Scene, seinen
464 3428 1829 3486 wenig zahlreichen ersten und noch weniger zahlreichen „zweiten"!
467 3447 1907 3529 guten Kräften. Den Mangel einer für die Beatrice geeignetent
464 3516 1831 3568 Schauspielerin rechne ich ihm nicht so sehr zur Schuld, obgleich das
465 3564 1834 3622 Fehlen einer leistungsfähigen Sentimentalen in dem für dreis
466 3601 1824 3663 Theater berechneten Personale nicht zu Gunsten der Engagements¬
469 3660 1825 3725 Dispositionen spricht. Frl. Illing, die bei uns Alles machen muß
468 3700 1828 3771 ist nicht genügend „sechzehnjährig“ für die Beatrice, und sobald
450 3744 1830 3801 diese Künstlerin durch solch' äußere Rücksichten ausgeschlossen ist, steht
535 3805 1836 3870 von dem für pikante, harte Charaktere veranlagten Frl. Gabris
462 3853 1831 3896 abgesehen — keine einzige Kraft für eine mehr als die landläufige¬
465 3891 1829 3963 Technik erfordernde Aufgabe bereit. In dieser Noth riskirten Director
460 3950 1827 4026 und Dichter das Erperiment, eine bisher wenig erprobte Anfängerin,
464 3986 1825 4060 Frl. Konrad, mit der Beatrice zu belasten. Das Experiment miß¬
454 4049 1842 4120 glückte. Frl. Konrad ist eine sympathische Persönlichkeit, aber
451 4092 1816 4143 keine Schönheit und Beatrice, die dem größten Dichter und dem
