3484 4384
2000 268 2425 359 box 20/1
318 245 1847 384 14. Der Schleien derBeatrige
1671 1306 1741 1390 3
1069 1415 2298 1507 für die Werke bekannter Autoren in der Regel schon
1086 1497 2309 1546 vor der Lectüre versucht wird und nicht das geringste
1075 1553 2312 1615 mit der Frage der Annahme oder Ablehnung im
1080 1604 2308 1660 einzelnen Falle zu thun hat. Den Herren wäre es
1082 1639 2294 1708 niemals gelungen, auch nur den Schein eines Beweises,
1086 1691 2302 1748 dass auf Seite des Herrn Schlenther ein Wortbruch
1074 1752 2305 1814 vorliegt, zu liefern, wenn sie nicht so glücklich
1076 1796 2313 1863 einen Vertrauensbruch, den sie selbst begiengen,
1074 1832 2299 1909 gegen den Gegner ins Treffen geführt hätten. Die
1071 1894 2298 1942 Publication des Briefes, den Herr Schlenther
1066 1946 2300 1995 an den Autor, dem jetzt angeblich ein -Rechte verletzt
1079 1987 2296 2053 ist, am 13. Februar gerichtet hat und worin er ihn
1076 2039 2297 2097 #freundschaftlich vor dem Deutschen Theater in
1068 2070 2310 2140 Berlin warnts, gehört wohl zu den abenteuerlichsten
1081 2138 2304 2191 Taktlosigkeiten, zu denen sich je der freche Dünkel
1077 2191 2291 2246 gebietender Pressleute verstiegen hat. Es bleibt un¬
1065 2238 2301 2291 erfindlich, wie Herr Schnitzler, den selbst die Bestreiter
1067 2287 2298 2354 seiner dichterischen Originalität und Größe bisher als
1064 2332 2290 2396 bescheiden wirkenden und dem Cliquentreiben ent¬
1076 2394 2285 2451 rückten Literaten zu schätzen wussten, seine Zustim¬
1062 2425 2297 2516 mung zu diesem Schritt und zu dem ganzen Protest
1071 2479 1483 2558 ertheilen konnte.
1182 2551 2309 2617 Dass die Wiener Oeffentlichkeit ihr Urtheil über
1063 2591 2306 2670 den Autor der -Liebelei- nunmehr ändern und bei den
1062 2634 2291 2715 folgenden Aufführungen dieses Stückes vielleicht an
1066 2701 2297 2749 der Stelle: -Ich sag’ es immer, man soll nicht Briefe
1072 2754 2288 2816 schreibene am kräftigsten applaudieren wird, wäre
1073 2802 2294 2850 nun freilich nicht die erschreckendste der Folgen des
1062 2848 2285 2912 üblen Handels. Es gibt noch andere, die die pro¬
1073 2895 2296 2951 testierenden Herren sicherlich nicht vorausgesehen
1062 2947 2289 3012 und sicherlich auch nicht gewünscht haben. Die
1074 2995 2297 3047 Stellung des Herrn Schlenther ist auf mindestens zehn
1063 3047 2292 3107 Jahre gefestigt. Was dem Manne jederzeit bei seinen Vor¬
1061 3087 2288 3157 gesetzten fast noch mehr als die eigene Höflichkeit ge¬
1063 3145 2299 3195 nützt hat, ist die Unhöflichkeit der Wiener Tagespresse.
1059 3194 2294 3255 Ich habe wiederholt darauf hingewiesen, dass die An¬
1062 3240 2327 3302 griffe, die die meisten Burgtheaterkritiker seit Jahr und
1062 3285 2306 3339 Tag auf Herrn Schlenther verüben, an maßgebender Stelle
