3436 4448
290 160 500 249 14.
1955 166 2455 276 box 20/6
486 164 1824 265 Der Schiefer der Beatrice
322 699 2256 771 Wiener tägl. Theater- u. Fremdenzeitung (Karl Ed. Klopfer), XXVII. Jahrg., II. Juni-Hälfte 1925
2505 691 2809 779 Nr. 132
188 733 2826 858 iet, kommt Hierog Bent- ür die Migliehlet des Weiteriebene in densder Herzeg vil biellen. Er habe geloht, an
189 828 2814 873 euten abermals durch die verlockendsten Farben ausmalt und mit ihr darauf verzeihen und keine Frage zu tun, doch nun ge¬
192 873 2826 955 rrt unter seinem Gruß und trinkt. Als sie auf ihrem Todesentschluß beharrt, lüste es ihn, an diesem geheimnisumwitterten
182 912 2823 998 ncesco dankt dem Herzog sagt er, daß diesem schon die Erfüllung winke; Ort — seine Brautnacht zu halten. Dort drüben
185 961 2822 1040 Schwester und bittet ihn, der Wein sei vergiftet. Da bäumt sich ihr junges läßt schwaches Ampellicht einen Alkoven und
170 1007 2812 1106 um Traualtar freizugeben. Blut gegen das Schreckliche auf, das ihr nun ein halb mit Gardinen verhülltes Ruhelager er¬
179 1064 776 1126 aß es die Braut nicht so
777 1072 2825 1155 wie Mord aus tückischem Hinterhalt scheint.warten. Sie reißt sich los. Lieber mag sie von
197 1104 784 1176 nur weichen, wenn sie es
772 1116 1789 1177 Mit erbittertem Lachen tröstet er sie: „Es war
1792 1137 2829 1200 seiner Hand erwürgt werden, als ihm dorthin
194 1156 1798 1228 steht noch immer gebannt kein Quentchen Tod in diesem Wein, und wie
1786 1182 2822 1251 folgen. Er geht an den erhöhten Alkoven. Auf
185 1202 1796 1269 Wenn sie ihm folgen wolle,zuvor ist alles Leben dein.“ Er rät ihr, mit
1798 1225 2826 1296 dessen Stufen entdeckt er den Körper. Eines
196 1263 1791 1326 zu kümmern, sagt er ihr einer „guten Lüge“ zum Herzog zurückzukehren
1794 1270 2828 1346 berauschten Schläfers, der vielleicht von der
177 1296 1794 1373 les, was sie begehre — für] und stellt ihr mehrere annehmbare zur Wahl.
1788 1325 2829 1399 Fürstenbraut träumt, die eher ihm als dem Gatten
190 1349 771 1415 im unbezwungnen Bologna.
780 1354 1791 1426 Vernichtet sinkt sie in die Kniee und fleht um
1786 1367 2823 1449 im Arm lag? Er will ihn aufrütteln und zu Be¬
193 1397 767 1463 und stellt die Bedingung,
771 1406 1789 1476 den Tod — an seiner Seite. Er stößt sie zurück:
1786 1414 2269 1492 kenntnissen zwingen.
189 1438 779 1505 Gemahlin erhebe. Sie kann
771 1461 1792 1523 „Ich liebe dich nicht mehr.“ Jetzt wird sein
1827 1449 2782 1556 „So rühr' dich doch! Lähmt dich der Schrecken So,
185 1500 766 1559 viderstehn, einen Märchen¬
774 1501 1805 1572 Abschied vom Leben erst Buße sein; wie dürfte
1817 1509 2684 1568 Daß du nur starren kannst mit offnem Maul?
177 1535 770 1599 wirklichungsmöglichkeit zu
771 1552 1789 1625 er da Beatrice mitnehmen! „Kannst du davon
1791 1557 2333 1638 Im Buch heißt es noch:
184 1587 772 1654 rchen wird Wahrheit. Benti¬
757 1606 1605 1658 mich jagen?“ schluchtzt sie ihm zu.
1656 1607 1795 1671 „Gib
1821 1604 2654 1682 Ich will dir helfen, schrei dir was in's Ohr,
176 1648 1790 1706 h im Ubermut, ihre Bedin-Tacht, wie rasch!“ Damit leert er das beiseite¬
1819 1668 2676 1722 Was Einen, der nicht niedrer als ein Knecht .
181 1690 771 1754 sich in der nächsten Stunde
1819 1694 2765 1772 So rasend macht, daß — hätt’ er tausend Leben,
770 1692 1811 1767 gestellte Weinglas, in das die Kurtisane Lucrezia
1808 1741 2571 1793 Er alle hinwirft, seine Wut zu stillen:
181 1740 781 1806 r trauen zu lassen. Alles,
774 1749 1802 1811 das Gift gegossen hat. Es wirkt augenblicklich.
1820 1779 2744 1844 Ichspei dir in's Gesicht, du feiger Hund!
176 1787 769 1865 ist, lädt er zum Hochzeits¬
764 1788 1797 1870 Mit dem Zuruf: „Entflieh! Das Leben wartet“,
1871 1828 2830 1897 Als ihm innewird, daß er einen Toten be¬
190 1839 777 1904 Es soll eine Freudennacht
773 1845 1784 1909 bricht er zusammen. Sie stürzt sich über ihn, sucht
1784 1852 2831 1951 schimpft. kehrt er sich mit Grauen und Abschen
200 1889 768 1950 Tod kein zu hoher Preis
776 1892 1790 1961 in dem Becher vergeblich ein Restchen für sich,
1773 1931 2827 1997 zu Beatrice, die jetzt ihren Schauder abwirft
180 1937 773 1998 die sich in schlaflos durch¬
768 1935 1785 2008 umklammert sodann die Hände Filippos, deren
1777 1980 2827 2052 und eine übermenschliche Fassung gewinnt. „Du
178 1978 769 2041 ervt haben, noch kriegrische
766 1991 1780 2048 Wärme ihr Hoffnung gibt, daß er sie abermals
1780 2016 2830 2094 hast’s gewußt?“ faucht er sie an. Sie bejaht.
177 2031 764 2092 in, muß man sich aller¬
762 2034 1776 2098 nur geprüft habe. „Komm doch, wir wollen fliehn
1788 2071 2822 2141 Er wirft ihr vor, daß sie ihn den Geliebten
179 2076 772 2161 örlich wiedergeburtsfähiges
773 2096 1787 2164 und leben — leben! Als sie erkennen muß, daß
1775 2118 2826 2188 noch schmähen ließ. Sie nickt. Es war „die letzte
761 2141 1782 2214 sie eine Leiche umarmt, befällt sie ein namen¬
1786 2172 2827 2231 Schmach“, und sie will sie mit dem Entseelten
184 2146 775 2239 die zwei Damen vom Orden
771 2180 1776 2270 loses Entsetzen. Mit dem irrsinnigen Schrei
1771 2214 2829 2291 teilen. Jetzt tritt das Gefolge des Herzogs ein,
179 2219 759 2288 estern im Hause Filippos
763 2228 1344 2301 „Leben!“ rennt sie davon.
1770 2255 2823 2331 und er erfährt zu seiner Bestürzung, wo er sich
182 2279 763 2342 beduselten Musikanten ent¬
850 2264 1787 2350 Im Schloß hat man sie endlich vermißt.
1772 2304 2826 2382 befindet und daß dieser Tote Filippo Loschi
179 2322 766 2388 tgeber muntert sie auf, um
762 2310 1786 2397 Ihre Schwester Rosina, die selber den Herzog
1841 2365 2830 2454 gewesen ist. Mit ratloser Miene wendet er
176 2378 760 2441 tieren. Die Eine, sentimen¬
768 2379 1776 2448 liebt und mit gehässiger Eifersucht einem Verdacht
1785 2395 2194 2480 sich an Beatrice:
176 2421 767 2484 wört ihn, sie allein zu be¬
761 2424 1794 2498 nachgeht, stachelt ihn auf. Er läßt das Bacchanal
1815 2441 2641 2524 Der starb um dich? Und den verrietest du:
190 2472 758 2533 einem Andern mehr an¬
761 2479 1788 2534 abbrechen, die Weiber hinauswerfen und hat nur
1814 2493 2725 2586 Und mich um ihn? Und wiedrum ihn um mich?
167 2511 715 2580 it, darauf buchstäblich
753 2530 1800 2595 die eine Frage: „Wo ist Beatrice?“ Da kommt
1833 2546 2542 2605 Was bist du für ein Wesen, Beatrice:
175 2561 762 2636 eht die Nachricht von Benti¬
755 2578 1792 2635 sie ehen die Terrassentreppe herauf. Mechanisch
1873 2588 2819 2668 Nunwerden auch ihre Eltern mit der anderen
170 2618 764 2681 ng in's Haus. Sie gibe
761 2621 1779 2705 die Lüge gebrauchend, zu der ihr Filippo ironisch
1775 2626 2822 2711 Tochter — in Ketten — hereingeführt, gefolgt
175 2664 765 2720 seine Gäste in's Herzogs¬
761 2668 1785 2740 geraten hat, behauptet sie, in der Kirche, wo
1773 2704 2823 2753 von Francesco. Man erwartet ein großes Straf¬
191 2702 781 2772 Der Mesalliance-Entschluß
767 2719 1775 2784 sie getraut wurde zueinem Gebet eingesprochen
1779 2737 2823 2821 gericht. Bentivoglie verzichtet darauf, noch immer
185 2748 1773 2833 setzt ihn in gelindres Er- und damit ein Gelübde erfüllt zu haben. Ihr
1772 2795 2529 2861 dem Unerklärlichen nachsinnend.
200 2813 1794 2877 des Bürgermädchens, der Zittern erklärt sie als Schauer unter der Morgen¬
1814 2840 2581 2905 Warst du nicht, Beatrice, nur ein Kind,
193 2849 1788 2934 Beatrice Nardi! Und der luft. Der Gatte will ihr den Schleier um Nacken
1810 2865 2714 2947 Das mit der Krone spielte, weil sie glänzte, —
180 2904 775 2966 chaft bringt, berichtet, daß
762 2919 1790 2973 und Schultern ziehn. Der Schleier fehlt, entdeckt
1812 2925 2677 2994 Mit eines Dichters Seel', weil sie voll Rätsel, —
188 2951 760 3008 auf dem Wege war, sich
1801 2961 2627 3021 Mit eines Jünglings Herzen, weil's dir just
762 2958 1783 3022 sie, entdecken Alle. Er müsse ihr vor dem Altar
1805 2992 2643 3041 Geschenkt war? Aber wir sind allzu streng
177 3000 774 3072 ielen, dem Werkstattgehilfen
758 3003 1788 3071 entfallen sein, stammelt sie. Von einem der Hof¬
1804 3034 2668 3097 Und leiden's nicht, und jeder von uns wollte
176 3048 770 3116 zu lassen. Der arme Junge
766 3050 1793 3129 leute, die längst in ihr eine Zauberin wittern,
1806 3060 2772 3146 Nicht nur das einz'ge Spielzeug sein — nein, mehr:
160 3098 763 3158 er Wendung der Dinge um¬
757 3106 1791 3156 wird sie lügengestraft. Er selbst habe nach der!
1814 3119 2623 3181 Die ganze Welt. So nannten wir dein Tun
173 3148 760 3207 nn das Ganze nicht fassen.
1814 3150 2699 3227 Betrug und Frevel. Un du warst — ein Kind.
760 3153 1787 3214 Trauung die Kirche geschlossen, um sie morgen
173 3191 757 3263 ert, in's Herzogsschloß mit¬
765 3205 1779 3270 neu weihen zu lassen. Da braust Bentivoglio auf.
1862 3187 2818 3267 Die Mutter drängt Beatrice, den Herzog um
165 3243 772 3303 einen Augenblick über seine
762 3254 1779 3321 Wo warst dur Rede! Und wo blieb der Schleier?“
1784 3242 2815 3326 Gnade zu bitten. Er kommt ihr zuvor und gibt
180 3295 758 3349 an alle Möglichkeiten, die
771 3305 1779 3367 Sie schweigt. Auf den Befehl, ihn von dort zu
1782 3308 2809 3374 sie frei. Beatrice bleibt bei der Leiche Filippos.
172 3335 763 3406 olge haben könnte“. Er giht
758 3346 1782 3421 holen, wo sie ihn verlor, hat sie nur ein bebend
1779 3348 2803 3417 Sie fühlt sich „müd, wie nie auf Erden jemand
183 3386 760 3469 auf und bleibt allein, das
761 3395 1776 3472 „Ich kann nicht!“ Bentivoglio schwört, zu ver¬
1769 3395 2816 3463 war“. Sie findet das Rätsel in ihrem Schicksal.
165 3402 589 3514 che überdenkend;
755 3441 1782 3507 zeihen- und wär’s das Schlimmste —, wenn
1805 3444 2497 3517 Warum gerade mir dies Alles, sagt:
1802 3482 2601 3544 Und warum war ich ausersehn vor Allen.
757 3493 1791 3563 sie den Schleier herbeischafft. Auf ihre hartnäckige
170 3482 719 3582 ien gleich, die einen Hlimmel
1797 3529 2645 3609 So Vielen Leid zu bringen: Und weiß doch:
181 3538 538 3593 durchmessen, jagt
760 3539 1791 3609 Weigerung droht er ihr mit dem Davonjagen.
1796 3572 2357 3633 Ich wollte Keinem Böscs
170 3567 617 3652 it, seit Abend wurde —
749 3577 1786 3663 Sie fügt sich auch darein und wendet sich,
1844 3604 2820 3691 Dann bittet sie den Gemahl, sie zu töten.
751 3643 2802 3743 demütig zu gehen. Der Herzog hat mehr vor: Als der sich weigert, tut es Francesco — nach
163 3659 768 3747 ndrea Fantuzzi bei ihm ein,
763 3685 1784 3752 nicht nur, daß er sie des Ranges entkleidet, den
1774 3722 2815 3797 Art solcher vorwitzigen Heldenbrüder, die sich
173 3726 750 3797 ern für seine Schwester, die
755 3740 1776 3809 sie durch ihn erworben hat, jetzt soll sie als
1767 3768 2814 3826 das Familienrecht als Jus gladii auslegen. Da
170 3774 758 3839 Mutter in stillen Wahnsinn
755 3781 1773 3856 Hexe vor ein Tribunal, dessen Urteilsspruch Tod
1770 3814 2807 3876 Francesco bedauert, seinen rächenden Dolch nicht
178 3821 769 3889 Kloster gebracht worden ist.
764 3839 1769 3905 wäre. Das reißt sie auf. „Sterben? Ich will nicht
1757 3862 2817 3941 auch im Blut Loschis baden zu können, gebietet.
167 3879 761 3939 mpf ab, zu dem sich Filippo.
755 3869 1766 3950 sterben! Tot sein ist fürchterlich.“ Und als der
1756 3902 2806 3983 der Herzog ihm Schweigen und hält dem Dichter
195 3927 1764 4004 stellen will, und fordert Befehl an die Knechte ergeht, zwingt sie sich
1765 3957 2812 4032 einen erhabenen Nachruf. Was Sterbliche schaffen
189 3960 767 4034 Treffen mit Borgia zu be¬
754 3977 1772 4040 den Vorsatz ab, den Schleier zu holen — an der
1761 4007 2812 4083 können, sei nur Vergängliches. Was ein Poet
168 4025 1766 4095 t sich für unwürdig, seine Hand des Gemahls. Er darf sie nicht loslassen
1762 4061 2805 4130 hinterläßt, erfreue die Nachwelt wie seine Zeit¬
172 4064 1773 4152 aus so viel edlem Opferblut und muß ihr schwören, keine Frage zu tun. Er
1765 4106 2098 4181 genossen, und
182 4114 1513 4192 aber doch umstimmen, wenn geht mit ihr. Niemand darf folgen.
2241 4137 2469 4221 — —
3038 705 3270 777 Nr. 132
3011 844 3136 907 ist d
3018 1822 3110 1891 vert
3112 1868 3223 1934 Hier
3004 1897 3210 1986 dem Ror
2998 1967 3250 2037 Lat. die
3251 1971 3313 2020 Ner
3012 2012 3374 2083 aus einer Plura
3003 2057 3385 2126 Vielheit der zus
3008 2102 3350 2177 daraus ist die
3008 2155 3383 2224 dener Plural, de
3008 2211 3370 2266 sichtlich als Gr
2995 2259 3383 2331 sierung merga
2997 2300 3385 2373 merguleri): Ma
3004 2358 3372 2426 merlo, span. mer
3010 2400 3386 2474 Einmengung de
3010 2459 3378 2520 moerus (für mun
3009 2504 3384 2570 tasiebegabten E
3006 2552 3381 2623 mira, die „wunch
3010 2602 3363 2667 denken wollen.
3002 2644 3365 2714 daß sogar aus
3004 2697 3373 2768 Bergstollen mir
3094 2746 3368 2812 Die Mine
3003 2800 3379 2866 wallon. meinn) is
3002 2840 3371 2906 aus in den Ber
2990 2883 3375 2950 ja auch mit den
2997 2939 3375 3007 sich das Minera
3002 2984 3383 3046 siehe miniere
3007 3035 3372 3102 Maulwurf „treff
3005 3081 3377 3150 an- u. vorwärtstr
3004 3131 3363 3203 vorwärtstreiben
3010 3173 3372 3246 was sich noch i
3001 3270 3366 3343 menear: ein Ges
2995 3323 3373 3395 nur eine Nebenf
2989 3365 3374 3443 franz. manier, mc
2998 3426 3377 3492 Vorwärtstreiben
2988 3473 3370 3540 minare (eine u
3005 3517 3370 3587 Apulejus nachwi
3001 3570 3376 3640 vorragend (pro
3002 3621 3367 3684 montorium: Vor
2993 3671 3375 3734 zum Aufragend
2997 3717 3372 3783 schauung, die d
2994 3761 3376 3834 Felsbildung als
2994 3813 3353 3889 spräche. Nach
2982 3861 3340 3926 bewegen“ hat
2998 3907 3366 3979 gehen (se promen
2995 3961 3367 4027 Spaziergang), wa
2986 4002 3368 4080 (bis Mitte des
2997 4056 3375 4130 (spazieren führe
2995 4107 3379 4172 menoir (Spazierg
2979 4154 3368 4207 Hier haben wir
