3484 4256
280 235 1800 356 14: Der Schleier der Beatrice
801 1252 1262 1348 Telephon 12801.
430 1330 1661 1406 Alex. Welgl’s Unternehmen für Zeitungs-Ausschnitte
1416 1408 1651 1483 Ausschnitt
312 1408 501 1516 Nol
652 1416 1316 1560 „OBSERVER‘
1480 1466 1720 1562 Nr. 73
311 1561 1728 1614 L. österr. behördl. conc. Bureau für Zeitungsberichte u. Personalnachrichtel
534 1611 1539 1686 Wien, IX/1, Türkenstrasse 17.
721 1670 1342 1749 Fillale in Budapest: „Figyelö“
319 1729 1737 1821 Vertretungen in Berlin, Chieago, Genf, London, Newyork, Paris, Rom, Stockholm
296 1813 1513 1968 Ausschnitt aus: Penarge Premdenblatt
603 1990 990 2119 K 10
316 2020 518 2096 vom:
562 2192 1488 2280 Berlin, 8. März. Am Deutschen Theater hat
485 2260 1476 2319 Im gestrigen Sonnabend Arthur Schnitzlers fünfaktiges
716 2297 1474 2353 er Schleier der Beatrice“ einen nicht un¬
515 2310 580 2355 Dra
720 2336 1475 2399 Erfolg errungen. Vom zweiten Akte ab
732 2370 1485 2438 ichter wiederholt erscheinen, aber dem sehr
496 2386 585 2438 kön
491 2427 1470 2475 starken Beifall stellte sich nach dem dritten Akte eine
485 2455 1472 2506 lebhafte Opposition entgegen. Die Aufführung war,
487 2503 1440 2567 so scheint es, an dem halben Mißerfolg mitschuldig.
774 2724 1287 2800 Bezugs-Bedingungen:
298 2776 1465 2836 Für 50 Zeitungsausschnitte (Artikel oder Notizen) Kr. 15.—
1348 2803 1718 2904 28.— inclusive
413 2819 527 2878 100
1280 2843 1346 2899 „
1529 2860 1693 2912 Porto.
411 2871 526 2916 200
1519 2888 1694 2948 Zahlbar
411 2907 531 2953 500
1305 2896 1452 2974 „ 110.—
1318 2908 1726 3014 200.— im Voraus.
330 2945 525 3007 „ 1000
426 2986 1747 3053 Im Gegensatze zu anderen Bureanx für Zeitungsausschnitte ist das
303 3014 1346 3087 Abonnement durch keine bestimmte Zeitanuer begrenzt;
1377 3042 1751 3114 auch steht es den
304 3068 1625 3153 Abonnenten frei die aufgegebenen Themen zu ergänzen oder zu ändern.
427 3133 1733 3219 Der „OBSERVER“ veranstaltet täglich einen Auszug enthaltend die
298 3194 1741 3248 Inhaltsangabe aller wichtigen Mittheilungen der Wiener Morgen¬
1683 3238 1732 3270 #
306 3242 1716 3295 blätter (Tagesjournale ausser „Neue Freie Presse“ und „Wiener Zeitung“
311 3276 1737 3342 wodurch eine Uebereicht über das gesammte politische und wirthschaftliche
311 3314 1741 3379 Leben des In- und Auslandes in drastischer Kürze geboten wird. Diese Mitt
303 3361 1343 3418 Stheilungen werden in Wien um 9 Uhr Früh verschickt.
623 3435 1408 3531 Prospecte gnatis und franco.
1949 231 2370 335 box 20/4
2241 1318 2709 1407 Telephon 12801.
1861 1408 3107 1486 Alex. Weigl’s Unternehmen für Zeitungs-Ausschnitte
2097 1467 3090 1604 „OBSERTEP“
2911 1520 3165 1616 Nr. 81
1742 1529 2016 1642 N1
1760 1597 3205 1681 I. österr. behördl. conc. Bureau für Zeitungsberichte u. Personalnachrichten
1987 1665 2997 1747 Wien, IX/1, Türkenstrasse 17.
2165 1740 2804 1818 - Filiale in Budapest: „Figyelö“-
1769 1795 3200 1894 Vertretungen in Berlin, Chicago, Genf, London, Newyork, Paris, Rom, Stockholm.
2318 1896 3043 2014 Danzige: Zeitung
1764 1938 2323 2030 Ausschnitt aus:
1764 2022 2386 2177 voms T 1“
2160 2231 2808 2376 Kunst und Wissenschaft.
2049 2282 2999 2436 v verling, 8. Märt. „Der Galeler der
1976 2342 2993 2485 Beatrice“, Schauspiel in fünf Akten von Arthur
2001 2379 3018 2538 eguhter, dam im Derischen Theter ua
2004 2433 3017 2562 über den Achtungserfolg heraus. Der Autor
1995 2478 3017 2615 konnte sich zeigen, aber wenn ihm entgegen¬
2006 2525 3018 2666 geklatscht wurde, galt das eben den früheren
2010 2581 3024 2704 Gaben. Die Menschen der Renaissance gelingen
2019 2614 3031 2743 den uiah — sein Sebielist die Gegenwvart oie
2011 2656 2930 2799 der er und so manche liede Gesaht gehoe“
2237 2782 2753 2867 Bezugs-Bedingungen:
1776 2845 2939 2931 Für 50 Zeitungsausschnitte (Artikel oder Notizen) Kr. 15.—
2803 2862 3179 2967 28.— inelusive
1867 2895 1975 2943 100
2985 2920 3152 2966 Porto.
1875 2933 1982 2984 200
2971 2943 3153 3006 Zahlbar
1878 2966 1975 3021 500
2781 2963 2936 3027 110.—
2608 2982 2684 3049 „
2789 2991 3190 3065 200.— im Voraus.
1799 2996 2001 3076 „ 1000
1880 3058 3213 3106 Im Gegensatze zu anderen Bureaux für Zeitungsausschnitte ist das
1777 3094 2807 3146 Abonnement durch keine bestimmte Zeitdauer begrenzt;
2843 3107 3220 3176 auch stcht es den
1783 3140 3093 3195 Abonnenten frei die aufgegebenen Themen zu ergänzen oder zu ändern.
1889 3191 3212 3280 Der „OBSERVER“ veranstaltet täglich einen Auszug enthaltend die
1778 3240 3207 3311 Inhaltsangabe aller wichtigen Mittheilungen der Wiener Morgen¬
1782 3307 3210 3352 blätter Tagesjournale ausser „Neue Freie Presse“ und Wiener Zeitung“)
1776 3329 3213 3403 wodurch eine Uebersicht über das gesammte politische und wirthschaftliche
1778 3373 3210 3423 Lehen des In- und Auslandes in drastischer Kürze geboten wird. Diese Mit¬
1772 3423 2799 3493 theilungen werden in Wien um 9 Uhr Früh verschickt.
2093 3484 2866 3572 Prospecte gratis und franco.
