3484 4256
1081 111 2001 176 Abonhhrer Unterstützung am dringendsten bedurfte.
1260 138 2531 199 Da ist die Heldin des Schauspiels, Beatrice Nardi. Ein Geschöpf, holddie
1195 189 2549 239 selig jung an Jahren und erschreckend reif an Sinnen und Begierden, u¬
1087 241 2514 273 Inhakühn im Wollen und feig im Handeln, naiv im Ausdruck und perverse
1091 260 2536 326 bläm Gefühlen. Wo lebt die Schauspielerin, die als Persönlichkeit unden
1092 294 2542 350 wodunls Künstlerin dem Autor diesen Charakter nachschöpft. Die das könntengen
1096 338 2494 399 des die Sorma, die Hohenfels, die Duse, unsere Illing, sind nicht „sechszehn¬
1095 375 2504 443 werdeährig genug, und wie die „Sechszehnjährigen“ selbst wenn sie schon
1192 411 2491 467 ein wenig über dieses Alter hinaus sind, an solchen Aufgaben scheitern,
1970 450 2311 498 vermochte nicht
2312 448 2498 504 einmal,
1190 458 1867 498 erlebten wir an Frl. Konrad.
1185 481 2494 541 den äußeren Anforderungen der nach körperlicher Schönheit verlangenden
1178 527 2496 572 Rolle gerecht zu werden, und damit entfiel die einzige Rechtfertigung für
1177 563 2498 612 diese aussichtslose Besetzung. Auch Frl. Illing wäre nicht die kindliche,
1184 603 2502 646 bezaubernd reizvolle Beatrice Schnitzlers gewesen, aber sie hätte vermocht,
1181 644 2490 690 was Frl. Konrad nicht vermochte: dem Dichter mit der Seele zu folgen.
1180 683 2497 726 Frl. Konrad machte aus der räthselvollen Frauengestalt ein insipides
1181 706 2502 764 Mägdelein, das bei seiner Jagd nach einer guten Partie das Pech hatte,
1190 749 2503 800 einen Liebhaber, einen Bräutigam und das Leben zu verlieren. So wurde
1184 784 2501 852 das stolze Drama bisweilen zur Tragikomödie, und andere Mitwirkende
1176 823 1943 882 zogen es noch tiefer. Doch davon später.
1254 863 2498 910 In einem Punkte hat Schnitzlers Kraft den gewaltigen Stoff sicherlich
1174 901 2490 951 nicht gebändigt, in der Verschmelzung menschlicher Einzel=Schicksale mit
1178 936 2481 982 großzügiger politisch=historischer Schilderung. Die persönlichen Geschicke
1175 979 2500 1025 Beatricens, ihres Dichters und ihres Herzogs entrollen sich auf dem
1186 1015 2501 1063 düsteren Hintergrunde der blutigen Kämpfe, die das grause Papst=Geschlecht
1179 1049 2493 1106 der Borgia gegen die kleinen Machthaber Italiens führte. Von der Borgia¬
1185 1078 2497 1143 Intrigue, die den Fürsten Bentivoglio, Herzog von Bologna, in seinem
1188 1130 2498 1178 Besitzstande bedroht, ist oft im Stücke die Rede, breite Episoden (z. B. die
1187 1173 2483 1225 Folterung des Borgia=Spions) jußen auf ihr, aber nirgends tritt sie grof
1186 1206 2498 1260 und gebieterisch in die Erscheinung. Der Gedanke, alle diese Ereignisse
1190 1243 2486 1295 durch die nervöse Hast einer furchtbaren Nacht, der letzten vor dem wahr
1190 1278 2495 1336 scheinlichen Untergang eines Fürstengeschlechts, zu jagen, ist an sich
1180 1330 2485 1366 glänzend, nur kommt eben die Furchtbarkeit des bevorstehenden Ver¬
1182 1362 2487 1415 zweiflungskampfes nicht mächtig genug heraus. So erscheint diese Seit
1182 1391 2487 1445 des Werkes mehr als das Ergebniß technischen Compositionsgeschickes
1193 1430 2233 1483 denn als integrirender Theil des dramatischen Erlebnisses.
1257 1475 2497 1521 Im Wesentlichen concentrirt sich die Entwickelung des Dramas auf
1177 1491 2506 1545 folgende Züge. Loschi, der gefeiertste Poet Bolognas, wird der gräflichen
1186 1545 2500 1588 Braut untreu, weil das schöne Bürgerskind Beatrice Nardi sein Herz
1181 1579 2494 1644 fesselt. Untreue wird alsbald durch Untreue bestraft, denn Beatrice kann
1184 1619 2502 1671 in den Armen Loschis einen Traum nicht vergessen, in dem der junge
1189 1665 2504 1714 Herzog von Bologna ihr näher war, als es sich selbst mit der lockeren
1188 1702 2500 1749 Moral eines Poetenliebcheus verträgt. Da sie naiv oder frech genug ist
1192 1736 2505 1786 von diesem Traum zu plaudern, stößt Loschi sie von sich. Nun ist Beatrice
1183 1773 2500 1818 bereit, dem Rath ihres wackeren Bruders zu folgen und den bescheidenen
1189 1812 2503 1857 Anbeter Vittorino mit ihrer Hand zu beglücken, aber zwischen Haus und
1193 1855 2489 1905 Kirche tritt der Held ihrer Traume, der Duca Bentivoglio selbst, Beatricen
1191 1890 2492 1937 in den Weg. Der Herzog hat nicht geträumt, aber er sieht und was!
1184 1935 2489 1980 er sieht, gefällt ihm. Er ladet das Mädchen aufs Schloß, zur Feier einer
1192 1957 2506 2023 Liebesnacht, seiner letzten, bevor der Kumpf mit Cesare Borgia anhebt.
1195 1999 2493 2058 Beatrice steht wie verzaubert unter des Herzogs Blick und Wort. Als der
1192 2051 2500 2089 Zauber sich löst, spricht sie ein überraschend Sätztein. O ja, sie will schon
1191 2080 2496 2123 aufs Schloß kommen, aber nicht als Dirne, sondern als Herzogin. Herr
1189 2121 2501 2170 Bentivoglio, der vielleicht morgen Thron und Reich verliert, hat nichts
1192 2146 2499 2207 gegen dieses leidlich unverschämte Verlangen einzuwenden. Zum Entsetzen
1187 2187 2499 2236 seines Hofstaates heirathet er Beatrice auf der Stelle, indeß sich der arme
1194 2229 2508 2281 Vitorino als überflüssig gewordener Bräutigam hinter der Scene ersticht.
1185 2270 2508 2320 Nun folgt Beatrice wiederum einer plötzlichen Laune. Sie eilt von
1190 2295 2504 2350 der Kirche zu Loschi, der sich aber im Ekel vor sich und der einst Geliebten
1195 2335 2498 2390 vergiftet. Beatrice flieht von dieser zweiten ihren Capricen zum Opfer
1188 2381 2504 2434 gefallenen Leiche zum Herzog zurück, der die Braut trotz politischer
1194 2420 2504 2470 Sorgen arg vermißt hat und sich nun auch verwundert, wo der kostbare
1185 2448 2507 2499 Schleier Beatricen's, das fürstliche Brautgeschenk, geblieben ist. Erst als
1184 2491 2508 2541 der Herzog seine junge Frau mit Hinrichtung bedroht, führt sie ihn dorthin,
1194 2528 2497 2580 wo sie den Schleier vergaß, zur Leiche Loschi's. In dem finsteren Gemach
1192 2569 2504 2625 findet sie das Kleinod, und möchte den Gatten wieder mit sich hinweg¬
1196 2603 2492 2658 zerren, aber der Herzog, mißtrauisch geworden, wartet die Morgen¬
1198 2648 2505 2706 dämmerung ab und entdeckt nun den todten Dichter, den er lebend nicht
1186 2681 2494 2729 gekannt hat. Mit milden Worten feiert der herzogliche Mäcen die schöne
1186 2722 2509 2770 Kunst des Verschiedenen. Beatrice würde vielleicht von dieser Stimmung
1196 2756 2495 2821 profitiren. Aber ihr Bruder, dem der Lebenswandel des Schwesterchens
1194 2805 2381 2851 längst nicht mehr gefiel, zückt den Dolch und ersticht die Unselige.
1264 2820 2492 2887 So kommt die Lösung mit harter, überraschender Wucht von einem
1190 2852 2492 2913 der an den Geschehnissen erst in zweiter Linie betheiligt ist. Auch sonst
1197 2908 2508 2959 ergeben sich selbst aus der knappen Andeutung der Vorgange die mancherlei
1199 2949 2498 2993 Schwächen des Werkes, dessen Wege allzu willig den Launen eines
1201 2984 2508 3035 schlimmen Kindes folgen. Mehr als eine überflüssige Person hemmt den
1192 3021 2504 3066 Schritt der Handlung und selbst die entscheidendsten Ereignisse sind nicht
1192 3059 2508 3113 immer zwingend motivirt. Jedoch die edle Sprache des Dichters, die
1189 3109 2501 3145 reiche Fülle seiner Gedankenwelt, die Kühnheit seiner Charakterzeichnung
1193 3138 2507 3208 hätten alle diese Mängel vergessen gemacht, wenn eben nicht die Darstellung
1191 3174 1950 3230 Schnitzler so arg im Stich gelassen hätte.
1269 3189 2501 3254 Getreue und kunstgeübte Helfer fand er nur an Herrn Lettinger,
1191 3231 2514 3299 dessen Loschi von edlem Feuer sprühte, und an Herrn Jessen, dessen
1193 3285 2505 3338 stattlicher Herzog die stolzen Züge des Autokraten und die milden des
1194 3326 2505 3377 Künstlerfreundes zu reiner Harmonie vereinte. An den unzähligen,
1200 3360 2507 3416 durchweg wichtigen Nebenrollen wurde viel gesündigt. Unser Mangel an
1203 3403 2522 3446 tüchtigen „zweiten“ Kräften und guten Sprechern trat wieder einmal
1200 3438 2520 3487 betrübend hervor. Es hat keinen Zweck, alle die Herrschaften, die weit¬
1200 3481 2509 3526 hinter ihren Aufgaben zurückblieben, mit Namen zu nennen. Was konnte
1192 3512 2508 3562 auch der Komiker Herr Reitz dafür, daß er als Liebhaber versagte, oder
1193 3555 2517 3605 der Chargenspieler Herr Scholz, daß er den feurigen Helden Francesco
1197 3590 2493 3638 nicht meistern konnte. Selbst die größte Noth an geeignetem Schauspieler¬
1191 3625 2504 3671 Material — die allerdings die Direction hätte abhalten sollen, sich an
1199 3659 2440 3705 eine Riesenaufgabe, wie an den „Schleier der Beatrice“, zu wagen
1199 3702 2504 3745 entschuldigt aber nicht, daß Frl. Forster dem Publikum als Vers¬
1195 3740 2441 3787 schauspielerin und Florentiner Renaissance=Schönheit vorgeführt wurde.
1267 3774 2507 3826 Die Regie des Herrn Runge mag harte Arbeit gehabt haben, als sie
1199 3815 2510 3867 die glänzenden Schauplätze und Vorgänge des Werkes mit ungenügendem
1201 3857 2492 3904 scenischem, Darsteller= und Costüme=Material (die Renaissance=Menscheni
1197 3881 2504 3949 vom Sonnabend trugen alle mittelalterlichen Trachten vom 14. bis zum
1200 3925 2510 3994 17. Jahrhundert zur Schau) herausbringen sollte. Das Scheitern am
1196 3963 2043 4029 Unmöglichen fällt ihr jedenfalls nicht zur Last.
