3436 4384
326 304 1956 417 14. Der Schleier der Beatrige
1987 303 2426 409 box 20/1
1034 1501 2197 1588 DIE PACRLE
1017 1680 2189 1738 Na. 53 WIEN, MITTE SEPTEMBER 1900 II. JAHR
1217 1766 1288 1839 —
1098 1879 2225 1944 Herr Schienther ist höflich und Herr Schnitzler
982 1928 2220 1981 Ast indiscret. Das sind die Ueberraschungen, die die
995 1980 2229 2053 Theatersaison schon in ihren ersten Anfängen den
997 2034 2213 2094 erwartungsvollen Premièrenläufern gebracht hat.
992 2081 2226 2150 Mindestens hat sich ihnen Herr Schnitzler von einer
997 2145 2225 2195 neuen Seite gezeigt. Höflichkeit ist eine bereits
989 2182 2217 2253 notorische Eigenschaft des Burgtheaterdirectors, seit
989 2238 2219 2303 dem Tage, da er. dem Intendanten und vormaligen
992 2281 2220 2348 Leiter der Stadterweiterungs-Commission, Herrn v.
982 2327 2224 2389 Plappart, zurief, die Leute, die früher in den Vororten
982 2378 2226 2442 wohnten, könnten jetzt von sich sagen: Auch wir sind
992 2420 2175 2479 Wiener, unsere Kinder werden in Wien geboren, —
989 2470 2215 2537 dank der thätigen Mithilfe Eurer Excellenz!.... Die
993 2512 2221 2595 Höflichkeit des Herrn Schlenther hat sich seither nicht
991 2570 2221 2633 nur in Ansprachen an Vorgesetzte bewährt. Er war
990 2634 2228 2693 auch zu hoflich, die Trümmer aus dem Wege zu
986 2674 2208 2729 räumen, in die sein schneidiger Vorgänger die Burg¬
993 2718 2223 2782 theaterherrlichkeit verwandelt hat. Und als darum die
985 2772 2217 2833 journalistischen Freunde Burckhards ihn selbst für
993 2816 2221 2890 den Zerstörer zu halten anfiengen, war er höflich
986 2860 2210 2916 genug, Mitglied der -Concordias zu werden und den
992 2913 2221 2975 Führer der kritischen Opposition bei einem Festbankett
991 2965 2213 3026 mit Zeus, der in den Wolken thronet und über die
984 3019 2216 3083 Geschicke des Burgtheaters entscheidet, zu vergleichen.
987 3052 2213 3114 Die Bitte, Zeus der Verdonnerer möge sich der
981 3116 2225 3176 Directionsführung Schlenthers gnädig erweisen, ward
979 3159 2209 3230 bekanntlich nicht erhört. Herr Ludwig Speidel, der
980 3206 2208 3272 die Entwicklung des Burgtheaters durch dreißig Jahre
975 3265 2215 3342 mit schönen Inhaltsangaben begleitet hat und dessen
1925 3392 2129 3531 7
