3484 4256
1946 208 2405 300 box 20/4
256 222 1808 303 14: Der Schleier der Beatrice
533 1202 957 1382 A. OA
1556 1273 2684 1381 instinktiv schafft, und deren Ausstrahlungen und Beein¬
2690 1329 3351 1387 dig=schuldig, ein Bild der Qual u.
1560 1333 2400 1417 flussungen auf das Geschick von Männern.
758 1323 1278 1411 Settilleion.
2686 1353 3353 1420 da gleich einem Kinde, das ahn
1917 1380 2142 1432 —Von mir
2697 1399 3358 1458 zerstört und nun das Schelten nicht
1719 1400 2500 1488 Geht sie nach Hause, läßt von V##torino
733 1407 1260 1491 Berliner Theater.
2692 1449 3362 1518 ringt mit diesem Geheimnis, stocken
1720 1452 2421 1522 Zur Ehe sich beredten, geht mit ihm
2712 1486 3023 1543 ken zu Worten:
377 1468 1542 1561 Arthur Schnitzler: „Der Schleier der Beatrice.“
1707 1498 2594 1560 Zur Kirche, trifft 'nen Andern auf dem Weg
613 1528 1325 1584 Aufgeführt im „Deutschen Theater“.
2858 1520 3351 1587 Warst Du nicht Beatrice,
1719 1533 2597 1607 Der Herzog ist, und läßt sich mit ihm trauen.
489 1555 1545 1629 „Wie dunkle Schleier liegt um Dich der letzten Stunden
2863 1572 3359 1639 Das mit der Krone spielte
1716 1579 2630 1640 Indeß der andere stirbt,— ich aber warte ...
2855 1614 3359 1658 Mit eines Dichters Seel,
399 1595 1553 1678 Rätsel, schwer gefaltet“, das Wort, das der Dichter Fi¬
1624 1619 2689 1682 Filippo, der Dichter sagt das, ein unbefriedigter nach
2856 1646 3352 1714 Mit eines Jünglings Herz
390 1636 1553 1715 lippo zur Beatrice in Schnitzlers Dichtung spricht, gilt von
1543 1647 2696 1730 Unerfüllbarem durstender Lebenswerber, voll Sehnsucht, aus¬
2859 1687 3363 1745 Geschenkt ward? Aber wir
390 1686 1555 1749 dem Drama selbst. Von den Poesien dieses Feinen und
1550 1699 2698 1772 zuschöpfen und voll Ueberdruß wenn er den Becher an die
2862 1728 3355 1778 Und leidens nicht, und jed
395 1715 1546 1793 Besonderen, der wie wenige heut die wirr verstrickten Gärge
1559 1737 2696 1812 Lippen setzt. Er hat alles daran gegeben, Beatrice, das
2851 1776 3367 1840 Nicht nur das einfache S#
400 1774 1548 1833 des Herzens, unseres „Fühlens,, Heut und Gestern“ voll
1547 1774 2693 1847 schönste Mädchen von Bologna zu gewinnen, und als sie ihm
390 1809 1552 1848 schmerzlicher Neugier erforscht, der die Chemie der Gefühle
1551 1818 2693 1891 am Halse hängt, stößt er sie von sich, weil sie ihn schonungslos
2851 1827 3359 1900 Die ganze Welt. So nann
395 1846 1546 1906 als höchstes künstlerisches Ziel und einzig des Wissens
1548 1863 2697 1924 erzählt, sie habe im Traume in des Herzogs Arme gelegen.
389 1885 1542 1947 wert erachtet, stellt dieses Drama die wundersamsten Rät¬
2854 1879 3370 1956 Betrug und Frevel — und
1544 1895 2701 1963 Sie geht, und ihren Weg bezeichnen jene eben zitierten Verse.
392 1930 1540 1983 sel; es hüllt sie in Seide, in Schimmerstoffe mit Edel¬
2758 1924 3362 1985 Wie eine Lösung setzt Schnitzer
1545 1930 2691 2006 Wir stellen knapp, ohne Kommentar seine Etappen neben¬
391 1965 1548 2028 gestein bestickt und behängt sie mit dem Prunk der Rede,
2681 1964 3357 2031 fragen= und zweifelsschwere Werk. I
1552 1980 2691 2049 einander. Ihr Bruder, der sie den kupplerischen Eltern ent¬
397 2001 1539 2052 mit kostbaren und seltenen Worten. Doch ein müdes Be¬
2684 2013 3368 2074 er wollte. Die Beatrice am Ende g#
1546 2014 2691 2085 reißen will, drängt sie zur Heirat mit einem braven Jungen.
390 2048 1543 2103 ginnen scheint es; das dunkle Irren in dem Labyriuth
2690 2046 3362 2104 hörter Sphinxaufgaben. Ist sie ni
1551 2052 2690 2116 Da kommt der Herzog, der Traum beginnt in ihr zu spielen,
390 2081 1546 2131 der Brust soll Klang und Stimme bekommen, das Me¬
2691 2091 3357 2159 und d. Lulu im Erdgeist, wenn sie
1546 2096 2686 2159 Zauber fliegt von ihr zu ihm. Er streckt die Hand nach ihr,
386 2116 1537 2183 dusenhaupt der Triebe, die nie und nimmer ganz zu den¬
2686 2132 3355 2184 keinen Anteil hat. Ist sie nicht n
1539 2133 2688 2200 sie aber sagt, wie ein Kind, das unerhörten Wunsch wie eine
391 2147 1539 2226 ten sind, soll reden, sein eigenes Rätsel lösen, aber der
2685 2173 3343 2222 instinkt, der nach glänzenden Früch
1543 2174 2688 2232 spielende Bitte ausspricht, sie will Herzogin sein. Und den
401 2200 1546 2276 Dichter selbst weiß nur zu gut, daß wir nichts wissen
2689 2210 3345 2262 des Augenblickes führt und nur aus
1548 2212 2690 2284 Herzog packt das Fluidum der seltsamen Stunde; das Leben
386 2238 1528 2306 können. Den Reigen seltsam widerspruchsvoller Gestalten,
2686 2249 3362 2304 Intellekt des Kindes, das die H#
1543 2252 2676 2304 geht in diesem Moment ohnehin über die Grenzen des Ge¬
384 2267 1535 2343 “ die in Unbewußtheit ihres Wesens wandeln, die Schritte
2690 2279 3356 2339 und im nächsten Augenblick das
1540 2292 2680 2361 wöhnlichen, denn der Tod hängt über ihnen, der Feind steht
398 2311 1532 2369 tun, die ihnen selbst unbegreiflich, und in den Abgrund stür¬
2685 2326 3354 2386 nach neuen langt, dieser Intellek
1541 2328 2689 2387 übermächtig vor den Toren, Weltuntergangsstimmung weht,
387 2343 1530 2417 zen mit siummer Qual um den Mund und der leidvollen
2682 2361 3360 2431 mit den jäherwachten Sinnen des
1540 2366 2683 2443 die letzte Nacht vom Sterben ists, Rausch und Ekstase, um
395 2394 1068 2453 Frage: „Was haben wir getan?“
1111 2408 1536 2458 diesen Reigen führt
2677 2403 3361 2460 wir ihm nicht schon im Anatol und
1543 2412 2594 2475 glüht von roten Fackeln der Gefahr“, wirken lodernde A#
397 2433 1539 2493 er auf die bunte Scene. Aber sein Gott und Schicksalsherr
2684 2444 3360 2499 ein nahvertrautes Wort: „Sie ist,
1540 2448 2675 2513 späre, in wildem trotzigem Hochgefühl führt der Herzog sich
395 2477 1537 2540 wird er doch nicht er steht nicht über ihm, er selber ist ihm
2684 2488 3348 2539 und denkt nicht nach. Wenn ich sie
1549 2489 2686 2550 sein Weib von der Straße in das Schloß, indes der Bräutigam
393 2517 1544 2581 wesensgleich; ihm schauert vor dem Schicksal seiner Men¬
2681 2525 3359 2583 sagt sie ja und spricht die Wahrheit;
1549 2524 2685 2603 sich ersticht. Ein Fest berauschenden Lebens voll Vernichtungs¬
395 2553 1535 2609 schen. Er verliert die Herrschaft über sie, er stößt sie in
2677 2561 3361 2615 Du treu, so sagt sie wieder ja und w
1538 2562 2686 2648 dämonie soll jetzt unter den Schatten des Todes gefeiert werden.
382 2590 1533 2664 das wirre Leben und stiehlt sich bei Seite, hülflos, matt,
2679 2604 3354 2655 heit, weil sie sich gar nicht an d
1538 2603 2671 2669 Mitten im Fest aber flieht Beatrice zurück zu Filippo.
387 2624 595 2686 erschöpft.
1542 2642 2676 2707 Unendliche Sehnsucht treibt sie ihr ist, als müßte sie mit
2757 2651 3353 2708 Schnitzler hat diesen Typus st
474 2668 1531 2745 Dies Drama bringt Schwingung, Anregung; es führt
1536 2677 2670 2752 ihm sterben Als er aber, verdüstert durch des Lebens Wirrsal
2677 2676 3361 2750 Gewalttat und eine heißer pulsieren
390 2705 1532 2765 uns tiefer in nins selbst. Aber der Frage, die es aufwirft,
1537 2719 2674 2793 durch diee Irrlicht=Vexierspiele seines Schicksals, Ernst macht,
2681 2732 3356 2793 seine Vorstellungen des müden Gen
383 2747 1536 2809 den Komplikationen, die es vorführt, ist es künstlerisch an
1532 2771 2677 2834 schaudert sie zurück. Voll Ekel und Bitterkeit leert Filippo
2676 2765 3329 2834 sis und Sentimentalität, voll m
386 2790 1529 2853 Kraft des Grifses, an Geschliffenheit der Sondierung nicht
1529 2799 2675 2873 das Glas mit dem Gift allein. Aber den kostbaren Schleier
2676 2815 3320 2873 voll der kraftlosen Sehnsucht n
383 2825 1534 2894 gewachsen. Es wirkte durch das dunkelglitzernde Kolorit, durch
1528 2844 2677 2913 vergaß sie. Er wird der Verräter all ihrer geheimen Wege.
2678 2856 3362 2908 des Daseins, vermag er leibhaftiger
378 2868 1531 2932 die schwebende Lebens= und Liebesmelancholie, die sich darüber
1529 2873 2680 2955 Der Herzog zwingt sie, ihn dorthin zu führen, wo sie ihn
2674 2891 3364 2956 in den Typen der Anatole und mod
380 2897 1528 2971 breitet: es verstimmte aber durch den Eindruck, daß der Dichter
1536 2926 2675 2993 gelassen. Und in dem Raume, wo der tote Filippo liegt,
2672 2932 3356 2989 ges und femmes zu gestalten und au
377 2945 1531 2999 die Hörer ebenso wie die Figuren des Stückes auf dornig
1529 2963 2674 3029 wo Beatrices Lebensrätsel angefangen, erfüllt sich ihr Ende.
2667 2970 3360 3043 ihm fremden und nur künstlich be
388 2979 1527 3049 verstrickten Pfaden in die Irre setzt, ohne den eigenen Weg
1533 2998 3003 3049 Der Bruder löst das Rätsel mit einem Dolchstich, er weiß Goldbrokatwelt.
375 3018 1529 3089 zu kennen. Wenn freilich einer darunter leidet, so ist er
1539 3040 2675 3116 nichts und versteht nichts von dieser Stummen, die sich nicht
2754 3034 3358 3113 Wie ihm so ging es auch den
386 3061 1520 3115 leider gewiß an schwersten. Ein ähnliches Gefühl mag über¬
1535 3087 2663 3137 entschuldigen kann, nicht rechtfertigen wegen all der Unge¬
2680 3071 3358 3145 schen Theaters. Sie kleiden Verse
377 3107 1530 3176 wogen haben, denn das Publikum ließ sich völlig durch
1533 3112 2672 3181 heuerlichkeit, die um sie geschehen. Er weiß nur, leben darf
2681 3128 3351 3202 schlecht wie Rasselrüstung und Män
386 3136 1531 3208 die Einzelschönheit des Werks locken und ertrug das Spröde.
1527 3150 2675 3233 sie nicht. Und was wissen wir und die andern, die tiefer sehen,
2682 3165 3371 3221 übeer rotem Sammtwamms. Nur
371 3174 1533 3246 * Und trotz des Zischens gab es starken Beifall, für den Schnitzler
1532 3198 2261 3247 als die grobe Einfalt dieses Bruders?
2677 3214 3361 3266 gebannt im Grauen, da sich ihr S#
385 3206 1539 3296 nach jedem Akt danken durfte. Was wir nun sehen, war —.
1646 3226 2546 3301 „Der starb um Dich? Und den verrietest Du?
2679 3248 2764 3315 sal
2751 3252 3355 3317 die Schlinge zuzieht, ein unver
373 3255 1535 3336 losgelöst von dem zu überreich wuchernden Beiwerk und der
1651 3274 2574 3347 Und mich um ihn? Und wiedrum ihn um mich?
2757 3284 3190 3357 Beerlin, 9. März.
382 3298 1140 3338 unnötigen Ueberzahl der Personen —
1125 3307 1330 3357 Staffage
1365 3306 1527 3368 dieses.
1641 3326 2438 3376 Was bist Du für eein Wesen Beatrice?“
378 3333 1545 3410 Eine Kette eng aneinandergerückter Schicksalssituationen, die
3125 3352 3226 3414 —
1557 3330 2682 3422 So fragt der Herzog erschüttert, geängstet von diesem Unbe¬
366 3375 2672 3456 ein sechzehnjähriges Mädchen, Beatrice Nardi von Bologna, areiflichen, doch die Gefragte weiß nicht zu antworten, unschul¬
2666 3448 2935 3533 A
