3436 4320
1693 182 2172 295 Der Humorist,
2188 187 2378 278 Wien
1087 237 1530 350 vom: #2%
1334 453 2162 558 Leipziger Theaterbrief.
2092 548 2412 617 27. Mai 1903.
1187 599 2442 664 Im Gegensatze zu dem vorigen Berichtsabschnitte — meine
1081 651 2441 698 rechtzeitig abgeschickte Uebersicht ist außerdem nicht einmal des Ab¬
1079 698 1844 760 druckes würdig befunden worden —
1842 698 2434 766 ist der jetzige reicher an Be¬
1076 743 2437 812 gebenheiten. In der Oper wurde zur 90. Wiederkehr von Nichard
1076 795 2439 862 Wagners Geburtstag „Siegfried“ in ausgezeichnet abgerundeter
1079 830 2434 906 Wiedergabe gespielt, in der sich besonders Herr Urlus als Titel¬
1082 884 2444 958 held auszeichnete. Des weiteren wäre ein mit großer Reklame
1083 941 2438 1013 eingeleitetes Gastspiel des Frl. Destinn, von der berliner Hof¬
1073 995 2445 1061 oper, zu erwähnen. Im Schauspiel ging ein einaktiges Lustspiel
1083 1048 2490 1099 „Hans Witt und seine Braut“ von Oskar Riecke zum erstenmale ge
1072 1071 2444 1144 in Szeue, ein harmloser dramatischer Scherz, der, von den Herren
1072 1131 2532 1236 Hahn und Schny sowie den Damen de Lalsky und zus.
1074 1183 2438 1255 Goericke flott gespielt, ansprach. In der Operette feierte Zellers
1077 1236 2494 1302 „Obersteiger“ seine Auferstehung, freudig begrüßt von dem Publikum, das
2432 1279 2541 1336 den
1077 1282 2425 1352 das die nunmehr fast vergessenen Melodien fast als neue empfand.
1199 1338 2430 1408 Ich habe bisher nur kurz referiert, da das Schauspielhaus
1073 1366 2534 1445 für sich das Hauptinteresse in Anspruch nahm, scheint es ja fast, die
1081 1442 2539 1505 als sollte dort vor Schluß der Saison noch einmal für den kom=en¬
2399 1481 2530 1535 ng“)
1075 1485 2123 1539 menden Winter mit vollen Händen gesäet werden.
2398 1521 2539 1570 liche
1185 1529 2531 1600 Hier waren vor allem die drei Gastspiele Sarah Bernhardts Aut¬
1084 1574 2435 1640 sensationell, die zum erstenmale in Leipzig auftrat. Natürlich waren
1076 1627 2435 1696 trotz der hohen Preise fast ausverkaufte Häuser und ein Jubel
1088 1673 2445 1767 sondergleichen; die Künstlerin kann mit ihrer Aufnahme recht zu¬
1080 1721 1348 1783 frieden sein.
1190 1776 2429 1831 Ich bin der Ansicht, daß trotz der nicht zu verneinenden
1070 1804 2446 1882 Kunst die Aufnahme im umgekehrten Falle in Frankreich eine andere
1064 1870 2441 1933 gewesen sein würde. Als Kameliendame, Phädra und Frou=Fion,
1073 1922 2437 2004 die ja mehr oder weniger aus deutschen Bearbeitungen genügends
1075 1977 2444 2043 bekannt sind und deshalb auch leicht verständlich waren, erzieltes
1079 2019 2452 2099 sie ganz hervorragende Erfolge und so war in dieser Hinsicht ihr
1084 2077 2264 2127 Spiel auch leicht mit anderen Darbietungen zu vergleichen.
1191 2102 2437 2188 Eine Novität war Arthur Schnitzlers „Der Schleier ders
1061 2168 2436 2237 Beatrice“ bei dem der hervorragendste Moment wohl die gänzliche
1067 2223 2438 2279 Abkehr Schnitzlers von seinem früheren Programm ist, der auchs
1064 2249 2435 2331 hier wie die meisten anderen der Moderne das alte Dogma des¬
1062 2330 2439 2390 Sozialismus und Naturalismus 2c. verlassen hat, und dafür der
1063 2371 2424 2443 Phantasie, leider hier zu wenig gezügelt, vollen Spielraum gibt.
1063 2399 2432 2496 Neben einer überstürzten, unglaublichen Handlung drei Tote, das
1072 2452 1721 2535 ist für die Jetztzeit etwas viel.
1184 2510 2433 2570 Gespielt wurde gut und so errang das Schauspiel einen
1061 2575 2415 2639 mittleren Erfolg Frl. Irene Triesch (Veatrice) und Herr
1063 2605 2434 2670 Mauren (Herzog), beide noch nicht in Leipzig bekannt, boten
1069 2657 2423 2740 durch geschicktes und temperamentvolles Spiel eine gute Leistung,
1067 2713 2415 2779 desgleichen wurde Herr Grevenberg der schwierigen Rolle des
1057 2746 2434 2840 Loschi gerecht. Die Herren Vollmer (Franzesco), Mehnert
1073 2820 2430 2876 (Manussi), Eggeling (Fantuzzi) und die vielen anderen Ver¬
1064 2860 2421 2932 treter und Vertreterinnen des großen Personenverzeichnisses unter¬
1064 2914 2094 2964 stützten die Gesamtdarstellung nach besten Kräften.
1180 2954 2434 3017 Eine weitere Novität war „Die heilige Familie“ Schauspiel
1066 3003 2434 3082 von Frau v. Lenor. „Die heilige Familie“ ist eigentlich keine
1057 3074 2428 3126 fromme Familie, denn es geschieht da manches, wenn nicht vieles,
1056 3114 2437 3171 was man nicht mit christlich bezeichnen kann, vielmehr sind die
1063 3144 2413 3220 Schattenseiten einer bigott=katholischen Familie mit einem Ver¬
1059 3208 2427 3264 söhnungsschluß gezeichnet. Eine Offizierswitwe hat zwei Söhne,
1062 3260 2426 3314 der erstere ist Ministerialbeamter, liebt eine Protestantin und stirbt
1062 3322 2421 3373 an dem Kummer, den die Vereitlung seiner Verbindung mit dieser
1065 3352 2420 3412 verursacht. Der zweite ist Schauspieler und dessen Sohn bringt die
1051 3400 2421 3469 weiteren Konflikte, die aber durch eine endliche Versöhnung bei¬
1056 3463 2419 3525 gelegt werden. Es sind unangenehme Bilder, die vorgeführt
1052 3509 2426 3573 werden und sich trotz leidlicher Charakterzeichnung recht langweilig
1054 3548 2418 3617 dahinschleppen. Trotz guter Inszenierung litt das Stück an den
1058 3613 2415 3669 genannten Uebeln sehr, so daß es ganz allmählich zu einem Miß¬
1064 3645 2417 3719 erfolg heranwuchs, gegen den die Herren Grevenberg und
1054 3685 2422 3778 Wildenhahn und Frl. Frey, die Vertreter der anmutenderen
1055 3742 1677 3797 Rollen vergebens ankämpften.
1178 3787 2416 3848 Eine bessere Aufnahme fand Lessings „Nathan der Weise“.
1051 3847 2420 3904 mit Herrn Direktor Hartmann als Tempelherr, Herrn Bornstedt
1048 3896 2421 3946 als Nathan und Frl. Kirch als Recha, womit die Reihe des
1055 3947 2080 4014 Gebotenen geschlossen in möge. Das übrige ber
2166 3943 2420 4013 Gastspielen
1057 3985 1591 4059 von geringerem Interesse.
2105 3994 2382 4075 S. Felder.
