3484 4224
1912 141 2379 249 box 20/2
267 127 1778 257 14. Der Schleier der Reatrice
845 992 2559 1072 die Figur des Abgeordneten einen vorzüglichen Künstler in Herrn Will, der im Ver¬
852 1048 2566 1136 ein mit Herrn Botz (Doktor Hettner), Stange (Gutsbesitzer Kreibig), Lettinger,
851 1110 2560 1202 Lehrmann und den Damen Gabri, Wendt, die Zuschauer zur größten Lachlust
849 1156 1002 1230 reizte.
968 1194 2562 1285 Vor einiger Zeit ging durch die Presse eine Nachricht, die in Schriftstellerkreisen
855 1270 2546 1356 viel von sich reden machte. Es handelte sich damals um das neueste Werk des Wiener
851 1323 2555 1408 Autors Arthur Schnitzler, welches derselbe im Hofburgtheater eingereicht hatte und
856 1379 2552 1457 nachdem er von Direkter Schlenther die Zusage zur Aufführung erhalten, wieder zurück
849 1429 2560 1515 gesandt erhielt. „Der Schleier der Beatrice,“ so heißt nämlich das Schauspiel, ging
848 1483 2558 1569 deshalb nicht in des Dichters Heimat, die sonst ihrem Sohne den Grundstein für seine
849 1543 2547 1606 Triumphe legte, in Seene, sondern Herrn Direktor Löwe gebührt das Verdienst, dem
856 1600 2547 1660 litterarischen Publikum die Bekanntschaft mit diesem, über das gewöhnliche Niveau
842 1653 2550 1704 der letzten Werke hinausgehenden Stücke gemacht zu haben. Keine Andeutung, kein
845 1704 2551 1784 Laut drang vor der Première in die Offentlichkeit. Um so mehr war man überrascht,
852 1750 2542 1828 den Dichter in einer Sphäre zu finden, deren Kenntnisse er zwar schon uns noch dazu
851 1812 2557 1909 glücklich im „grünen Kakadu“ gezeigt, jedoch nicht vermuten ließ, daß er einen solch
851 1866 1960 1941 gewaltigen Stoff wie den vorliegenden meistern würde.
958 1904 2539 1985 Auf dem historischen Grunde der Renaissance spielt sich die Liebesgeschichte eines
842 1957 2547 2043 edel angelegten Dichters mit einem Kinde aus dem Volke ab. Loschi, der Poet von
837 2007 2546 2112 Botogna liebt Beatrice Nardi, ein Wesen halb naive Unschuld, halb sinnliches nach
843 2082 2545 2165 verbotenen Begierden lechzendes Weib und betrügt dadurch die Gräfin, seine Braut.
845 2133 2536 2198 Doch seine Untreue findet bald Sühne. Beatrice erzählt ihm einen gehabten Traum,
844 2198 2546 2272 in welchem sie die Geliebte des Herzogs von Bologna zu sein glaubte. Durch diesen
837 2241 2541 2314 Traum, den er in so kindlichen und doch so dirnenhaften Ton zu hören bekommt,
844 2289 2542 2375 stößt Loschi sie von sich, da er Träume feige Wünsche nennt, die sich im tiefsten Winkel
845 2351 2539 2434 des Herzens verbergen. Nun giebt sie, von ihren braven Bruder bestürmt, ihren treuen
839 2409 2538 2463 Verehrer, Wittorino, die Hand zum ehelichen Bunde und geht mit ihm zur Kirche.
842 2449 2539 2528 Doch da vertritt ihr der eben des Wegs kommende Herzog den Weg und da er sich
835 2503 2535 2567 auf Weibesschönheit versteht, läd er Beatrice ein zur Feier einer Liebesnacht, der letzten
831 2564 2539 2643 vielleicht vor dem kommenden Kampfe mit dem Borgia. Betäubt durch den Blick
823 2606 2532 2700 des Herzogs steht sie wie verzaubert da, bis endlich der Bann von ihr weicht und
837 2681 2529 2748 auf seine neuerliche Frage sie die Antwort giebt. „Ich folg' Euch gern, aber nur als
824 2728 2537 2814 Herzogin.“ Der Herzog ist bereit, ihr diesen Wunsch zu erfüllen, da er ja denken
829 2781 2533 2857 muß wer weiß, ob er's morgen noch kann, und heiratet sie zum Erstaunen seines Ge¬
835 2826 2535 2917 folges. Unterdessen hat sich Wittorino im Einsehen seiner Überflüssigkeit hinter der
835 2888 2514 2966 Scene umgebracht. Nun zeigt sich wieder eine neue Laune Beatrices. Weg vom Trau¬
838 2928 2521 3008 altar eilt sie zu Loschi, der sich aber im Schauder und Ekel vor sich und der Geliebten
824 2998 2536 3076 vergiftet. Aufs Höchste erschrocken verläßt sie diesen Ort und erscheint vor dem Herzog
833 3055 2528 3128 in dem Augenblick, als er trotz seiner Kampfessorgen sie vermißt. Da bemerkt der
827 3102 2518 3183 fürstliche Gemahl, daß Batrice sein Brautgeschenk, den kostbaren Schleier verloren.
834 3154 2527 3242 Auf seine Frage erhält er erst durch die Drohung der Hinrichtung von ihr Antwort.)
817 3217 2521 3277 Und sie führt ihn zu Loschis Leiche wo sie den Schleier vergessen. Als sie nun im
832 3262 2521 3339 finsteren Zimmer denselben findet, will sie den Herzog wieder mit sich fortziehen. Doch
830 3318 2514 3389 jener durch das sonderbare Benehmen aufmerksam gemacht, entdeckt den toten Dichter,
826 3379 2513 3454 den er im Leben nicht gekannt und dem er jetzt einen ergreifenden Nachruf hält. In
816 3422 2513 3486 dieser Stimmung könnte sie die Freiheit vom Herzog erwirken; doch da zuckt der Bruder
818 3470 2507 3558 den Dolch wider sie, da ihm das Benehmen seiner Schwester schon lange nicht ge¬
810 3536 2520 3620 fallen und sterbend sinkt sie zu des Poeten Füßen. Die herrliche Gedankenwelt, die
594 3595 654 3674 4
