3248 4256
1959 274 2375 357 box 20/1
284 256 1809 365 14: Der Schleier der Beatrice
542 543 1738 667 □ Aus Wien meldet uns ein Privat=Telegramm: Der Direktor
476 579 1742 683 des Buratheaters Paul Schlenther lehnte Arthur Schnitzlers
485 641 1735 744 neuestes Schauspiel „Der Schleier der Beatrice" ab, obwohl
482 676 1734 788 dasselbe schon Anfang des Jahres eingereicht worden war, und
479 715 1735 814 Schlenther damals die Aufführung zugesagt haben soll. Es heißt aber,
486 750 1733 841 daß aus Hofkreisen sich Einflüsse gegen die weitere Aufführung
467 790 1728 894 Schnitzlerscher Stücke im Burgtheater geltend machten und zwar
477 822 1739 928 infolge der Revolutionsizenen im „Grünen Kakadu“, die bei Hofe
473 866 1812 971 einen ungünstigen Eindruck machten. Damit soll auch zusammen¬
471 901 1729 993 hängen, daß Hugo v. Hofmannsthal seine bereits im Burgtheater
477 945 1748 1049 eingereichtes Schauspiel „Das Bergwerk von Falun“ wieder
475 973 761 1033 zurückzog.
507 1019 1740 1115 Die Kritiker der meisten Wiener Blätter wie Herr¬
465 1057 1095 1121 mann Bahr, Julius Bauer,
1153 1083 1775 1176 J. David, Robert K#rschfeldes
466 1082 1724 1200 Felix Salten, Ludwig Speidel veröffeutlichen morgen eine Er¬
469 1123 1715 1208 klärung gegen den Direktor des Burgtheaters Schlenther
469 1163 1723 1269 wegen der Verletzung der Rechte und Interessen dramatischer
462 1192 1729 1306 Autoren, indem er die Aufführung von Schnitzlers „Schleier
464 1236 1713 1346 der Beatrice“ am 13. F öruar 1900 schriftlich zusagte und
456 1273 1724 1368 nach langen Verzögerungen und Ausflüchten das Stück am
457 1307 1719 1416 2. September ablehnte und zurückschickte. Die Erklärung wird,
453 1338 1712 1452 aber vielfach gemißbilligt, weil sie ungerecht sei und sich nicht gegen
457 1384 1727 1502 die eigentlich schuldige Seite winde, da Schienther durch den Einfluß
443 1417 1555 1519 der Hofparteien genöthigt worden sei, das Stück abzulehnen.
559 1767 1783 1859 , dus Gewicht der von ihnen vertretenen Interessen
501 1810 1824 1895 unterstützt werden. Aber auch hier sucht er die Interessen
512 1866 1767 1939 der Minderheit thunlichst zu schonen und die Bewegungsfrei¬
507 1906 1762 1992 heit des Verkehrs nicht weiter einzuengen, als nach dem
509 1955 1361 2014 Zweck des Entwurfs unerläßlich erschien.
748 1987 1766 2047 ist der Zeitpunkt des Inkrafttretens
509 2013 1755 2101 offen gelassen und der Entschließung des Bundesrathes vor¬
501 2074 1759 2143 behalten. Hierzu wird in der Begründung ausgeführt:
502 2120 1757 2183 Die Interessenten haben um eine möglichst geräumige Be¬
501 2161 1762 2235 messung der Frist zwischen der Verkündung und dem Inkraft¬
496 2199 3012 2313 treten der Vorschriften gebeten, damit die vorhandenenf des poringiesischen SGondermnes, dessen Sttremencebt geee ersone
562 2322 1754 2375 Deutschen Theater, das bei seinem jetzigen Per¬
1806 2349 2986 2421 Eintritt der Ferien an den Verfasser gelaugten, einer sachgemäßen
561 2358 1748 2427 sonal, ohne Kainz und Sorma, der Riesenauf¬
1813 2387 2757 2445 Entgegnung, weshalb Herr Arthur Schnitzler erst zu
2904 2403 2967 2454 des
572 2417 1743 2468 gabe nicht gewachsen ist. Uebrigens würde ich die Erst¬
1816 2430 2726 2475 neuen, gegenwärtigen Spieljahres an die Direkti
573 2444 1750 2493 oufführung am Burgtheater zur Vorbedingung der Annahme
1903 2452 2633 2512 ters einen Brief richtete in welchem er
567 2474 1750 2529 machen. Ich glaube, nur das Burgtheater kann dieses Stück
1936 2502 2722 2557 iden ihm vermittelten Bescheide vom 13. Febr
571 2516 1751 2575 spielen. In Berlin allenfalls die Hofbühne. Filippo Christians,
1938 2543 2758 2595 ii die Anfrage stellte, ob sein Stück innerh
2931 2555 3006 2608 t.
577 2559 1748 2596 Herzog Matkowski, Beatrice Poppe. Unsere relativ beste Beatrice
1933 2580 2999 2636 den Saison, also über den proponirten Zeitpunkt der zu
576 2595 1704 2648 wäre doch wohl Fräulein Witt. Mit herzlichem Gruß 2c. 2c.“
1918 2619 2983 2685 rtenden „Konstellation“ hinaus, angenommen sei oder nicht.
615 2630 1748 2684 In Erwiederung darauf ertheilte Herr Arthur Schnitzler wenige
1867 2661 2989 2725 Auf dieses Schreiben vom 1. September erfolgte die ablehnende
568 2650 1742 2727 Tage später dem Burgtheater, nebst seinem prinzipiellen Ein¬
1815 2692 2415 2754 Antwort am 2. September d. J.
577 2704 1748 2748 verständniß zu Strichen und Aenderungen, das gewünschte Recht
1862 2734 2943 2798 Es ist nicht unsere Absicht, für das Drama „Der Schleier der
566 2730 1740 2802 der Erstaufführung und erbat, wie sich das in solchen Fällen von
1801 2767 2975 2835 Beatrice" von Arthur Schnitzler Partei zu ergreifen. Wir sind
569 2775 1746 2829 selbst versteht, einen Aufführungstermin, vor allem aber, behufs
1806 2813 2989 2876 weit davon entfernt, dem Direktor des Burgtheaters das Recht,
567 2813 1744 2881 Erledigung der zur Darstellung des Werkes nöthigen Besetzungs¬
1804 2845 2991 2906 Stücke anzunehmen oder abzulehnen, das er kraft seiner persön¬
565 2845 1746 2910 und Aenderungsfragen, eine baldige Unterredung mit dem
566 2889 784 2943 Direktor.
1815 2884 2983 2957 lichen Verantwortlichkeit zweifellos und unantastbar besitzt, irgend¬
1813 2926 2288 2977 wie schmälern zu wollen.
603 2933 1743 2987 Vier Monate lang ist Herr Arthur Schnitzler auf dieses in der
1855 2959 2986 3030 Allein jeder Schriftsteller hat den unantastbaren Anspruch
558 2952 1742 3021 Zwischenzeit erneuerte Ansuchen ohne Antwort geblieben, mit Aus¬
1807 2991 2978 3055 darauf, daß dieses Recht gegen ihn und seine Werke, seien sie nun
566 3003 1740 3068 nahme einer einzigen, erst Anfangs Juni eingelangten Karte, in
1806 3038 2983 3093 gut oder mißlungen, in einer Weise gehandhabt werde, die jede
576 3041 1741 3084 welcher der Direktor mittheilt, er werde sich „dieser Tage zum
1808 3076 2893 3138 Willkür, Schädigung und nachtheilige Unklarheit ausschließt.
587 3081 1742 3137 dritten Male an das Studium des Stückes machen“, und den Antor
579 3117 1740 3171 ersucht, seine hart auf die Probe gestellte Geduld noch einige
1853 3119 2980 3175 In dem Falle, der uns beschäftigt, hat der Direktor des Burg¬
562 3137 1003 3210 Tage laufen zu lassen.“
1792 3153 2973 3215 theaters unserer Meinung nach durch sein Verfahren dem Antor
612 3171 1734 3249 Erst am 18. Juni erhielt Herr Arthur Schnitzler ein Schreiben
1802 3190 2982 3256 in einer unstatthaften Weise begegnet, und gegen dieses Ver¬
551 3202 1738 3285 des Direktors, worin dieser nunmehr Bedenken gegen die Erfolgs¬
1796 3230 2973 3292 fahren sehen wir uns um ° dringender genöthigt, Protest ein¬
551 3261 1731 3324 möglichkeit des Stückes erhebt und nach ausführlicher Darlegung
1793 3268 2985 3326 zulegen, als nach den heute am Burgtheater geltenden amtlichen
547 3301 1733 3351 derselben dem Verfasser proponirt: „Warten bis zum Frühjahr!
1802 3306 2980 3376 Bestimmungen die dramatischen Schriftsteller jeder wie immer
548 3341 1561 3396 Sehen, wie dann die Konstellation am Burgtheater ist.“
1791 3340 2916 3409 gearteten direktorialen Entscheidung wehrlos gegenüberstehen.
613 3372 1734 3442 Das vier Monate innegehabte Recht der ersten Aufführung
1842 3387 2973 3460 Wir erheben Einsprache dagegen, daß es dem Direktor des
545 3387 1732 3482 wurde in diesem Schreiben zurückgelegt mit dem Beisatze: „Ich
1787 3416 2979 3494 Burgtheaters gestattet sein soll, sich in so auffallender Weise zu
549 3448 1735 3502 müßte es mir selbstverständlich gefallen lassen, daß eventuell
1795 3459 2984 3513 widersprechen, wie es in diesem Falle geschehen ist, und im Sep¬
553 3485 1193 3540 Berlin oder München vorangehen.“
1795 3497 2979 3563 tember ein Stück abzulehnen, dessen Erstaufführung er im Februar
610 3516 1731 3583 Diese für das Schicksal des Stückes so wichtigen Eröffnungen
1799 3538 2970 3602 gewünscht hat. Denn es ist klar, daß es einem Schriftsteller, der
542 3563 1732 3627 entzogen sich eben durch den Umstand, daß sie erst knapp vor
1790 3575 2982 3637 nur die nöthige Geduld aufbringt, gelingen kann, im Wechsel der
