<?xml version="1.0" encoding="UTF-8" standalone="yes"?>
<PcGts xmlns="http://schema.primaresearch.org/PAGE/gts/pagecontent/2013-07-15" xmlns:xsi="http://www.w3.org/2001/XMLSchema-instance" xsi:schemaLocation="http://schema.primaresearch.org/PAGE/gts/pagecontent/2013-07-15 http://schema.primaresearch.org/PAGE/gts/pagecontent/2013-07-15/pagecontent.xsd">
    <Metadata>
        <Creator>prov=University of Rostock/Institute of Mathematics/CITlab/Gundram Leifert/gundram.leifert@uni-rostock.de:name=ONB_Newseye_GT_M1+(htr_id=10810)::::v=2.4.2
prov=University of Rostock/Institute of Mathematics/CITlab/Tobias Gruening/tobias.gruening@uni-rostock.de:name=de.uros.citlab.module.baseline2polygon.B2PSeamMultiOriented:v=2.4.2
prov=University of Rostock/Institute of Mathematics/CITlab/Tobias Gruening/tobias.gruening@uni-rostock.de:name=/mnt/transkribus/LA/DEA/URO/LA_news_onb_att.pb:de.uros.citlab.segmentation.CITlab_LA_ML:v=2.4.2
Transkribus</Creator>
        <Created>2019-10-07T11:36:53.845+02:00</Created>
        <LastChange>2019-10-08T10:00:25.997+02:00</LastChange>
        <TranskribusMetadata docId="223979" pageId="9501138" pageNr="156" tsid="16514746" status="IN_PROGRESS" userId="40391" imgUrl="https://files.transkribus.eu/Get?id=UKVWULIFAQXBRJJNGWDDYKXG&amp;fileType=view" xmlUrl="https://files.transkribus.eu/Get?id=SIFVUFFFZFTSKRXBQJVOASYO" imageId="6191360"/>
    </Metadata>
    <Page imageFilename="223979_0156.jpeg" imageWidth="3248" imageHeight="4256">
        <ReadingOrder>
            <OrderedGroup id="ro_1711449021312" caption="Regions reading order">
                <RegionRefIndexed index="0" regionRef="r1"/>
            </OrderedGroup>
        </ReadingOrder>
        <TextRegion orientation="0.0" id="r1" custom="readingOrder {index:0;}">
            <Coords points="182,210 182,3999 3208,3999 3208,210"/>
            <TextLine id="r1l1" custom="readingOrder {index:0;}">
                <Coords points="1161,240 1176,241 1181,247 1189,247 1192,250 1213,252 1216,207 1203,206 1193,197 1188,197 1183,191 1178,196 1165,195"/>
                <Baseline points="1174,239 1200,241"/>
                <TextEquiv>
                    <Unicode>G</Unicode>
                </TextEquiv>
            </TextLine>
            <TextLine id="r1l2" custom="readingOrder {index:1;}">
                <Coords points="262,229 1557,293 1821,269 1823,201 1361,181 1194,239 833,171 263,203"/>
                <Baseline points="276,230 352,237 429,242 505,247 582,251 659,253 735,256 812,257 888,258 965,259 1042,260 1118,260 1195,260 1271,260 1348,261 1425,262 1501,263 1578,264 1654,267 1731,269 1808,273"/>
                <TextEquiv>
                    <Unicode>14 Der Schlefer der heatrige</Unicode>
                </TextEquiv>
            </TextLine>
            <TextLine id="r1l3" custom="readingOrder {index:2;}">
                <Coords points="1961,259 2034,290 2111,265 2150,284 2191,261 2222,273 2241,260 2274,290 2338,270 2417,290 2419,203 2287,203 2250,186 2171,208 2057,203 2033,219 1992,181 1963,180"/>
                <Baseline points="1974,253 1999,253 2024,254 2049,255 2075,256 2100,257 2125,257 2151,258 2176,259 2201,260 2226,260 2252,261 2277,262 2302,262 2328,261 2353,261 2378,260 2404,259"/>
                <TextEquiv>
                    <Unicode>box 20/2</Unicode>
                </TextEquiv>
            </TextLine>
            <TextLine id="r1l4" custom="readingOrder {index:3;}">
                <Coords points="190,706 2136,766 2186,680 191,664"/>
                <Baseline points="204,701 302,704 400,708 499,711 597,714 695,716 794,718 892,719 990,721 1089,722 1187,724 1285,725 1384,727 1482,729 1580,731 1679,733 1777,737 1875,740 1974,745 2072,749 2171,755"/>
                <TextEquiv>
                    <Unicode>die Lüfte nach jenem Sonnenuntergang in der todt=pflicht wäre es freilich gewesen, denn Schnitzler's Drama ist</Unicode>
                </TextEquiv>
            </TextLine>
            <TextLine id="r1l5" custom="readingOrder {index:4;}">
                <Coords points="188,761 225,765 265,753 304,764 381,764 391,756 454,774 456,716 432,726 419,720 392,735 363,727 348,710 316,720 303,711 221,717 190,705"/>
                <Baseline points="201,752 227,751 254,751 281,752 307,752 334,753 361,754 387,755 414,757 441,759"/>
                <TextEquiv>
                    <Unicode>ten Stadt ...</Unicode>
                </TextEquiv>
            </TextLine>
            <TextLine id="r1l6" custom="readingOrder {index:5;}">
                <Coords points="1112,782 2184,803 2185,763 2096,750 1114,732"/>
                <Baseline points="1126,765 1178,766 1230,768 1282,769 1334,771 1387,772 1439,775 1491,776 1543,779 1595,781 1648,783 1700,785 1752,787 1804,789 1856,791 1909,793 1961,794 2013,796 2065,798 2117,799 2170,801"/>
                <TextEquiv>
                    <Unicode>die Arbeit eines echten Dichters und so überreich an über¬</Unicode>
                </TextEquiv>
            </TextLine>
            <TextLine id="r1l7" custom="readingOrder {index:6;}">
                <Coords points="177,802 1910,862 2184,803 178,765"/>
                <Baseline points="190,798 294,799 398,800 502,802 606,803 710,805 814,807 919,810 1023,812 1127,815 1231,818 1335,821 1439,824 1544,827 1648,830 1752,833 1856,837 1960,840 2064,843 2169,847"/>
                <TextEquiv>
                    <Unicode>Ehe wir es aber versuchen, zu erzählen, wäh das Auge wältigenden Schönheiten der Empfindung, des Erkennens</Unicode>
                </TextEquiv>
            </TextLine>
            <TextLine id="r1l8" custom="readingOrder {index:7;}">
                <Coords points="180,852 2166,916 2189,850 181,804"/>
                <Baseline points="194,846 298,848 402,851 506,853 610,855 714,857 818,859 923,861 1027,863 1131,865 1235,867 1339,869 1443,871 1548,874 1652,877 1756,881 1860,884 1964,889 2068,894 2173,899"/>
                <TextEquiv>
                    <Unicode>lichters in jener Nacht geschen, da sich Bologna auf und der Sprache, daß es einen geradezu imponirenden</Unicode>
                </TextEquiv>
            </TextLine>
            <TextLine id="r1l9" custom="readingOrder {index:8;}">
                <Coords points="180,907 2158,962 2191,913 181,851"/>
                <Baseline points="194,892 293,895 392,898 491,901 590,903 689,905 788,907 888,908 987,910 1086,911 1185,913 1284,914 1383,916 1482,919 1582,921 1681,924 1780,927 1879,930 1978,935 2077,940 2177,945"/>
                <TextEquiv>
                    <Unicode>d verbereitete, wollen wir vorausschicken, daß es die Fortschritt gegenüber den früheren Werken des Dichters</Unicode>
                </TextEquiv>
            </TextLine>
            <TextLine id="r1l10" custom="readingOrder {index:9;}">
                <Coords points="182,963 2118,1006 2191,953 183,907"/>
                <Baseline points="195,942 294,943 393,945 492,947 591,948 690,950 789,951 888,953 987,955 1086,957 1185,959 1284,961 1383,964 1482,967 1581,970 1680,973 1779,977 1878,981 1977,985 2076,990 2175,995"/>
                <TextEquiv>
                    <Unicode>uer gestern Abends lange nicht nach Gebühr und ge=bedeutet. Die Vorzüge seiner Art sind hier zu reifer</Unicode>
                </TextEquiv>
            </TextLine>
            <TextLine id="r1l11" custom="readingOrder {index:10;}">
                <Coords points="183,995 2140,1053 2184,1006 184,944"/>
                <Baseline points="197,990 295,991 394,993 492,994 591,995 690,996 788,998 887,999 985,1001 1084,1003 1183,1005 1281,1008 1380,1010 1478,1013 1577,1016 1676,1020 1774,1024 1873,1028 1971,1033 2070,1039 2169,1044"/>
                <TextEquiv>
                    <Unicode>en kühnen Absichten des Dichters fröstelte. Der samum= und prächtiger Blüthe gelangt, während freilich auch</Unicode>
                </TextEquiv>
            </TextLine>
            <TextLine id="r1l12" custom="readingOrder {index:11;}">
                <Coords points="186,1042 1115,1055 1107,1010 187,998"/>
                <Baseline points="198,1034 243,1036 288,1038 333,1039 378,1040 423,1042 468,1042 514,1043 559,1043 604,1044 649,1044 694,1045 739,1045 784,1046 830,1046 875,1046 920,1047 965,1047 1010,1048 1055,1049 1101,1050"/>
                <TextEquiv>
                    <Unicode>Gluthauch, der im „Schleier der Beatrice“ von der</Unicode>
                </TextEquiv>
            </TextLine>
            <TextLine id="r1l13" custom="readingOrder {index:12;}">
                <Coords points="1119,1061 2092,1097 2185,1079 2187,1037 1121,1010"/>
                <Baseline points="1133,1054 1184,1054 1236,1055 1288,1055 1340,1057 1392,1058 1444,1059 1496,1061 1548,1063 1600,1065 1652,1067 1703,1068 1755,1070 1807,1072 1859,1075 1911,1076 1963,1078 2015,1080 2067,1081 2119,1083 2171,1084"/>
                <TextEquiv>
                    <Unicode>jede seiner Schwächen vertreten ist. Er ist in sinnlichen</Unicode>
                </TextEquiv>
            </TextLine>
            <TextLine id="r1l14" custom="readingOrder {index:13;}">
                <Coords points="198,1102 394,1082 441,1106 1087,1108 1107,1061 199,1052"/>
                <Baseline points="212,1083 256,1084 300,1085 344,1086 388,1087 432,1088 476,1089 520,1090 564,1091 608,1092 652,1093 696,1094 740,1095 784,1096 828,1096 872,1097 916,1097 960,1098 1004,1098 1048,1099 1093,1099"/>
                <TextEquiv>
                    <Unicode>ausgehen muß, war im Lobe=Theater ein laues</Unicode>
                </TextEquiv>
            </TextLine>
            <TextLine id="r1l15" custom="readingOrder {index:14;}">
                <Coords points="1121,1101 2181,1143 2156,1084 1122,1058"/>
                <Baseline points="1133,1096 1184,1098 1236,1100 1288,1101 1339,1103 1391,1106 1443,1108 1494,1110 1546,1112 1598,1113 1650,1115 1701,1117 1753,1119 1805,1121 1856,1122 1908,1124 1960,1126 2011,1127 2063,1129 2115,1130 2167,1131"/>
                <TextEquiv>
                    <Unicode>Dingen oft zu absichtlich, forcirt und brutal und, was weit</Unicode>
                </TextEquiv>
            </TextLine>
            <TextLine id="r1l16" custom="readingOrder {index:15;}">
                <Coords points="183,1148 991,1168 1115,1157 1116,1101 184,1082"/>
                <Baseline points="196,1132 241,1133 286,1133 331,1134 377,1135 422,1136 467,1137 512,1138 558,1139 603,1139 648,1141 693,1141 739,1142 784,1143 829,1143 874,1144 920,1144 965,1144 1010,1144 1055,1144 1101,1143"/>
                <TextEquiv>
                    <Unicode>ngswindchen der gemäßigter. Zone geblieben, und weder</Unicode>
                </TextEquiv>
            </TextLine>
            <TextLine id="r1l17" custom="readingOrder {index:16;}">
                <Coords points="1110,1152 2109,1196 2183,1185 2185,1143 1111,1107"/>
                <Baseline points="1123,1146 1175,1146 1227,1147 1279,1148 1332,1149 1384,1151 1436,1152 1489,1155 1541,1156 1593,1159 1646,1161 1698,1163 1750,1166 1802,1168 1855,1170 1907,1173 1959,1174 2012,1177 2064,1179 2116,1181 2169,1182"/>
                <TextEquiv>
                    <Unicode>schwerer wiegt, er verkünstelt jedes Problem, jede psychologische</Unicode>
                </TextEquiv>
            </TextLine>
            <TextLine id="r1l18" custom="readingOrder {index:17;}">
                <Coords points="193,1192 1976,1244 2179,1233 2181,1180 194,1150"/>
                <Baseline points="207,1183 305,1183 403,1183 501,1184 599,1185 697,1186 795,1188 893,1189 991,1191 1089,1194 1187,1196 1285,1199 1383,1201 1481,1204 1579,1207 1677,1211 1775,1214 1873,1218 1971,1221 2069,1225 2167,1228"/>
                <TextEquiv>
                    <Unicode>noch Einzelleistungen vermochten Intentionen gerecht Entwicklung, indem er sie zuerst nach allen Seiten dreht und</Unicode>
                </TextEquiv>
            </TextLine>
            <TextLine id="r1l19" custom="readingOrder {index:18;}">
                <Coords points="186,1245 2136,1290 2179,1233 187,1192"/>
                <Baseline points="199,1230 297,1230 395,1230 493,1231 592,1232 690,1234 788,1235 887,1237 985,1239 1083,1241 1182,1243 1280,1246 1378,1249 1476,1251 1575,1255 1673,1258 1771,1261 1870,1265 1968,1269 2066,1272 2165,1277"/>
                <TextEquiv>
                    <Unicode>den, die ungeheuere Konzentrationen forderten und fast wieder zurückwendet und in allen Facetten glitzern, in allen</Unicode>
                </TextEquiv>
            </TextLine>
            <TextLine id="r1l20" custom="readingOrder {index:19;}">
                <Coords points="173,1287 261,1265 289,1292 991,1306 1115,1297 1116,1260 174,1229"/>
                <Baseline points="186,1276 231,1277 277,1277 323,1277 369,1278 415,1279 460,1279 506,1280 552,1281 598,1281 644,1282 689,1283 735,1283 781,1284 827,1285 873,1285 918,1286 964,1286 1010,1286 1056,1287 1102,1287"/>
                <TextEquiv>
                    <Unicode>egs überlebensgroße Intelligenzen voraussetzten. Die</Unicode>
                </TextEquiv>
            </TextLine>
            <TextLine id="r1l21" custom="readingOrder {index:20;}">
                <Coords points="1102,1305 2176,1321 2177,1289 2085,1278 1104,1244"/>
                <Baseline points="1116,1288 1168,1290 1220,1292 1273,1294 1325,1295 1378,1297 1430,1298 1482,1300 1535,1302 1587,1303 1640,1305 1692,1306 1744,1308 1797,1309 1849,1311 1902,1312 1954,1313 2006,1315 2059,1317 2111,1318 2164,1319"/>
                <TextEquiv>
                    <Unicode>Möglichkeiten beleuchten läßt. Große Dichter sind sonst naiver,</Unicode>
                </TextEquiv>
            </TextLine>
            <TextLine id="r1l22" custom="readingOrder {index:21;}">
                <Coords points="167,1338 576,1349 608,1321 1109,1360 1084,1294 168,1290"/>
                <Baseline points="182,1323 227,1323 273,1324 318,1324 364,1324 410,1325 455,1325 501,1326 547,1326 592,1327 638,1328 684,1329 729,1330 775,1330 821,1331 866,1332 912,1333 958,1334 1003,1334 1049,1335 1095,1336"/>
                <TextEquiv>
                    <Unicode>eit der Konzeption durfte weder bewußt, noch durch</Unicode>
                </TextEquiv>
            </TextLine>
            <TextLine id="r1l23" custom="readingOrder {index:22;}">
                <Coords points="1110,1349 2141,1386 2183,1374 2185,1321 1111,1296"/>
                <Baseline points="1122,1337 1174,1338 1226,1340 1279,1341 1331,1343 1384,1345 1436,1347 1489,1348 1541,1350 1594,1352 1646,1355 1698,1356 1751,1358 1803,1359 1856,1361 1908,1362 1961,1364 2013,1364 2066,1365 2118,1366 2171,1366"/>
                <TextEquiv>
                    <Unicode>nicht so fürchterlich gescheidt, so rastlos klügelnd. Es ist, als</Unicode>
                </TextEquiv>
            </TextLine>
            <TextLine id="r1l24" custom="readingOrder {index:23;}">
                <Coords points="167,1388 1104,1396 1105,1351 168,1322"/>
                <Baseline points="182,1372 227,1372 273,1372 318,1372 364,1372 409,1373 455,1373 500,1374 546,1374 591,1375 637,1376 682,1377 728,1377 773,1378 819,1379 864,1380 910,1381 955,1382 1001,1382 1046,1383 1092,1383"/>
                <TextEquiv>
                    <Unicode>Unzulänglichkeit der Mittel geschwächt werden,</Unicode>
                </TextEquiv>
            </TextLine>
            <TextLine id="r1l25" custom="readingOrder {index:24;}">
                <Coords points="1114,1393 2180,1428 2182,1372 2145,1368 1116,1351"/>
                <Baseline points="1128,1383 1180,1385 1232,1386 1284,1388 1336,1390 1388,1392 1440,1394 1492,1395 1544,1397 1596,1399 1648,1400 1700,1402 1752,1404 1804,1405 1856,1407 1908,1408 1960,1409 2012,1410 2064,1411 2116,1412 2168,1414"/>
                <TextEquiv>
                    <Unicode>ob Schnitzler bei allem Dichterischen, das er einmal erfaßt hat,</Unicode>
                </TextEquiv>
            </TextLine>
            <TextLine id="r1l26" custom="readingOrder {index:25;}">
                <Coords points="187,1419 2171,1468 1845,1407 188,1380"/>
                <Baseline points="201,1421 298,1420 396,1420 494,1421 592,1422 690,1423 788,1425 886,1427 984,1429 1082,1432 1180,1434 1277,1437 1375,1440 1473,1443 1571,1447 1669,1449 1767,1453 1865,1455 1963,1458 2061,1461 2159,1463"/>
                <TextEquiv>
                    <Unicode>nicht die Wirkung des Kunstwerkes überhaupt sängstlich besorgt wäre, nur ja Keinem nach ihm etwas davon</Unicode>
                </TextEquiv>
            </TextLine>
            <TextLine id="r1l27" custom="readingOrder {index:26;}">
                <Coords points="195,1480 2187,1519 2036,1457 197,1430"/>
                <Baseline points="209,1464 307,1466 405,1468 503,1469 601,1471 700,1473 798,1475 896,1476 994,1478 1092,1480 1191,1482 1289,1484 1387,1487 1485,1489 1583,1493 1682,1495 1780,1499 1878,1503 1976,1507 2074,1512 2173,1516"/>
                <TextEquiv>
                    <Unicode>bedenklich in Frage gestellt werden sollte, und übrig zu lassen. So wird er zum Sklaven seiner Tyrannis</Unicode>
                </TextEquiv>
            </TextLine>
            <TextLine id="r1l28" custom="readingOrder {index:27;}">
                <Coords points="185,1522 1100,1538 1100,1498 887,1472 185,1479"/>
                <Baseline points="198,1516 242,1516 287,1515 331,1515 376,1514 420,1514 465,1514 509,1515 554,1515 598,1516 643,1516 687,1517 732,1518 776,1518 821,1519 865,1520 910,1520 954,1521 999,1521 1043,1521 1088,1521"/>
                <TextEquiv>
                    <Unicode>gheit, jede Prüd##ie fälschte das Milieu, das, wie man</Unicode>
                </TextEquiv>
            </TextLine>
            <TextLine id="r1l29" custom="readingOrder {index:28;}">
                <Coords points="1109,1554 1148,1544 1164,1555 1204,1529 1251,1544 1273,1531 1286,1542 1331,1537 1362,1548 1399,1533 1400,1499 1342,1492 1331,1503 1302,1489 1236,1501 1218,1490 1199,1500 1160,1489 1110,1491"/>
                <Baseline points="1122,1525 1148,1526 1174,1527 1200,1527 1227,1527 1253,1527 1279,1527 1306,1528 1332,1529 1358,1530 1385,1532"/>
                <TextEquiv>
                    <Unicode>über den Stoff.</Unicode>
                </TextEquiv>
            </TextLine>
            <TextLine id="r1l30" custom="readingOrder {index:29;}">
                <Coords points="183,1568 1090,1588 1115,1533 183,1523"/>
                <Baseline points="196,1557 241,1558 286,1559 331,1560 376,1561 422,1562 467,1563 512,1564 557,1564 602,1565 648,1566 693,1567 738,1567 783,1568 828,1569 874,1569 919,1570 964,1570 1009,1571 1054,1572 1100,1572"/>
                <TextEquiv>
                    <Unicode>ie treibende Kraft bildet. Ich glaube jetzt auch den</Unicode>
                </TextEquiv>
            </TextLine>
            <TextLine id="r1l31" custom="readingOrder {index:30;}">
                <Coords points="1182,1566 1471,1601 2176,1604 2177,1559 2101,1533 1895,1559 1516,1517 1183,1535"/>
                <Baseline points="1196,1573 1244,1576 1292,1579 1341,1581 1389,1583 1438,1585 1486,1587 1534,1589 1583,1590 1631,1591 1680,1592 1728,1593 1776,1594 1825,1595 1873,1596 1922,1597 1970,1598 2018,1599 2067,1600 2115,1602 2164,1603"/>
                <TextEquiv>
                    <Unicode>Ueber Bologna däm mert der dritte Abend, an dem der</Unicode>
                </TextEquiv>
            </TextLine>
            <TextLine id="r1l32" custom="readingOrder {index:31;}">
                <Coords points="186,1610 1070,1634 1107,1626 1108,1584 187,1568"/>
                <Baseline points="200,1603 244,1604 289,1605 334,1606 378,1607 423,1608 468,1609 512,1610 557,1611 602,1612 647,1613 691,1613 736,1614 781,1615 825,1615 870,1616 915,1616 959,1617 1004,1617 1049,1618 1094,1618"/>
                <TextEquiv>
                    <Unicode>r des Wiener Burgtheaters zu verstehen und finde es</Unicode>
                </TextEquiv>
            </TextLine>
            <TextLine id="r1l33" custom="readingOrder {index:32;}">
                <Coords points="1109,1631 2170,1658 2171,1605 1111,1581"/>
                <Baseline points="1122,1623 1173,1622 1225,1623 1277,1623 1328,1624 1380,1625 1432,1626 1483,1628 1535,1630 1587,1632 1639,1633 1690,1635 1742,1637 1794,1640 1845,1641 1897,1643 1949,1645 2000,1646 2052,1647 2104,1649 2156,1649"/>
                <TextEquiv>
                    <Unicode>große Dichter Filippo Loschi im Garten seines Palastes die</Unicode>
                </TextEquiv>
            </TextLine>
            <TextLine id="r1l34" custom="readingOrder {index:33;}">
                <Coords points="177,1665 900,1685 1082,1676 1109,1634 177,1609"/>
                <Baseline points="190,1650 235,1653 280,1655 325,1656 370,1657 416,1658 461,1659 506,1659 551,1659 596,1660 642,1660 687,1660 732,1660 777,1660 822,1661 868,1661 913,1662 958,1663 1003,1664 1048,1666 1094,1668"/>
                <TextEquiv>
                    <Unicode>ls begreiflich, wenn er es in seiner Position als viel</Unicode>
                </TextEquiv>
            </TextLine>
            <TextLine id="r1l35" custom="readingOrder {index:34;}">
                <Coords points="1105,1679 2171,1706 2172,1659 1106,1631"/>
                <Baseline points="1118,1667 1170,1668 1222,1670 1274,1672 1326,1674 1378,1676 1430,1678 1482,1680 1534,1683 1586,1684 1638,1686 1690,1688 1742,1690 1794,1692 1846,1693 1898,1694 1950,1695 2002,1695 2054,1695 2106,1695 2158,1694"/>
                <TextEquiv>
                    <Unicode>schöne Beatrice, des verrückten Wappenschneiders Nardi</Unicode>
                </TextEquiv>
            </TextLine>
            <TextLine id="r1l36" custom="readingOrder {index:35;}">
                <Coords points="177,1704 1106,1729 1106,1671 177,1665"/>
                <Baseline points="189,1700 234,1701 279,1702 324,1703 369,1704 414,1704 459,1705 505,1705 550,1705 595,1706 640,1706 685,1707 730,1707 775,1708 821,1708 866,1709 911,1710 956,1710 1001,1711 1046,1712 1092,1713"/>
                <TextEquiv>
                    <Unicode>ker Direktor einer Ho ihne nicht wagte, das Stück</Unicode>
                </TextEquiv>
            </TextLine>
            <TextLine id="r1l37" custom="readingOrder {index:36;}">
                <Coords points="1107,1719 2178,1761 2180,1706 2032,1693 1109,1677"/>
                <Baseline points="1122,1713 1174,1715 1226,1717 1278,1719 1330,1721 1382,1723 1434,1724 1486,1727 1538,1728 1590,1730 1643,1732 1695,1734 1747,1735 1799,1737 1851,1739 1903,1740 1955,1741 2007,1742 2059,1743 2111,1744 2164,1745"/>
                <TextEquiv>
                    <Unicode>Töchterlein, erwartet. Vor drei Tagen, bei einem Volksfeste,</Unicode>
                </TextEquiv>
            </TextLine>
            <TextLine id="r1l38" custom="readingOrder {index:37;}">
                <Coords points="177,1754 1106,1771 1106,1739 1046,1720 178,1707"/>
                <Baseline points="189,1748 234,1750 279,1751 324,1752 369,1753 414,1754 459,1755 505,1755 550,1755 595,1756 640,1756 685,1756 730,1756 775,1757 821,1757 866,1758 911,1758 956,1759 1001,1760 1046,1761 1092,1763"/>
                <TextEquiv>
                    <Unicode>uszubringen, wie es eing gebracht werden durfte,</Unicode>
                </TextEquiv>
            </TextLine>
            <TextLine id="r1l39" custom="readingOrder {index:38;}">
                <Coords points="1103,1776 2132,1808 2166,1806 2168,1751 1105,1721"/>
                <Baseline points="1118,1763 1169,1764 1221,1765 1273,1767 1325,1768 1377,1770 1428,1771 1480,1773 1532,1775 1584,1776 1636,1778 1687,1780 1739,1781 1791,1783 1843,1784 1895,1785 1946,1787 1998,1788 2050,1789 2102,1789 2154,1790"/>
                <TextEquiv>
                    <Unicode>hat er sie zum erstenmale gesehen und sie hat von seiner</Unicode>
                </TextEquiv>
            </TextLine>
            <TextLine id="r1l40" custom="readingOrder {index:39;}">
                <Coords points="172,1796 2172,1842 2038,1789 173,1759"/>
                <Baseline points="185,1796 283,1797 382,1798 481,1800 579,1802 678,1803 777,1805 875,1807 974,1809 1073,1811 1172,1814 1270,1816 1369,1818 1468,1820 1566,1823 1665,1825 1764,1828 1862,1830 1961,1833 2060,1835 2159,1838"/>
                <TextEquiv>
                    <Unicode>shalb lieber ganz darauf verzichtete. Nur scheint er Seele so vollständig Besitz ergriffen, daß bisherige Leiden¬</Unicode>
                </TextEquiv>
            </TextLine>
            <TextLine id="r1l41" custom="readingOrder {index:40;}">
                <Coords points="177,1845 1103,1862 1104,1812 940,1833 909,1806 750,1830 178,1801"/>
                <Baseline points="190,1838 237,1841 284,1843 331,1844 379,1846 426,1847 473,1848 521,1849 568,1850 615,1850 663,1851 710,1851 757,1852 805,1852 852,1853 899,1854 947,1855 994,1856 1041,1857 1089,1859"/>
                <TextEquiv>
                    <Unicode>bei nicht ganz aufrichtig gewesen zu sein und zur</Unicode>
                </TextEquiv>
            </TextLine>
            <TextLine id="r1l42" custom="readingOrder {index:41;}">
                <Coords points="1108,1872 2174,1884 2175,1845 1999,1827 1110,1814"/>
                <Baseline points="1122,1859 1173,1860 1225,1862 1277,1863 1329,1864 1381,1865 1433,1866 1485,1867 1537,1868 1589,1868 1641,1870 1692,1871 1744,1872 1796,1873 1848,1875 1900,1876 1952,1878 2004,1880 2056,1882 2108,1884 2160,1887"/>
                <TextEquiv>
                    <Unicode>schaften, vorher übernommene Pflichten bis auf die Erinnerung</Unicode>
                </TextEquiv>
            </TextLine>
            <TextLine id="r1l43" custom="readingOrder {index:42;}">
                <Coords points="174,1895 1042,1919 1095,1915 1096,1867 175,1843"/>
                <Baseline points="188,1887 232,1888 277,1890 321,1891 366,1892 411,1893 455,1894 500,1895 545,1895 589,1896 634,1897 679,1897 723,1898 768,1899 813,1899 857,1900 902,1901 947,1902 991,1903 1036,1904 1081,1905"/>
                <TextEquiv>
                    <Unicode>niß über das Wesen des Stückes viel länger gebraucht</Unicode>
                </TextEquiv>
            </TextLine>
            <TextLine id="r1l44" custom="readingOrder {index:43;}">
                <Coords points="1101,1921 2119,1947 2169,1935 2170,1888 1102,1868"/>
                <Baseline points="1114,1905 1166,1906 1218,1907 1270,1909 1322,1910 1374,1911 1426,1913 1478,1914 1530,1915 1582,1917 1635,1918 1687,1919 1739,1920 1791,1921 1843,1922 1895,1924 1947,1924 1999,1926 2051,1927 2103,1928 2156,1929"/>
                <TextEquiv>
                    <Unicode>versinken. Was ihn bewegte, ehe er sie gesehen, hat Inhalt</Unicode>
                </TextEquiv>
            </TextLine>
            <TextLine id="r1l45" custom="readingOrder {index:44;}">
                <Coords points="173,1942 1059,1964 1104,1949 1105,1915 173,1895"/>
                <Baseline points="186,1939 231,1939 276,1940 321,1940 367,1940 412,1941 457,1941 503,1942 548,1942 593,1943 639,1944 684,1945 729,1945 774,1946 820,1947 865,1948 910,1949 956,1950 1001,1951 1046,1952 1092,1953"/>
                <TextEquiv>
                    <Unicode>n, als sich der Direktor eines so hervorragenden Kunst¬</Unicode>
                </TextEquiv>
            </TextLine>
            <TextLine id="r1l46" custom="readingOrder {index:45;}">
                <Coords points="1101,1958 2148,1990 2165,1938 1101,1921"/>
                <Baseline points="1113,1952 1164,1954 1216,1955 1268,1956 1320,1958 1372,1960 1424,1961 1476,1962 1528,1964 1580,1965 1632,1966 1683,1968 1735,1969 1787,1970 1839,1972 1891,1973 1943,1974 1995,1975 2047,1976 2099,1978 2151,1979"/>
                <TextEquiv>
                    <Unicode>und Bedeutung verloren, starrt ihn, wenn er gewaltsam</Unicode>
                </TextEquiv>
            </TextLine>
            <TextLine id="r1l47" custom="readingOrder {index:46;}">
                <Coords points="201,2004 1101,2007 1102,1949 202,1953"/>
                <Baseline points="214,1986 257,1987 301,1987 345,1987 388,1988 432,1989 476,1990 519,1990 563,1991 607,1992 651,1993 694,1994 738,1994 782,1995 825,1996 869,1997 913,1997 956,1997 1000,1998 1044,1998 1088,1997"/>
                <TextEquiv>
                    <Unicode>gestatten darf. Er mußte nach der ersten Lektüre</Unicode>
                </TextEquiv>
            </TextLine>
            <TextLine id="r1l48" custom="readingOrder {index:47;}">
                <Coords points="1099,2007 2170,2049 2171,1996 2135,1985 1101,1957"/>
                <Baseline points="1112,1997 1164,1999 1216,2001 1268,2004 1321,2005 1373,2006 1425,2008 1477,2009 1530,2010 1582,2011 1634,2013 1686,2014 1739,2015 1791,2016 1843,2017 1895,2019 1948,2021 2000,2022 2052,2024 2104,2026 2157,2029"/>
                <TextEquiv>
                    <Unicode>davor gestellt wird, gleich etwas Fremdem, Unheimlichem an.</Unicode>
                </TextEquiv>
            </TextLine>
            <TextLine id="r1l49" custom="readingOrder {index:48;}">
                <Coords points="203,2052 634,2036 884,2065 916,2037 1013,2060 1095,2051 1096,2006 204,2002"/>
                <Baseline points="216,2029 259,2030 302,2032 346,2033 389,2034 432,2035 476,2037 519,2038 562,2039 606,2040 649,2041 692,2041 736,2042 779,2043 822,2043 866,2044 909,2044 952,2045 996,2045 1039,2045 1083,2046"/>
                <TextEquiv>
                    <Unicode>daß Schnitzler's „Der Schleier der Beatrice“</Unicode>
                </TextEquiv>
            </TextLine>
            <TextLine id="r1l50" custom="readingOrder {index:49;}">
                <Coords points="1096,2056 2175,2082 2176,2050 2082,2029 1098,2011"/>
                <Baseline points="1110,2044 1162,2048 1215,2050 1267,2052 1320,2054 1373,2056 1425,2057 1478,2059 1531,2060 1583,2061 1636,2062 1689,2063 1741,2063 1794,2064 1847,2065 1899,2066 1952,2068 2005,2069 2057,2071 2110,2072 2163,2074"/>
                <TextEquiv>
                    <Unicode>Aber auch die Gegenwart lebt ihm nur in Beatrieen</Unicode>
                </TextEquiv>
            </TextLine>
            <TextLine id="r1l51" custom="readingOrder {index:50;}">
                <Coords points="196,2086 1093,2111 1094,2050 197,2036"/>
                <Baseline points="209,2077 252,2078 296,2080 339,2080 383,2082 426,2083 470,2084 513,2085 557,2086 600,2087 644,2088 687,2089 731,2090 774,2090 818,2091 861,2092 905,2092 948,2092 992,2092 1035,2093 1079,2092"/>
                <TextEquiv>
                    <Unicode>von ihm geleiteten Bühne nicht in der Gestalt</Unicode>
                </TextEquiv>
            </TextLine>
            <TextLine id="r1l52" custom="readingOrder {index:51;}">
                <Coords points="1107,2101 1749,2104 1906,2140 2133,2130 2166,2078 1108,2059"/>
                <Baseline points="1121,2094 1172,2095 1224,2097 1275,2098 1327,2100 1378,2101 1430,2103 1481,2104 1533,2105 1584,2107 1636,2108 1687,2109 1739,2111 1790,2112 1842,2113 1893,2115 1945,2116 1996,2117 2048,2118 2099,2119 2151,2120"/>
                <TextEquiv>
                    <Unicode>und den Beziehungen der Dinge zu ihr, sofern sie</Unicode>
                </TextEquiv>
            </TextLine>
            <TextLine id="r1l53" custom="readingOrder {index:52;}">
                <Coords points="177,2133 1063,2158 1100,2148 1101,2100 178,2080"/>
                <Baseline points="190,2122 234,2124 279,2126 324,2127 369,2128 414,2129 459,2130 503,2131 548,2132 593,2133 638,2134 683,2134 728,2135 773,2136 817,2136 862,2137 907,2138 952,2138 997,2139 1042,2140 1087,2140"/>
                <TextEquiv>
                    <Unicode>erscheinen dürfen, die dem Werke eigen und von ihm</Unicode>
                </TextEquiv>
            </TextLine>
            <TextLine id="r1l54" custom="readingOrder {index:53;}">
                <Coords points="1105,2154 2059,2187 2177,2130 1106,2101"/>
                <Baseline points="1117,2142 1169,2143 1221,2144 1273,2145 1326,2146 1378,2148 1430,2149 1483,2151 1535,2153 1587,2155 1640,2156 1692,2158 1744,2159 1796,2161 1849,2162 1901,2163 1953,2164 2006,2165 2058,2166 2110,2166 2163,2166"/>
                <TextEquiv>
                    <Unicode>der Gegenstand seiner Liebe ist; nicht um Haaresbreite</Unicode>
                </TextEquiv>
            </TextLine>
            <TextLine id="r1l55" custom="readingOrder {index:54;}">
                <Coords points="181,2189 564,2170 622,2195 1104,2202 1106,2144 182,2128"/>
                <Baseline points="194,2169 238,2171 283,2172 328,2174 373,2176 418,2177 463,2178 508,2179 553,2180 598,2181 643,2182 687,2183 732,2184 777,2184 822,2185 867,2186 912,2186 957,2186 1002,2187 1047,2187 1092,2187"/>
                <TextEquiv>
                    <Unicode>bar ist. Er mußte also auch rasch entschlossen</Unicode>
                </TextEquiv>
            </TextLine>
            <TextLine id="r1l56" custom="readingOrder {index:55;}">
                <Coords points="1098,2192 2168,2228 2170,2159 1099,2153"/>
                <Baseline points="1110,2187 1162,2189 1214,2190 1266,2191 1319,2192 1371,2194 1423,2195 1476,2196 1528,2198 1580,2199 1633,2200 1685,2202 1737,2203 1789,2204 1842,2205 1894,2206 1946,2207 1999,2208 2051,2209 2103,2210 2156,2211"/>
                <TextEquiv>
                    <Unicode>weiter. Ihn erfüllt der großzügige Egoismus des</Unicode>
                </TextEquiv>
            </TextLine>
            <TextLine id="r1l57" custom="readingOrder {index:56;}">
                <Coords points="182,2217 2223,2300 2224,2223 2146,2205 183,2180"/>
                <Baseline points="195,2216 295,2219 396,2222 497,2225 598,2227 698,2228 799,2231 900,2232 1001,2234 1101,2236 1202,2238 1303,2240 1404,2242 1504,2245 1605,2247 1706,2251 1807,2254 1907,2258 2008,2263 2109,2269 2210,2275"/>
                <TextEquiv>
                    <Unicode>Ehrenpflicht seiner Aufführung verzichten. Eine Ehren= (Genies, das seinen Antheil an der übrigen Menschheit</Unicode>
                </TextEquiv>
            </TextLine>
            <TextLine id="r1l58" custom="readingOrder {index:57;}">
                <Coords points="2860,2328 2876,2330 2883,2322 2897,2324 2902,2329 2921,2328 2917,2247 2904,2247 2901,2250 2896,2245 2885,2243 2870,2257 2857,2257"/>
                <Baseline points="2872,2301 2906,2300"/>
                <TextEquiv>
                    <Unicode>21110</Unicode>
                </TextEquiv>
            </TextLine>
            <TextLine id="r1l59" custom="readingOrder {index:58;}">
                <Coords points="1084,2334 3221,2394 3224,2302 1087,2263"/>
                <Baseline points="1098,2305 1203,2308 1309,2312 1414,2315 1520,2319 1625,2322 1731,2326 1836,2329 1942,2332 2047,2335 2153,2339 2258,2342 2364,2345 2469,2349 2575,2352 2680,2356 2786,2359 2891,2362 2997,2366 3102,2369 3208,2373"/>
                <TextEquiv>
                    <Unicode>bleibt standhaft. Nun reicht er ihr Wein zum Abschieds=rafft sie das Gewebe auf und sucht den Herzog wieder</Unicode>
                </TextEquiv>
            </TextLine>
            <TextLine id="r1l60" custom="readingOrder {index:59;}">
                <Coords points="1094,2367 3208,2396 1095,2325"/>
                <Baseline points="1107,2356 1211,2359 1315,2363 1420,2366 1524,2369 1629,2372 1733,2376 1837,2379 1942,2382 2046,2386 2151,2389 2255,2392 2359,2395 2464,2399 2568,2402 2673,2405 2777,2408 2881,2411 2986,2414 3090,2417 3195,2419"/>
                <TextEquiv>
                    <Unicode>trunk, und da sie ihn genossen hat, erweckt er in mit sich zu ziehen; er aber will bleiben, hier die Braut¬</Unicode>
                </TextEquiv>
            </TextLine>
            <TextLine id="r1l61" custom="readingOrder {index:60;}">
                <Coords points="1089,2408 3215,2464 1090,2371"/>
                <Baseline points="1103,2404 1207,2407 1312,2409 1417,2413 1522,2416 1627,2419 1732,2422 1837,2426 1942,2429 2047,2432 2152,2436 2256,2440 2361,2443 2466,2446 2571,2450 2676,2453 2781,2456 2886,2459 2991,2462 3096,2465 3201,2467"/>
                <TextEquiv>
                    <Unicode>ihr die Angst, daß schon der Tod durch ihre Adern nacht feiern. Lieber soll er sie tödten, schreit sie. Sein</Unicode>
                </TextEquiv>
            </TextLine>
            <TextLine id="r1l62" custom="readingOrder {index:61;}">
                <Coords points="1091,2454 3207,2525 3150,2467 1093,2415"/>
                <Baseline points="1104,2451 1208,2453 1313,2456 1417,2459 1522,2463 1626,2466 1731,2469 1835,2473 1940,2476 2044,2481 2149,2484 2254,2488 2358,2491 2463,2494 2567,2497 2672,2500 2776,2503 2881,2505 2985,2507 3090,2509 3195,2510"/>
                <TextEquiv>
                    <Unicode>rinne. Nun schüttelt sie Todessurcht; so wollte sie es nicht, Fuß stößt auf den Körper eines Mannes, den er für</Unicode>
                </TextEquiv>
            </TextLine>
            <TextLine id="r1l63" custom="readingOrder {index:62;}">
                <Coords points="1090,2510 1995,2543 2145,2534 2147,2492 1092,2454"/>
                <Baseline points="1103,2500 1154,2501 1206,2502 1257,2503 1309,2504 1360,2505 1412,2506 1463,2508 1515,2509 1566,2511 1618,2512 1669,2514 1721,2515 1772,2517 1824,2519 1875,2521 1927,2523 1978,2525 2030,2527 2081,2529 2133,2532"/>
                <TextEquiv>
                    <Unicode>sterben wohl, aber nicht so ums Leben betrogen werden, so</Unicode>
                </TextEquiv>
            </TextLine>
            <TextLine id="r1l64" custom="readingOrder {index:63;}">
                <Coords points="2137,2530 3064,2578 3165,2575 3209,2524 2138,2498"/>
                <Baseline points="2151,2530 2203,2532 2255,2534 2307,2536 2359,2537 2412,2540 2464,2542 2516,2543 2568,2545 2620,2546 2673,2548 2725,2550 2777,2551 2829,2552 2881,2553 2934,2555 2986,2556 3038,2557 3090,2558 3142,2559 3195,2560"/>
                <TextEquiv>
                    <Unicode>trunken hält, und so beschimpft er ihn, speit ihm ins</Unicode>
                </TextEquiv>
            </TextLine>
            <TextLine id="r1l65" custom="readingOrder {index:64;}">
                <Coords points="1080,2549 3204,2605 3205,2549 1081,2512"/>
                <Baseline points="1092,2549 1202,2550 1312,2552 1423,2554 1533,2557 1644,2560 1754,2563 1865,2567 1975,2571 2086,2574 2196,2578 2307,2583 2417,2586 2528,2590 2638,2594 2749,2597 2859,2600 2970,2603 3080,2605 3191,2608"/>
                <TextEquiv>
                    <Unicode>ist es häßlich und verdorben. „Nie glaubte ich, daß Du tückisch] Gesicht. Diese entsetzliche Szene macht auch Beatrice inner¬</Unicode>
                </TextEquiv>
            </TextLine>
            <TextLine id="r1l66" custom="readingOrder {index:65;}">
                <Coords points="1083,2592 3206,2656 3208,2600 1085,2550"/>
                <Baseline points="1095,2596 1199,2598 1304,2601 1409,2603 1514,2606 1619,2609 1724,2612 1829,2616 1934,2619 2039,2622 2144,2626 2248,2629 2353,2632 2458,2636 2563,2640 2668,2643 2773,2646 2878,2650 2983,2653 3088,2656 3193,2659"/>
                <TextEquiv>
                    <Unicode>bist und seig — jetzt hafs' ich Dich!“ Kalt sagt er ihr die lich reif zum Sterben. Durch sein Gefolge, das ihm</Unicode>
                </TextEquiv>
            </TextLine>
            <TextLine id="r1l67" custom="readingOrder {index:66;}">
                <Coords points="1080,2649 2151,2684 2153,2631 2074,2618 1082,2599"/>
                <Baseline points="1093,2641 1145,2643 1197,2644 1249,2646 1302,2647 1354,2649 1406,2651 1458,2653 1511,2655 1563,2656 1615,2658 1667,2661 1720,2663 1772,2664 1824,2666 1876,2668 1929,2669 1981,2670 2033,2671 2085,2672 2138,2673"/>
                <TextEquiv>
                    <Unicode>Wahrheit. Die letzte Prüfung war's, sie hat sie nicht</Unicode>
                </TextEquiv>
            </TextLine>
            <TextLine id="r1l68" custom="readingOrder {index:67;}">
                <Coords points="2134,2691 3197,2723 3199,2662 2136,2633"/>
                <Baseline points="2149,2679 2200,2678 2252,2677 2304,2677 2356,2678 2408,2678 2459,2679 2511,2681 2563,2682 2615,2684 2667,2686 2718,2688 2770,2690 2822,2692 2874,2694 2926,2696 2977,2698 3029,2700 3081,2702 3133,2703 3185,2705"/>
                <TextEquiv>
                    <Unicode>heimlich gefolgt ist, erfährt der Herzog, daß der Körper, den er</Unicode>
                </TextEquiv>
            </TextLine>
            <TextLine id="r1l69" custom="readingOrder {index:68;}">
                <Coords points="1084,2705 2086,2739 2134,2729 2135,2687 1085,2650"/>
                <Baseline points="1097,2690 1148,2691 1199,2693 1250,2694 1301,2696 1353,2697 1404,2699 1455,2700 1506,2701 1557,2703 1609,2704 1660,2706 1711,2708 1762,2709 1813,2711 1865,2713 1916,2714 1967,2716 2018,2718 2069,2720 2121,2722"/>
                <TextEquiv>
                    <Unicode>bestanden. „Nun kehr' zurück, eh' sie mit Fackeln</Unicode>
                </TextEquiv>
            </TextLine>
            <TextLine id="r1l70" custom="readingOrder {index:69;}">
                <Coords points="2142,2729 3072,2767 3197,2754 3198,2717 2143,2687"/>
                <Baseline points="2155,2723 2206,2725 2257,2726 2309,2727 2360,2728 2412,2729 2463,2730 2514,2731 2566,2732 2617,2733 2669,2734 2720,2735 2771,2737 2823,2738 2874,2739 2926,2741 2977,2743 3028,2746 3080,2748 3131,2751 3183,2755"/>
                <TextEquiv>
                    <Unicode>entehrte, die Hülle Filippo Loschi's war, des Dichters, nach</Unicode>
                </TextEquiv>
            </TextLine>
            <TextLine id="r1l71" custom="readingOrder {index:70;}">
                <Coords points="1078,2757 2136,2787 2138,2727 1993,2715 1080,2707"/>
                <Baseline points="1092,2740 1143,2740 1195,2740 1246,2741 1298,2742 1350,2743 1401,2744 1453,2745 1504,2746 1556,2748 1608,2749 1659,2751 1711,2753 1762,2755 1814,2756 1866,2758 1917,2760 1969,2762 2020,2764 2072,2765 2124,2767"/>
                <TextEquiv>
                    <Unicode>suchen! Du willst das Leben. Geh' da draußen wartet's und</Unicode>
                </TextEquiv>
            </TextLine>
            <TextLine id="r1l72" custom="readingOrder {index:71;}">
                <Coords points="2135,2771 3011,2812 3172,2809 3195,2754 2137,2726"/>
                <Baseline points="2150,2765 2201,2767 2253,2769 2304,2771 2356,2773 2407,2776 2459,2778 2510,2779 2562,2781 2613,2783 2665,2784 2716,2787 2768,2788 2819,2789 2871,2791 2922,2792 2974,2793 3025,2794 3077,2795 3128,2796 3180,2797"/>
                <TextEquiv>
                    <Unicode>dessen Freundschaft er sich gesehnt. Und diesen verrieth</Unicode>
                </TextEquiv>
            </TextLine>
            <TextLine id="r1l73" custom="readingOrder {index:72;}">
                <Coords points="1078,2778 2035,2831 2132,2828 2134,2783 1079,2752"/>
                <Baseline points="1090,2785 1141,2786 1193,2787 1244,2788 1296,2789 1347,2791 1399,2792 1450,2793 1502,2795 1553,2796 1605,2798 1656,2799 1708,2801 1759,2803 1811,2804 1862,2806 1914,2808 1965,2810 2017,2812 2068,2814 2120,2815"/>
                <TextEquiv>
                    <Unicode>nimmt Dich gierig auf als sein Besitz.“ Vergebens fleht sie ihn an,</Unicode>
                </TextEquiv>
            </TextLine>
            <TextLine id="r1l74" custom="readingOrder {index:73;}">
                <Coords points="2135,2822 3185,2845 3186,2811 2910,2785 2137,2772"/>
                <Baseline points="2149,2815 2200,2818 2251,2820 2302,2821 2353,2823 2404,2824 2455,2826 2506,2827 2557,2828 2608,2829 2660,2830 2711,2831 2762,2832 2813,2833 2864,2835 2915,2836 2966,2838 3017,2840 3068,2842 3119,2845 3171,2848"/>
                <TextEquiv>
                    <Unicode>Beatrice? Und ihn um jenen und jenen wiederum um ihn?</Unicode>
                </TextEquiv>
            </TextLine>
            <TextLine id="r1l75" custom="readingOrder {index:74;}">
                <Coords points="1073,2831 2138,2888 2139,2830 2097,2821 1074,2779"/>
                <Baseline points="1086,2833 1138,2834 1190,2835 1242,2836 1294,2837 1346,2838 1398,2839 1450,2840 1502,2841 1554,2842 1606,2844 1658,2845 1710,2846 1762,2848 1814,2849 1866,2852 1918,2854 1970,2856 2022,2859 2074,2862 2126,2865"/>
                <TextEquiv>
                    <Unicode>sie bei ihm zu lassen. Er leert den Giftbecher bis zur Neige, nicht</Unicode>
                </TextEquiv>
            </TextLine>
            <TextLine id="r1l76" custom="readingOrder {index:75;}">
                <Coords points="2132,2860 3190,2898 3186,2847 2133,2821"/>
                <Baseline points="2146,2863 2197,2865 2249,2868 2300,2870 2352,2871 2403,2873 2455,2874 2506,2875 2558,2876 2609,2878 2661,2879 2713,2880 2764,2881 2816,2882 2867,2884 2919,2885 2970,2887 3022,2889 3073,2891 3125,2893 3177,2896"/>
                <TextEquiv>
                    <Unicode>Er faßt es nicht. So groß dünkt ihm das Räthsel, daß es ihn</Unicode>
                </TextEquiv>
            </TextLine>
            <TextLine id="r1l77" custom="readingOrder {index:76;}">
                <Coords points="1074,2892 1966,2922 2137,2917 2139,2872 1076,2837"/>
                <Baseline points="1088,2879 1139,2880 1191,2882 1243,2883 1295,2885 1346,2887 1398,2888 1450,2890 1502,2892 1553,2894 1605,2896 1657,2897 1709,2900 1760,2901 1812,2903 1864,2904 1916,2906 1967,2908 2019,2909 2071,2910 2123,2911"/>
                <TextEquiv>
                    <Unicode>einen Tropfen läßt er ihr. Sie aber flieht vor dem kalten</Unicode>
                </TextEquiv>
            </TextLine>
            <TextLine id="r1l78" custom="readingOrder {index:77;}">
                <Coords points="2135,2918 3195,2970 3194,2882 3033,2907 2136,2862"/>
                <Baseline points="2149,2911 2200,2914 2252,2916 2304,2918 2355,2919 2407,2920 2459,2922 2510,2923 2562,2924 2614,2925 2666,2926 2717,2927 2769,2929 2821,2930 2872,2931 2924,2932 2976,2934 3027,2936 3079,2938 3131,2940 3183,2943"/>
                <TextEquiv>
                    <Unicode>milde macht. Beatrice aber löst es: das Fürchten war's, das</Unicode>
                </TextEquiv>
            </TextLine>
            <TextLine id="r1l79" custom="readingOrder {index:78;}">
                <Coords points="1066,2926 2133,2982 2125,2913 1067,2902"/>
                <Baseline points="1079,2927 1131,2929 1183,2930 1235,2932 1287,2933 1339,2935 1391,2936 1443,2938 1495,2939 1547,2941 1599,2942 1651,2944 1703,2945 1755,2946 1807,2948 1859,2949 1911,2951 1963,2952 2015,2954 2067,2955 2120,2957"/>
                <TextEquiv>
                    <Unicode>Grausen, das ihr der Leichnam einflößt, mit dem Aufschrei</Unicode>
                </TextEquiv>
            </TextLine>
            <TextLine id="r1l80" custom="readingOrder {index:79;}">
                <Coords points="2128,2972 3177,3013 3195,2942 2129,2927"/>
                <Baseline points="2140,2957 2192,2960 2244,2962 2296,2965 2348,2966 2400,2968 2452,2969 2504,2971 2556,2972 2608,2973 2660,2974 2712,2975 2764,2977 2816,2978 2868,2979 2920,2981 2972,2983 3024,2984 3076,2987 3128,2990 3181,2993"/>
                <TextEquiv>
                    <Unicode>Grauen, so dazuliegen wie Filippo. Jetzt aber ist sie unendlich</Unicode>
                </TextEquiv>
            </TextLine>
            <TextLine id="r1l81" custom="readingOrder {index:80;}">
                <Coords points="1071,2998 1150,3005 1243,2976 1348,2998 1734,2995 1735,2961 1677,2949 1073,2932"/>
                <Baseline points="1086,2974 1117,2974 1149,2974 1181,2974 1212,2975 1244,2976 1276,2976 1307,2977 1339,2978 1371,2979 1403,2980 1434,2981 1466,2982 1498,2983 1529,2984 1561,2986 1593,2986 1624,2987 1656,2989 1688,2989 1720,2990"/>
                <TextEquiv>
                    <Unicode>„Leben!“ hinaus, zurück ins Schloß.</Unicode>
                </TextEquiv>
            </TextLine>
            <TextLine id="r1l82" custom="readingOrder {index:81;}">
                <Coords points="2122,3002 3124,3051 3189,3005 2123,2960"/>
                <Baseline points="2134,3005 2188,3008 2243,3010 2298,3012 2352,3014 2407,3015 2462,3017 2516,3018 2571,3020 2626,3021 2680,3022 2735,3023 2790,3025 2844,3026 2899,3028 2954,3030 3008,3032 3063,3035 3118,3038 3173,3041"/>
                <TextEquiv>
                    <Unicode>müde geworden, daß nichts mehr in ihr ist, als Sehnsucht „sol</Unicode>
                </TextEquiv>
            </TextLine>
            <TextLine id="r1l83" custom="readingOrder {index:82;}">
                <Coords points="1164,3032 3195,3096 3181,3030 1165,2985"/>
                <Baseline points="1176,3022 1276,3026 1376,3030 1476,3035 1577,3039 1677,3042 1777,3045 1877,3048 1978,3050 2078,3053 2178,3056 2278,3058 2379,3061 2479,3063 2579,3065 2679,3068 2780,3071 2880,3074 2980,3077 3080,3081 3181,3086"/>
                <TextEquiv>
                    <Unicode>Dort hat das Fest indes mit jener bacchantischen Lustl dazuliegen und fertig sein". Sie bittet um den erlösenden</Unicode>
                </TextEquiv>
            </TextLine>
            <TextLine id="r1l84" custom="readingOrder {index:83;}">
                <Coords points="1067,3072 3166,3150 3186,3087 1068,3014"/>
                <Baseline points="1081,3069 1185,3071 1290,3074 1394,3078 1499,3081 1603,3084 1708,3087 1812,3090 1917,3094 2021,3097 2126,3100 2231,3103 2335,3107 2440,3110 2544,3113 2649,3117 2753,3120 2858,3123 2962,3126 3067,3129 3172,3133"/>
                <TextEquiv>
                    <Unicode>einer letzten Lebensnacht seinen Fortgang genommen. Spät Dolchstoß. Der Herzog weigert ihr ihn, aber der Bruder stößt</Unicode>
                </TextEquiv>
            </TextLine>
            <TextLine id="r1l85" custom="readingOrder {index:84;}">
                <Coords points="1066,3138 3187,3197 2949,3123 1068,3075"/>
                <Baseline points="1080,3115 1184,3118 1289,3122 1393,3125 1498,3128 1603,3132 1707,3135 1812,3138 1917,3141 2021,3145 2126,3148 2231,3152 2335,3155 2440,3158 2545,3161 2649,3165 2754,3168 2859,3171 2963,3174 3068,3177 3173,3180"/>
                <TextEquiv>
                    <Unicode>entdeckt der Herzog das Fehlen seiner jungen Gattin, und sie ihr den Stahl ins Herz. Und dann ziehen sie alle hinaus in</Unicode>
                </TextEquiv>
            </TextLine>
            <TextLine id="r1l86" custom="readingOrder {index:85;}">
                <Coords points="1064,3170 1994,3213 2111,3205 2112,3163 1411,3123 1064,3141"/>
                <Baseline points="1077,3166 1128,3167 1179,3168 1230,3169 1281,3170 1332,3171 1383,3173 1434,3174 1485,3175 1536,3177 1588,3178 1639,3179 1690,3181 1741,3183 1792,3184 1843,3185 1894,3187 1945,3188 1996,3190 2047,3191 2099,3192"/>
                <TextEquiv>
                    <Unicode>erscheint gerade wieder, da er ihre Eltern und Geschwister</Unicode>
                </TextEquiv>
            </TextLine>
            <TextLine id="r1l87" custom="readingOrder {index:86;}">
                <Coords points="2121,3203 2171,3223 2206,3204 2371,3223 2398,3208 2442,3229 2472,3206 2694,3217 2695,3188 2605,3190 2545,3161 2460,3177 2123,3156"/>
                <Baseline points="2134,3190 2161,3191 2188,3193 2215,3195 2243,3196 2270,3198 2297,3199 2325,3201 2352,3202 2379,3204 2407,3205 2434,3207 2461,3207 2488,3208 2516,3209 2543,3209 2570,3210 2598,3210 2625,3210 2652,3209 2680,3208"/>
                <TextEquiv>
                    <Unicode>die Schlacht, um zu sterben ...</Unicode>
                </TextEquiv>
            </TextLine>
            <TextLine id="r1l88" custom="readingOrder {index:87;}">
                <Coords points="1063,3218 2112,3260 2135,3221 1064,3168"/>
                <Baseline points="1077,3214 1129,3215 1181,3216 1233,3217 1285,3218 1338,3219 1390,3221 1442,3222 1494,3224 1546,3225 1599,3226 1651,3228 1703,3229 1755,3231 1807,3232 1860,3234 1912,3236 1964,3237 2016,3239 2068,3240 2121,3242"/>
                <TextEquiv>
                    <Unicode>verdächtigt, um ihre Flucht zu wissen. Er muß sie wieder</Unicode>
                </TextEquiv>
            </TextLine>
            <TextLine id="r1l89" custom="readingOrder {index:88;}">
                <Coords points="2210,3252 3097,3268 3193,3311 3197,3206 3077,3236 2830,3193 2776,3226 2212,3207"/>
                <Baseline points="2224,3240 2271,3243 2319,3247 2367,3250 2415,3253 2463,3255 2510,3257 2558,3259 2606,3260 2654,3262 2702,3263 2749,3264 2797,3265 2845,3266 2893,3268 2941,3269 2988,3270 3036,3271 3084,3273 3132,3274 3180,3276"/>
                <TextEquiv>
                    <Unicode>So wie eine dürftige Schilderung des Gerüstes der</Unicode>
                </TextEquiv>
            </TextLine>
            <TextLine id="r1l90" custom="readingOrder {index:89;}">
                <Coords points="1066,3276 2071,3304 2119,3297 2120,3250 1067,3218"/>
                <Baseline points="1079,3265 1130,3265 1181,3266 1233,3267 1284,3267 1335,3268 1387,3269 1438,3270 1489,3271 1541,3273 1592,3274 1643,3275 1695,3276 1746,3277 1797,3279 1849,3280 1900,3282 1951,3283 2003,3284 2054,3286 2106,3287"/>
                <TextEquiv>
                    <Unicode>haben. „Mein ganzes Leben ist zusammengepreßt in dieses</Unicode>
                </TextEquiv>
            </TextLine>
            <TextLine id="r1l91" custom="readingOrder {index:90;}">
                <Coords points="2119,3300 3177,3342 3178,3292 3099,3271 2495,3277 2121,3234"/>
                <Baseline points="2134,3289 2185,3292 2237,3294 2288,3296 2340,3298 2391,3300 2443,3302 2494,3303 2546,3304 2597,3305 2649,3306 2701,3308 2752,3309 2804,3310 2855,3311 2907,3313 2958,3315 3010,3317 3061,3319 3113,3322 3165,3324"/>
                <TextEquiv>
                    <Unicode>Handlung kein Bild von der gewaltigen Pracht und Fülle</Unicode>
                </TextEquiv>
            </TextLine>
            <TextLine id="r1l92" custom="readingOrder {index:91;}">
                <Coords points="1061,3336 2117,3351 2102,3295 1063,3267"/>
                <Baseline points="1075,3309 1126,3310 1177,3311 1229,3312 1280,3313 1332,3314 1383,3315 1434,3316 1486,3317 1537,3319 1589,3320 1640,3321 1691,3322 1743,3324 1794,3325 1846,3327 1897,3328 1948,3330 2000,3331 2051,3332 2103,3334"/>
                <TextEquiv>
                    <Unicode>Eine: „Wo ist Beatrice?“ Nun ist sie da. Sie lügt, sie komme</Unicode>
                </TextEquiv>
            </TextLine>
            <TextLine id="r1l93" custom="readingOrder {index:92;}">
                <Coords points="2117,3343 3105,3385 3185,3372 3187,3309 3094,3338 2118,3295"/>
                <Baseline points="2129,3338 2181,3339 2233,3341 2285,3343 2337,3344 2389,3347 2441,3348 2493,3350 2545,3352 2597,3354 2650,3356 2702,3358 2754,3359 2806,3361 2858,3363 2910,3364 2962,3365 3014,3367 3066,3368 3118,3369 3171,3370"/>
                <TextEquiv>
                    <Unicode>dieser Dichtung geben kann, fast ebensowenig vermochte es</Unicode>
                </TextEquiv>
            </TextLine>
            <TextLine id="r1l94" custom="readingOrder {index:93;}">
                <Coords points="1058,3363 3181,3443 3183,3374 1059,3329"/>
                <Baseline points="1071,3356 1175,3358 1280,3361 1385,3363 1490,3366 1595,3369 1700,3372 1804,3374 1909,3377 2014,3380 2119,3383 2224,3386 2329,3390 2434,3393 2538,3396 2643,3400 2748,3404 2853,3407 2958,3411 3063,3415 3168,3419"/>
                <TextEquiv>
                    <Unicode>aus der Kirche, wie es ihr Filippo gerathen. Aber der die Darstellung unseres Lobe=Theaters. Wir haben damit wenig</Unicode>
                </TextEquiv>
            </TextLine>
            <TextLine id="r1l95" custom="readingOrder {index:94;}">
                <Coords points="1052,3423 3173,3486 3175,3420 1054,3373"/>
                <Baseline points="1065,3403 1169,3405 1274,3407 1379,3410 1483,3412 1588,3415 1693,3418 1797,3421 1902,3424 2007,3428 2112,3432 2216,3435 2321,3439 2426,3442 2530,3446 2635,3449 2740,3453 2844,3456 2949,3459 3054,3462 3159,3465"/>
                <TextEquiv>
                    <Unicode>Betrug wird rasch entdeckt, denn die Kirche ist versperrt. Da Ehre vor den fremden kritischen Gästen aufgehoben und</Unicode>
                </TextEquiv>
            </TextLine>
            <TextLine id="r1l96" custom="readingOrder {index:95;}">
                <Coords points="1052,3457 2089,3494 2109,3442 1054,3406"/>
                <Baseline points="1066,3451 1117,3451 1168,3452 1220,3454 1271,3455 1323,3456 1374,3457 1426,3459 1477,3460 1529,3462 1580,3463 1631,3465 1683,3466 1734,3467 1786,3469 1837,3470 1889,3471 1940,3473 1992,3474 2043,3475 2095,3476"/>
                <TextEquiv>
                    <Unicode>bemerkt der Herzog, daß Beatrice den kostbaren Schleier</Unicode>
                </TextEquiv>
            </TextLine>
            <TextLine id="r1l97" custom="readingOrder {index:96;}">
                <Coords points="2115,3486 3183,3539 3184,3494 3071,3461 2116,3441"/>
                <Baseline points="2128,3479 2180,3481 2232,3483 2284,3485 2336,3487 2388,3489 2440,3490 2492,3492 2544,3494 2596,3495 2648,3496 2700,3498 2752,3499 2804,3501 2856,3502 2908,3503 2960,3505 3012,3506 3064,3508 3116,3509 3169,3511"/>
                <TextEquiv>
                    <Unicode>dem Dichter keinen guten Dienst geleistet. Seine Schwächen</Unicode>
                </TextEquiv>
            </TextLine>
            <TextLine id="r1l98" custom="readingOrder {index:97;}">
                <Coords points="1044,3499 2102,3533 2069,3484 1045,3460"/>
                <Baseline points="1057,3500 1108,3501 1160,3501 1211,3502 1263,3503 1315,3504 1366,3505 1418,3506 1469,3507 1521,3509 1573,3510 1624,3511 1676,3513 1727,3514 1779,3516 1831,3517 1882,3518 1934,3520 1985,3521 2037,3523 2089,3524"/>
                <TextEquiv>
                    <Unicode>nicht mehr besitzt, den er ihr als Brautschleier</Unicode>
                </TextEquiv>
            </TextLine>
            <TextLine id="r1l99" custom="readingOrder {index:98;}">
                <Coords points="2116,3538 2942,3548 3167,3586 3170,3512 2117,3488"/>
                <Baseline points="2129,3527 2180,3529 2231,3530 2282,3532 2334,3534 2385,3536 2436,3537 2488,3538 2539,3540 2590,3541 2642,3543 2693,3544 2744,3546 2795,3547 2847,3549 2898,3550 2949,3552 3001,3554 3052,3556 3103,3557 3155,3559"/>
                <TextEquiv>
                    <Unicode>erschienen wie unter dem Vergrößerungsglas, seine Vor¬</Unicode>
                </TextEquiv>
            </TextLine>
            <TextLine id="r1l100" custom="readingOrder {index:99;}">
                <Coords points="1048,3548 2103,3582 2104,3535 2057,3528 1663,3532 1321,3489 1049,3508"/>
                <Baseline points="1062,3548 1113,3548 1164,3548 1216,3549 1267,3549 1319,3550 1370,3552 1421,3553 1473,3555 1524,3556 1576,3558 1627,3560 1678,3561 1730,3563 1781,3564 1833,3566 1884,3567 1935,3568 1987,3568 2038,3569 2090,3569"/>
                <TextEquiv>
                    <Unicode>geschenkt; sie hat ihn bei Filippo verloren. So ungeheuer</Unicode>
                </TextEquiv>
            </TextLine>
            <TextLine id="r1l101" custom="readingOrder {index:100;}">
                <Coords points="2107,3594 3160,3629 3180,3587 2109,3544"/>
                <Baseline points="2122,3574 2174,3576 2226,3577 2278,3579 2330,3581 2383,3582 2435,3584 2487,3586 2539,3587 2591,3589 2644,3590 2696,3592 2748,3594 2800,3596 2852,3597 2905,3599 2957,3601 3009,3603 3061,3605 3113,3607 3166,3609"/>
                <TextEquiv>
                    <Unicode>züge wurden verschleiert. Die Regie traf das Milieu nicht,</Unicode>
                </TextEquiv>
            </TextLine>
            <TextLine id="r1l102" custom="readingOrder {index:101;}">
                <Coords points="1043,3618 1680,3597 2111,3644 2113,3575 1045,3549"/>
                <Baseline points="1058,3594 1110,3595 1162,3595 1214,3596 1266,3597 1318,3598 1370,3599 1422,3600 1474,3601 1526,3603 1578,3604 1630,3606 1682,3607 1734,3609 1786,3611 1838,3613 1890,3615 1942,3617 1994,3620 2046,3622 2098,3624"/>
                <TextEquiv>
                    <Unicode>ihre Schuld sich zeige, Alles soll vergeben sein,</Unicode>
                </TextEquiv>
            </TextLine>
            <TextLine id="r1l103" custom="readingOrder {index:102;}">
                <Coords points="2100,3619 3176,3660 3154,3609 3035,3600 2101,3584"/>
                <Baseline points="2114,3622 2166,3624 2218,3626 2271,3627 2323,3629 2376,3631 2428,3632 2481,3634 2533,3635 2586,3637 2638,3638 2690,3640 2743,3641 2795,3643 2848,3644 2900,3646 2953,3648 3005,3650 3058,3652 3110,3654 3163,3656"/>
                <TextEquiv>
                    <Unicode>und von den Einzeldarstellern könnte höchstens Herr</Unicode>
                </TextEquiv>
            </TextLine>
            <TextLine id="r1l104" custom="readingOrder {index:103;}">
                <Coords points="1042,3656 3097,3717 3162,3660 1044,3601"/>
                <Baseline points="1057,3640 1161,3642 1266,3643 1370,3646 1475,3648 1579,3651 1684,3654 1788,3657 1893,3660 1997,3664 2102,3667 2207,3671 2311,3674 2416,3678 2520,3681 2625,3685 2729,3688 2834,3692 2938,3694 3043,3697 3148,3699"/>
                <TextEquiv>
                    <Unicode>ausgelöscht bis auf die Erinnerung, wenn sie ihn dorthin[ Lettinger (Filipvo) bescheidenen Ansprüchen ge¬</Unicode>
                </TextEquiv>
            </TextLine>
            <TextLine id="r1l105" custom="readingOrder {index:104;}">
                <Coords points="1044,3694 3029,3763 3166,3709 1045,3652"/>
                <Baseline points="1057,3690 1161,3692 1266,3693 1371,3696 1476,3698 1580,3701 1685,3703 1790,3706 1895,3709 1999,3712 2104,3715 2209,3718 2314,3722 2418,3725 2523,3728 2628,3732 2733,3735 2837,3739 2942,3742 3047,3746 3152,3749"/>
                <TextEquiv>
                    <Unicode>führt, wo sie den Schleier verlor. Das kann sie nicht, nügen und von Herrn Jessen (Herzog) darf man rühmen,</Unicode>
                </TextEquiv>
            </TextLine>
            <TextLine id="r1l106" custom="readingOrder {index:105;}">
                <Coords points="1038,3750 2075,3774 2110,3735 1039,3692"/>
                <Baseline points="1052,3736 1104,3737 1156,3738 1208,3739 1260,3741 1313,3742 1365,3743 1417,3744 1469,3745 1521,3745 1574,3746 1626,3748 1678,3749 1730,3750 1782,3751 1835,3752 1887,3753 1939,3754 1991,3755 2043,3756 2096,3758"/>
                <TextEquiv>
                    <Unicode>Das geht über ihre Kräfte. Da er aber rasches Gericht über</Unicode>
                </TextEquiv>
            </TextLine>
            <TextLine id="r1l107" custom="readingOrder {index:106;}">
                <Coords points="2101,3773 3167,3795 3167,3761 3120,3752 2102,3718"/>
                <Baseline points="2113,3763 2165,3766 2217,3767 2269,3769 2321,3770 2373,3772 2425,3773 2477,3775 2529,3776 2581,3777 2633,3778 2685,3780 2737,3781 2789,3782 2841,3784 2893,3785 2945,3787 2997,3789 3049,3791 3101,3793 3154,3795"/>
                <TextEquiv>
                    <Unicode>daß er Manches nicht verdarb. Ganz ungenügend war jedoch</Unicode>
                </TextEquiv>
            </TextLine>
            <TextLine id="r1l108" custom="readingOrder {index:107;}">
                <Coords points="1039,3795 2097,3824 2098,3769 2059,3765 1041,3740"/>
                <Baseline points="1054,3783 1105,3784 1156,3785 1208,3785 1259,3786 1311,3787 1362,3788 1414,3789 1465,3790 1517,3791 1568,3792 1619,3793 1671,3794 1722,3796 1774,3797 1825,3798 1877,3800 1928,3801 1980,3803 2031,3805 2083,3807"/>
                <TextEquiv>
                    <Unicode>sie halten läßt und sie zum Tode geführt werden soll, reicht</Unicode>
                </TextEquiv>
            </TextLine>
            <TextLine id="r1l109" custom="readingOrder {index:108;}">
                <Coords points="2095,3809 3173,3857 3175,3807 2096,3774"/>
                <Baseline points="2108,3809 2160,3811 2213,3812 2265,3814 2318,3815 2371,3817 2423,3819 2476,3820 2528,3822 2581,3824 2634,3825 2686,3827 2739,3829 2791,3831 2844,3832 2897,3834 2949,3836 3002,3838 3054,3839 3107,3841 3160,3843"/>
                <TextEquiv>
                    <Unicode>Fräulein Konradin der einigermaßen wichtigen Rolle der</Unicode>
                </TextEquiv>
            </TextLine>
            <TextLine id="r1l110" custom="readingOrder {index:109;}">
                <Coords points="1043,3835 3071,3920 3163,3849 1044,3793"/>
                <Baseline points="1056,3825 1160,3827 1265,3830 1369,3832 1474,3835 1579,3838 1683,3841 1788,3845 1893,3848 1997,3852 2102,3855 2207,3859 2311,3862 2416,3866 2521,3870 2625,3873 2730,3877 2835,3880 2939,3883 3044,3887 3149,3890"/>
                <TextEquiv>
                    <Unicode>sie dem Herzog die Hand hin — sie wird ihn führen. Und Beatrice. „Der Schleier der Beatrice“ hätte mehr als einen</Unicode>
                </TextEquiv>
            </TextLine>
            <TextLine id="r1l111" custom="readingOrder {index:110;}">
                <Coords points="1047,3879 2094,3921 2095,3860 1048,3840"/>
                <Baseline points="1060,3874 1111,3876 1162,3877 1213,3878 1264,3879 1315,3881 1366,3882 1417,3883 1468,3885 1519,3886 1571,3888 1622,3889 1673,3890 1724,3892 1775,3893 1826,3895 1877,3896 1928,3897 1979,3899 2030,3900 2082,3901"/>
                <TextEquiv>
                    <Unicode>sie führt ihn zu der Stelle, wo ihr Schleier zu Boden fiel,</Unicode>
                </TextEquiv>
            </TextLine>
            <TextLine id="r1l112" custom="readingOrder {index:111;}">
                <Coords points="2093,3902 2155,3934 2264,3919 2284,3938 2327,3937 2383,3920 2429,3946 2514,3927 2545,3944 2547,3884 2532,3880 2366,3869 2307,3881 2260,3866 2233,3878 2094,3860"/>
                <Baseline points="2106,3902 2131,3904 2156,3905 2181,3906 2206,3907 2231,3909 2256,3909 2281,3910 2306,3911 2331,3912 2356,3913 2381,3914 2406,3914 2431,3915 2456,3916 2481,3916 2506,3916 2532,3917"/>
                <TextEquiv>
                    <Unicode>Achtungserfolg verdient.</Unicode>
                </TextEquiv>
            </TextLine>
            <TextLine id="r1l113" custom="readingOrder {index:112;}">
                <Coords points="1037,3953 1856,3942 2061,3977 2127,3971 2129,3910 1039,3881"/>
                <Baseline points="1050,3929 1103,3930 1156,3931 1209,3932 1262,3932 1315,3934 1368,3935 1422,3936 1475,3937 1528,3939 1581,3940 1634,3942 1687,3943 1740,3945 1794,3947 1847,3949 1900,3951 1953,3953 2006,3955 2059,3958 2113,3960"/>
                <TextEquiv>
                    <Unicode>in das Gemach, in dem die Leiche Filippo's liegt. Hastig</Unicode>
                </TextEquiv>
            </TextLine>
            <TextLine id="r1l114" custom="readingOrder {index:113;}">
                <Coords points="2929,3998 2969,3990 2984,4002 3011,4001 3035,3989 3072,3996 3099,3982 3136,3984 3139,3932 3096,3945 3079,3925 3052,3937 3025,3938 3000,3918 2978,3930 2960,3918 2934,3919"/>
                <Baseline points="2944,3977 2969,3978 2995,3979 3021,3980 3046,3982 3072,3983 3098,3986 3124,3988"/>
                <TextEquiv>
                    <Unicode>L. Sch.</Unicode>
                </TextEquiv>
            </TextLine>
            <TextEquiv>
                <Unicode>G
14 Der Schlefer der heatrige
box 20/2
die Lüfte nach jenem Sonnenuntergang in der todt=pflicht wäre es freilich gewesen, denn Schnitzler's Drama ist
ten Stadt ...
die Arbeit eines echten Dichters und so überreich an über¬
Ehe wir es aber versuchen, zu erzählen, wäh das Auge wältigenden Schönheiten der Empfindung, des Erkennens
lichters in jener Nacht geschen, da sich Bologna auf und der Sprache, daß es einen geradezu imponirenden
d verbereitete, wollen wir vorausschicken, daß es die Fortschritt gegenüber den früheren Werken des Dichters
uer gestern Abends lange nicht nach Gebühr und ge=bedeutet. Die Vorzüge seiner Art sind hier zu reifer
en kühnen Absichten des Dichters fröstelte. Der samum= und prächtiger Blüthe gelangt, während freilich auch
Gluthauch, der im „Schleier der Beatrice“ von der
jede seiner Schwächen vertreten ist. Er ist in sinnlichen
ausgehen muß, war im Lobe=Theater ein laues
Dingen oft zu absichtlich, forcirt und brutal und, was weit
ngswindchen der gemäßigter. Zone geblieben, und weder
schwerer wiegt, er verkünstelt jedes Problem, jede psychologische
noch Einzelleistungen vermochten Intentionen gerecht Entwicklung, indem er sie zuerst nach allen Seiten dreht und
den, die ungeheuere Konzentrationen forderten und fast wieder zurückwendet und in allen Facetten glitzern, in allen
egs überlebensgroße Intelligenzen voraussetzten. Die
Möglichkeiten beleuchten läßt. Große Dichter sind sonst naiver,
eit der Konzeption durfte weder bewußt, noch durch
nicht so fürchterlich gescheidt, so rastlos klügelnd. Es ist, als
Unzulänglichkeit der Mittel geschwächt werden,
ob Schnitzler bei allem Dichterischen, das er einmal erfaßt hat,
nicht die Wirkung des Kunstwerkes überhaupt sängstlich besorgt wäre, nur ja Keinem nach ihm etwas davon
bedenklich in Frage gestellt werden sollte, und übrig zu lassen. So wird er zum Sklaven seiner Tyrannis
gheit, jede Prüd##ie fälschte das Milieu, das, wie man
über den Stoff.
ie treibende Kraft bildet. Ich glaube jetzt auch den
Ueber Bologna däm mert der dritte Abend, an dem der
r des Wiener Burgtheaters zu verstehen und finde es
große Dichter Filippo Loschi im Garten seines Palastes die
ls begreiflich, wenn er es in seiner Position als viel
schöne Beatrice, des verrückten Wappenschneiders Nardi
ker Direktor einer Ho ihne nicht wagte, das Stück
Töchterlein, erwartet. Vor drei Tagen, bei einem Volksfeste,
uszubringen, wie es eing gebracht werden durfte,
hat er sie zum erstenmale gesehen und sie hat von seiner
shalb lieber ganz darauf verzichtete. Nur scheint er Seele so vollständig Besitz ergriffen, daß bisherige Leiden¬
bei nicht ganz aufrichtig gewesen zu sein und zur
schaften, vorher übernommene Pflichten bis auf die Erinnerung
niß über das Wesen des Stückes viel länger gebraucht
versinken. Was ihn bewegte, ehe er sie gesehen, hat Inhalt
n, als sich der Direktor eines so hervorragenden Kunst¬
und Bedeutung verloren, starrt ihn, wenn er gewaltsam
gestatten darf. Er mußte nach der ersten Lektüre
davor gestellt wird, gleich etwas Fremdem, Unheimlichem an.
daß Schnitzler's „Der Schleier der Beatrice“
Aber auch die Gegenwart lebt ihm nur in Beatrieen
von ihm geleiteten Bühne nicht in der Gestalt
und den Beziehungen der Dinge zu ihr, sofern sie
erscheinen dürfen, die dem Werke eigen und von ihm
der Gegenstand seiner Liebe ist; nicht um Haaresbreite
bar ist. Er mußte also auch rasch entschlossen
weiter. Ihn erfüllt der großzügige Egoismus des
Ehrenpflicht seiner Aufführung verzichten. Eine Ehren= (Genies, das seinen Antheil an der übrigen Menschheit
21110
bleibt standhaft. Nun reicht er ihr Wein zum Abschieds=rafft sie das Gewebe auf und sucht den Herzog wieder
trunk, und da sie ihn genossen hat, erweckt er in mit sich zu ziehen; er aber will bleiben, hier die Braut¬
ihr die Angst, daß schon der Tod durch ihre Adern nacht feiern. Lieber soll er sie tödten, schreit sie. Sein
rinne. Nun schüttelt sie Todessurcht; so wollte sie es nicht, Fuß stößt auf den Körper eines Mannes, den er für
sterben wohl, aber nicht so ums Leben betrogen werden, so
trunken hält, und so beschimpft er ihn, speit ihm ins
ist es häßlich und verdorben. „Nie glaubte ich, daß Du tückisch] Gesicht. Diese entsetzliche Szene macht auch Beatrice inner¬
bist und seig — jetzt hafs' ich Dich!“ Kalt sagt er ihr die lich reif zum Sterben. Durch sein Gefolge, das ihm
Wahrheit. Die letzte Prüfung war's, sie hat sie nicht
heimlich gefolgt ist, erfährt der Herzog, daß der Körper, den er
bestanden. „Nun kehr' zurück, eh' sie mit Fackeln
entehrte, die Hülle Filippo Loschi's war, des Dichters, nach
suchen! Du willst das Leben. Geh' da draußen wartet's und
dessen Freundschaft er sich gesehnt. Und diesen verrieth
nimmt Dich gierig auf als sein Besitz.“ Vergebens fleht sie ihn an,
Beatrice? Und ihn um jenen und jenen wiederum um ihn?
sie bei ihm zu lassen. Er leert den Giftbecher bis zur Neige, nicht
Er faßt es nicht. So groß dünkt ihm das Räthsel, daß es ihn
einen Tropfen läßt er ihr. Sie aber flieht vor dem kalten
milde macht. Beatrice aber löst es: das Fürchten war's, das
Grausen, das ihr der Leichnam einflößt, mit dem Aufschrei
Grauen, so dazuliegen wie Filippo. Jetzt aber ist sie unendlich
„Leben!“ hinaus, zurück ins Schloß.
müde geworden, daß nichts mehr in ihr ist, als Sehnsucht „sol
Dort hat das Fest indes mit jener bacchantischen Lustl dazuliegen und fertig sein". Sie bittet um den erlösenden
einer letzten Lebensnacht seinen Fortgang genommen. Spät Dolchstoß. Der Herzog weigert ihr ihn, aber der Bruder stößt
entdeckt der Herzog das Fehlen seiner jungen Gattin, und sie ihr den Stahl ins Herz. Und dann ziehen sie alle hinaus in
erscheint gerade wieder, da er ihre Eltern und Geschwister
die Schlacht, um zu sterben ...
verdächtigt, um ihre Flucht zu wissen. Er muß sie wieder
So wie eine dürftige Schilderung des Gerüstes der
haben. „Mein ganzes Leben ist zusammengepreßt in dieses
Handlung kein Bild von der gewaltigen Pracht und Fülle
Eine: „Wo ist Beatrice?“ Nun ist sie da. Sie lügt, sie komme
dieser Dichtung geben kann, fast ebensowenig vermochte es
aus der Kirche, wie es ihr Filippo gerathen. Aber der die Darstellung unseres Lobe=Theaters. Wir haben damit wenig
Betrug wird rasch entdeckt, denn die Kirche ist versperrt. Da Ehre vor den fremden kritischen Gästen aufgehoben und
bemerkt der Herzog, daß Beatrice den kostbaren Schleier
dem Dichter keinen guten Dienst geleistet. Seine Schwächen
nicht mehr besitzt, den er ihr als Brautschleier
erschienen wie unter dem Vergrößerungsglas, seine Vor¬
geschenkt; sie hat ihn bei Filippo verloren. So ungeheuer
züge wurden verschleiert. Die Regie traf das Milieu nicht,
ihre Schuld sich zeige, Alles soll vergeben sein,
und von den Einzeldarstellern könnte höchstens Herr
ausgelöscht bis auf die Erinnerung, wenn sie ihn dorthin[ Lettinger (Filipvo) bescheidenen Ansprüchen ge¬
führt, wo sie den Schleier verlor. Das kann sie nicht, nügen und von Herrn Jessen (Herzog) darf man rühmen,
Das geht über ihre Kräfte. Da er aber rasches Gericht über
daß er Manches nicht verdarb. Ganz ungenügend war jedoch
sie halten läßt und sie zum Tode geführt werden soll, reicht
Fräulein Konradin der einigermaßen wichtigen Rolle der
sie dem Herzog die Hand hin — sie wird ihn führen. Und Beatrice. „Der Schleier der Beatrice“ hätte mehr als einen
sie führt ihn zu der Stelle, wo ihr Schleier zu Boden fiel,
Achtungserfolg verdient.
in das Gemach, in dem die Leiche Filippo's liegt. Hastig
L. Sch.</Unicode>
            </TextEquiv>
        </TextRegion>
    </Page>
</PcGts>
