3436 4320
301 171 1814 268 14: Der Schleien der-Beatrice
678 1420 1938 1485 Schluß: das Leben ist ein sinnloses Zufalls=Spiel; das Weib ist
669 1470 1937 1526 ein Kind, das nicht weiß, was es tut; der Mann läßt sich trotzdem
171 1477 500 1580 felephon 12.801
666 1514 1930 1577 von ihr den Kopf verdrehen und kann, wenn er hinter ihre Be¬
676 1547 1776 1629 trügereien kommt, nicht besseres tun, als ihr verzeihen.
731 1606 1916 1667 Da ist Beatrice, des Steinschneiders Nardi Tochter. Die be¬
662 1620 1934 1698 tört eines Abends vor den Toren Bolognas den Dichter Filippo
674 1694 1934 1754 Loschi so, daß er über sie alles vergißt: seine Kunst, seine Liebe,
181 1715 533 1806 für Zettungs¬
661 1744 1925 1796 die gefährliche Lage seiner Vaterstadt, die der Borgia belagert.
172 1769 318 1837 Aphie.
666 1777 1930 1857 Er will mit ihr entfliehen und nur seiner Liebe leben. Da er¬
673 1822 1937 1876 zählt sie ihm, daß der Herzog sie auf der Straße gesehen und
173 1810 382 1915 ats 4.
669 1867 1939 1933 lange angeblickt, und daß sie dann geträumt habe, sie sei des
666 1915 1932 1984 Herzogs Gemahlin. Darob braust Filippo auf und weist ihr die
168 1931 538 1998 Weland, Christianl.
664 1954 1934 2036 Tür. Sie geht nach Haus durch die Stadt, die voller Erregung
165 1982 530 2044 land, Minnespelle
670 2007 1938 2054 dem nächsten Tag entgegen sieht, an dem der Herzog dem Borgia
182 2021 547 2096 ckholm, St. Peters
658 2044 1922 2103 die Entscheidungs=Schlacht liefern will. Kaum ist sie angekom¬
667 2093 1918 2157 men, so verlobt sie sich auf Drängen ihres Bruders mit Vittorino,
662 2140 1924 2188 dem Gesellen ihres Vaters und will sich alsbald mit ihm trauen
661 2183 1923 2252 lassen. Aber auf dem Wege zur Kirche begegnet ihr der Herzog
652 2225 1916 2287 abermals, begehrt sie erst zur Geliebten und dann zum Weibe.
661 2271 1927 2341 Sie läßt Vittorino stehen und folgt den Herzog zum Trau=Altar.
168 2276 569 2386 unesaneümt
655 2317 1921 2386 Dann aber flieht sie im Brautschleier zu Filippo, um sich ihm für
663 2371 1921 2429 eine Nacht zu schenken und dann mit ihm zu sterben. Filippo
665 2409 1914 2460 stellt sie auf die Probe, indem er ihr einen Becher Wein reicht
419 2396 594 2492 M. L.
662 2461 1915 2516 und, nachdem sie davon getrunken hat, vorgibt, der Wein sei
653 2494 1914 2544 vergiftet gewesen. In blasser Todesangst beschimpft sie ihn.
157 2512 371 2608 lhaus.
668 2543 1919 2590 Da leert er selber den Giftbecher und stirbt. Von der Leiche
657 2580 1913 2648 flüchtet sie in den Herzogs=Palast, wo man über ihr Verschwin¬
174 2588 639 2667 ur Scuisles
662 2633 1911 2685 den außer sich ist. Sie lüügt, sie sei in der Kirche gewesen. Da
158 2646 626 2702 kologna, zu Beginn des
650 2678 1924 2735 bemerkt der Herzog, der argwöhnisch gemacht ist, daß sie den kost¬
155 2684 621 2761 er nicht wahr. Weder
654 2715 1916 2784 baren Schleier verloren hat und fordert sie auf, diesen zu holen.
183 2730 629 2793 wird, noch haben die
660 2764 1916 2825 Entsetzt weigert sie sich, im Gedanken, daß sie dann den toten
162 2777 623 2835 kalienischen Geist und
658 2812 1909 2860 Filippo wiedersehen müsse. Der erzürnte Herzog übergibt sie
165 2825 617 2886 kem durchaus ablehnen¬
661 2858 1919 2919 seinen Räten zur Aburteilung, die über sie das Todesurteil
162 2867 629 2926 nnehmen, der Dichter
654 2898 1926 2946 sprechen. In wahnsinniger Angst erklärt sie sich nun bereit, den
176 2912 623 2971 Wesen der Rengissance
659 2947 1929 2999 Schleier zu holen, wenn man ihr das Leben schenkt. Der Herzog
155 2953 625 3009 el zu weich wären ihm
647 2980 1932 3031 begnadigt sie und geht selbst mit ihr in das Haus, wo er den
161 2993 631 3060 lektierend und viel zu
651 3033 1922 3097 Toten findet und ihre Untreue entdeckt. Aber milde und gelassen
166 3041 631 3110 nau Hinzusehen: schon
653 3079 1915 3138 will er sie ihren Eltern zurückgeben, da springt ihr Bruder dazu
147 3081 634 3153 nhorchen läßt uns er¬
648 3122 1096 3192 und ersticht Beatriee.
166 3135 627 3198 Jahrhunderts nur eine
165 3173 637 3238 ten gesteckt hat, und daß
740 3156 1915 3250 Um diese raffiniert ausgeklügelte Handlung hat Schnitzler
161 3227 626 3285 ichts anderes sind als
656 3216 1928 3279 noch eine ganze Reihe Nebenhandlungen geschlungen, die zumeist
176 3275 624 3333 er sie in der Liebelei,
657 3269 1925 3345 im Ansatz stehen geblieben sind, sodaß man sich für sie nicht er¬
169 3309 626 3379 bildert hat. Und auch
655 3320 1923 3369 wärmen kann. Aber auch die Haupthandlung selber, das uner¬
170 3355 625 3423 sches von der Kraft der
652 3360 1926 3419 klärliche Hin= und Hertaumeln der Heldin zwischen drei Männern
174 3408 1925 3482 dernen Weisheit letzter] macht einem das Herz nicht warm. Das Intersse, das man für
1969 169 2425 269 box 20/5
1956 1435 3233 1480 diese Beatrice aufbringen kann, erhebt sich wenig über das, mit
1952 1476 3229 1541 dem man im Variété einer schwierigen Akrobaten=Nummer folgt
1965 1522 3225 1583 oder im Zoologischen Garten ein absonderliches Tier betrachtet.
1960 1564 3224 1627 Je weiter die Handlung fortschreitet, desto weiter rückt Beatrice
1958 1610 3222 1662 und ihre Umwelt von uns ab, desto fremder fühlen wir uns
1959 1663 3225 1721 ihnen, desto mehr erscheinen sie uns als Schemen, die der Dichter
1953 1697 3228 1761 wohl heraufbeschwören, aber nicht mit menschlichem Blut tränken
1961 1754 3225 1797 konnte. Für äußerliche Spannung ist überreich gesorgt und der
1953 1795 3228 1855 Wohllaut der gefeilten Verse ist angenehm fürs Ohr. Aber mit
1962 1837 3218 1907 jeder Szeue drängt sich einem die Ueberzeugung auf, daß der
1959 1885 3228 1944 Dichter hier mit dem Kopf, aber nicht mit dem Herzen geschaffen
1957 1931 3215 2006 hat, und man bleibt all dem bunten Hin und Her gegenüber kühl
1961 1969 2404 2034 bis aus Herz hinan.
2032 1993 3213 2073 Dr. Hagemann hatte das Stück glänzend in Szene ge¬
1956 2052 3220 2113 setzt und ein Zusemmenspiel geschaffen, das wirklich durchweg
1959 2112 3210 2170 zusammenklang und in dem jede, auch die kleinste Rolle zu er¬
1949 2151 3209 2209 freulicher Wirkung gebracht wurde. Vielleicht hätte das Tempo
1957 2193 3208 2254 gelegentlich etwas schneller genommen werden dürfen: je weniger
1958 2241 3211 2289 dem Zuschauer Zeit zum Nachdenken gelassen wird, desto besser
1957 2286 3214 2334 für dieses Stück. Die Glanzleistungen des Abends waren der
1961 2329 3210 2376 Herzog des Herrn Wagner und die Beatrice des Fräulein
1951 2362 3219 2428 Valéry: jener ganz adelige Kraft, diese ganz rührende Hilf¬
1953 2416 3208 2478 losigkeit. Ihnen zunächst stand Herr Montor als Filippo
1963 2454 3219 2531 Loschi. Aus der langen Reihe des etwa fünfzig sprechende Per¬
1954 2501 3216 2566 sonen aufzählenden Theaterzettels seien hier wenigstens die
1949 2549 3206 2614 Damen Doré, Schneider, May, Rheinen, Bauer und
1958 2586 3213 2638 Heydorn, die Herren Blankenstein, Wlach, Lang,
1946 2636 3205 2695 Pichler, Kallenberger, Stettner, Gebhardt und
1954 2688 3207 2741 Freiburg hervorgehoben, die ihre Rollen charakteristisch zu
1944 2719 3199 2788 verkörpern wußten. Das Interesse des Publikums war anfäng¬
1948 2767 3208 2825 lich sehr gespannt. erlahmte aber im Verlauf des Abends so,
1942 2812 3200 2869 daß nach dem vierten Akt auch nicht eine Hand sich rührte. Der
1957 2852 3223 2909 Beifall, der zum Schluß vernehmbar wurde, galt wohl weniger
1953 2900 2832 2969 dem Stück, als der vortrefflichen Darstellung.
2959 2902 3218 2980 C. M.-R.
2636 2941 2722 2995 —
2437 2943 2597 2984 —
2349 2969 2668 3061 SSSe P Sh
