3436 4320
2982 139 3098 227 331
624 133 811 226 Nr. 24.
1661 137 2074 230 Die Nation.
601 281 1846 349 schlürfen wird. Das lebensprühende Bologna angesichts des
1877 287 3113 349 Spekulation, sie ist ihm Bedürfniß. Das gibt seinen
588 353 1854 406 großen Sterbens — der Hintergrund paßt ganz zum Bild
1861 342 3122 408 Werken häufig einen Reiz mehr, es mindert andere Male
1868 392 3118 445 ihre Ueberzeugungskraft. Der Gang der Handlung beruht
598 391 1845 447 der Beatrice. Und just im Hinblick auf den sichern Unter¬
1869 433 3128 494 im „Schleier der Beatrice“ auf so vielen, feinen Hilfs¬
585 442 1852 492 gang packt alles Volk ein toller Lebens= und Liebestaumel.
1871 477 3123 557 konstruktionen, daß die Bühnenwirksamkeit zum mindesten
597 479 1846 532 In dieser letzten Nacht wird der Herzog das schönste Kind
1879 525 2818 600 sich nicht breit und nicht voll entwickeln kann.
592 520 1849 568 aus Bolognas Gassen zu sich auf sein Schloß entbieten.
591 564 1849 610 Beatrice ist es, die er sich erwählt. Sie, die der Dichter
1977 561 3124 632 Aber, nachdem der Vorhang gefallen und das laute
591 616 1846 671 ihres unkenschen Traumes willen noch eben verstoßen, erhebt
1870 615 3111 676 Spiel vorüber, tauchen die Gestalten, die Schnitzler ge¬
589 661 1845 715 er zu seiner Gemahlin. Von der Hochzeitstafel an der Seite
1874 660 3124 710 schaffen, vor den Augen wieder auf. Man bewundert die
1868 704 3122 757 feine Künstlerhand, die ihr Innenleben bloßgelegt hat. Man
595 715 1847 764 des Herzogs aber flüchtet Beatrice, die allzeit und instinktiv
1870 757 3114 814 kostet den Stimmungsreiz aus, dem der Wiener Poet nach¬
592 754 1848 814 Ungetreue, zu ihrem Dichter zurück. Sobald sie sein Gemach
588 815 1850 863 betreten, steht sie angesichts des Todes, — wie diese Menschen
1874 803 3122 874 gab, da er sich und die Menschen um ihn in Gestalten der
1883 839 2421 912 Renaissance wieder suchte.
596 849 1743 900 alle ein paar Stunden später dem Tod entgegengehen.
706 897 1850 955 Auf solchem Hintergrunde und auf solche Lebenshöhen
1977 881 3118 952 Es nimmt sich das Bild der kleinen, seelenlosen
1871 916 3125 1006 Beatrice im schweren, goldenen Renaissance=Rahmen gar
593 941 1848 999 erhoben, gewinnen die Gestalten, wenn nicht Größe, so doch
1866 991 2561 1064 wehmüthig und gar seltsam aus.
590 979 1844 1043 Glanz. In gehobener, und doch nicht farbloser Diktion hat
597 1032 1844 1079 Schnitzler ihnen das Zeitgewand gewoben. Im Charakter
2605 1050 3001 1138 Ernst Heilborn.
589 1078 1852 1129 der Beatrice hat er, losgelöst von allem zeitlich Bedingten,
586 1123 1856 1179 das gezeichnet, was einen Frauentypus ausmacht, der immer
582 1182 1853 1234 war und immer wiederkehren wird. Eigenartig, antheil¬
584 1215 1847 1260 nahmeheischend gibt sich ihr Verhältniß zu dem Herzog und
578 1271 1846 1330 dem Dichter. Psychologisch sind die Fäden ganz fein ge¬
579 1310 795 1378 sponnen.
694 1337 1640 1423 Warum also blieb die Bühnenwirkung aus?
1903 1347 3052 1442 „Berr und Frau Dorenhoff beehren sich.“
697 1399 1855 1460 Es ist keine Frage, Schnitzler hat, um das Renaissance¬
2391 1430 2565 1496 (Schluß.)
582 1450 1851 1505 Zeitbild leuchtend hervortreten zu lassen, die Handlung allzu
1955 1479 3121 1556 Herr von Vollbrügge war gerade vom kurzen Nach¬
583 1505 1853 1565 sehr komplizirt. Es geschieht zu vieles, das willkürlich an¬
585 1539 1838 1597 muthet, die Fäden wirren derart durcheinander, daß das
1854 1539 3120 1589 mittagsschlafe aufgestanden und nahm mit seiner Gattin den
587 1597 1849 1652 Gewebe undurchsichtig wird. Schnitzler hat die Motive
1855 1587 3113 1662 Kaffee ein. Da überbrachte der Diener die Postsachen. Der
1865 1637 2510 1700 Präsident musterte sie flüchtig.
594 1643 1848 1694 wiederholt, die Gegensätze gehäuft. Um Beatrice anzu¬
1976 1668 3117 1757 Vier Einladungen auf einmal,“ sagte er sehr unwillig,
586 1670 1843 1739 gehören, hat der Dichter seine Braut, um seinetwillen
1871 1730 3112 1792 „ich mag diese länglichen Kouverts kaum noch öffnen ..
589 1729 1844 1776 Beatrice ihren ersten Verlobten aufgegeben. Eine Kontrast¬
1864 1780 2717 1847 jedes amtliche Schreiben ist mir lieber.“
583 1765 1849 1839 figur tritt neben Beatrice in ihrem Verhältniß zu dem Dichter:
1971 1806 3121 1881 „Es ist die schlimmste Zeit jetzt,“ sagte seine Frau,
585 1823 1837 1879 eine Kurtisane, die mit jenem zu sterben gewillt ist. Eine
1857 1859 3120 1929 deren kränkelndes Aussehen auffiel. „Ich meine, Du bist
584 1868 1847 1916 andere Kontrastfigur stellt sich neben sie in ihrem Ver¬
593 1917 1838 1973 hältniß zu dem Herzog: Rosina, Beatrices eigene Schwester,
1858 1918 3118 1985 auch zu rücksichtsvoll: wir sollten unser Ausgehen auf
1859 1956 2627 2031 zweimal in der Woche beschränken.“
582 1966 1838 2020 die vielen angehört hat und doch nur diesen Herzog mit
1985 1986 3121 2057 „Es ist so schwer in unserer Stellung. Man verletzt
594 1999 1841 2059 brünstigem Verlangen liebt. Solch eine Häufung der
1861 2031 3096 2131 die Menschen nicht gerne. Sie meinen es alle herzlich gut.“
585 2058 1848 2115 Kontraste aber gibt dem dramatischen Bilde naturgemäß
1983 2100 2704 2177 „Von wem sind die Einladungen?“
594 2099 1849 2152 etwas arrangirten Anstrich. Man vergißt das Leben über
1958 2146 2531 2197 Er nannte einige Namen.
577 2148 1850 2215 dem psychologischen Kalkül. Was die Handlung an Mannig¬
1969 2189 2655 2249 „Und dann .. von Dorenhoffs.“
578 2191 1605 2266 faltigkeit gewonnen, verlor sie an innerer Kraft.
1967 2230 3109 2314 „Ach, von der netten kleinen Frau! Ich habe sie wirk¬
701 2247 1849 2300 Auch ist es Schnitzler nicht gelungen, diese komplizirte
1859 2287 2496 2348 lich in mein Herz geschlossen!“
586 2290 1850 2346 Handlung in rechter Weise in Fluß zu bringen. Die
1959 2332 3109 2411 „Und er ist ein sehr tüchtiger Arbeiter, den ich immer
590 2332 1849 2394 Exposition des bewegten Hintergrundes und damit den
1850 2363 2308 2442 mehr schätzen lerne.“
581 2374 1848 2443 Stimmungsklang, auf den es ankommt, gibt erst der zweite
1964 2422 2512 2488 „Zu wann laden sie ein?
578 2421 1841 2492 Ante nebensächliche Personen treten die Haupt¬
2889 2474 3036 2523 eh
1958 2468 2523 2533 „Zum nächsten Freitag.“
579 2470 1846 2533 gestalten zeitweise gan Eutscheidende Entschlüsse
1967 2508 3114 2597 urgenüber ächt Tage?! So schnell! Das ist
584 2524 1887 2587 fassen sie hinter den Kulissen. Durchaus ist es
1849 2566 2262 2639 wirklich harmlos.“
584 2576 1841 2639 Charakter begründet, daß sie die hochzeitliche Tafel, an die
1963 2586 3103 2684 „Sie sind noch unerfahren und verstehen es nicht besser.“
579 2628 1839 2678 sie sich so seltsam ahnungsvoll gesehnt, heimlich verläßt, um
1962 2656 2386 2722 „Zum Mittagessen?
570 2675 1830 2717 zu ihrem Dichter zu flüchten: immer fühlt sie sich ja in den
1951 2704 2329 2776 „Um sechs Uhr.“
577 2711 1834 2770 Armen eines Mannes zu dem andern hingezogen. Aber
1945 2743 3098 2809 „Es muß ihnen sehr gut gehen. Die Frau kleidet sich
582 2750 1832 2811 wie sie zu dem Entschlusse kommt, wie sich die Wandlung
1856 2797 3111 2856 ausgezeichnet .. einfach, aber immer chik. Auch in ihrem
573 2790 1833 2857 in ihr vollzieht, ist nirgend angedeutet. Genug, Beatrice taucht
1839 2848 2831 2904 Hause macht alles einen behaglichen Eindruck.“
581 2842 1830 2918 ganz plötzlich zu nächtlicher Unzeit im Gemach des Dichters
1955 2865 3100 2954 „Sehr gut kann es ihnen kaum gehen. Und nun dies
582 2895 1829 2962 auf. Um die Situation zu begreifen, muß der Zuschauer
1844 2937 3095 2996 große Mittagessen! Ich weiß nicht, wie sie es machen ....
578 2943 1841 3008 den psychologischen Kalkül nachrechnen und sich sagen: richtig,
1848 2980 3108 3048 Sieh doch einmal in Deiner Liste nach, was für den Freitag
581 2985 1837 3060 solch plötzlicher Entschluß war in ihrem Charakter wohl be¬
1845 3030 2080 3107 vorliegt.“
577 3026 1834 3092 gründet. Im Drama aber sollte, just in entgegengesetzter
1955 3059 3091 3137 Die Frau Präsident erhob sich und nahm ein großes,
574 3077 1829 3140 Weise, die Handlung als solche Licht auf die Charaktere
1840 3100 3102 3175 blau eingeschlagenes Heft, das auf ihrem Schreibtische lag.
567 3120 1829 3178 werfen; das allein wirkt überzeugend; bleibt Schnitzler auch
1954 3175 3108 3228 „Freitag, den 22. Februar, las sic, „Vorstandssitzung
569 3166 1840 3230 dem nachprüfenden Verstand gerecht, so schädigt er doch die
1854 3206 3104 3291 des Vaterländischen Frauen=Vereins, 12 Uhr, Komiteesitzung
569 3217 1833 3285 augenblickliche Illusion. Und Illusion zerstörend ist auch die
1857 3269 3108 3319 für die Frühstücksvertheilung armer Schulkinder 3 Uhr,
577 3271 1829 3329 zeitliche Zusammendrängung, die er geschaffen: all das geht in
1844 3308 3099 3356 Konferenz der Christlichen Vereinigung des Frauenbundes
567 3312 1839 3368 einer Nacht vor sich. Jeder folgende Akt scheint gegen den vor¬
1903 3353 3100 3399 Uhr, Konzert zum Besten des Pensionsfonds des
1848 3355 1908 3413 5
578 3360 1821 3418 hergehenden zurückzugreifen, oder es sind doch die Minuten so
1847 3399 3095 3448 Lehrerinnen=Vereins 8 Uhr, ferner zwei Einladungen zu
576 3412 1833 3469 ängstlich berechnet, daß der Zuschauer sich weiter vorgerückt
1850 3444 2029 3516 6 Uhr.“
567 3454 1825 3506 glaubte, bis ihm klar gemacht wird, daß der Zeiger in¬
1958 3477 2639 3562 „Sind wir irgendwo gebunden?“
572 3497 1830 3548 zwischen stillgestanden. In der dramatischen Handlung aber
1956 3527 3101 3603 „Zu den drei Sitzungen muß ich unter allen Um¬
580 3548 1837 3606 sollte sich die Zeitfolge nur aus den Geschehnissen selbst
1846 3576 3091 3648 ständen. Der Besuch des Konzerts wäre sehr wünschens¬
573 3585 1801 3650 ergeben. Auf der Bühne herrsche ideale, niche reale Zeit.
1835 3629 3094 3688 werth für uns beide. Die Kunstgenüsse werden mäßig sein..
691 3642 1832 3696 Wohl besitzt Schnitzler reiche Gestaltungskraft, aber er
1835 3679 2525 3757 aber der guten Sache wegen ..
579 3679 1838 3756 ist vielleicht allzu sehr Psychologe; er liebt die gedankliche
