3436 4384
321 342 1843 476 14. Der Schleier der Beatrice
1983 353 2433 463 box 20//1
914 1229 1351 1357 Telefon 12801.
2286 1279 2720 1401 Telefon 12801.
439 1339 1778 1444 Alex. Weigl's Unternehmen für Zeitunge-Ausschnitt
1754 1385 3176 1484 Alex. Weigl's Unternehmen für Zeitungs-Ausschnitte
1461 1419 1653 1484 Ausschnitt
2816 1464 3051 1537 Ausschnitt
772 1411 1421 1566 „OBSERVER“
1472 1477 3182 1636 Nr. 90 K 105: „OBSERVER“ Nr. 92
370 1530 3235 1688 L. ästerr. behördl. cone. Bureau für Zeitungsberichte u. Personalnachrie I. österr. behördl. conc. Bareau für Zeitungsberichte u. Personalnachrichten
545 1624 1667 1736 Wien, IX, Türkenstrasse 17.
1953 1676 3149 1768 Wien, IX. Türkenstrasse 1.
758 1693 1439 1795 — Filiale in Budapest: „Figyelé“
2151 1745 2855 1848 — Filiale in Budapest: „Figyelé“ —
374 1745 1766 1888 Vertretungen in Berlin, Chicago, Genf, Lundon, Newyork, Paris, Rom, Stock
1750 1814 3254 1923 Vertretungen in Berlin, Chicago, Genf, London, Newyork, Paris, Rom, Stockholm.
358 1864 907 1975 Ausschnitt aus:
950 1891 1527 2006 Seutsche Zeitt#
1768 1923 2306 2036 Ausschnitt aus:
2377 1940 2963 2086 Freindenblatt
511 1985 652 2080 22
338 2010 905 2125 vom 10#
1755 2059 2315 2173 von 4 ½ ( 00
2166 2329 2865 2440 Aus der Theaterwelt.
577 2380 1719 2505 Hinter dem „Schleier der Beatrice" steckt der ganze,
1782 2379 3195 2494 (Ein Pendant zum „Schleier der Beatrice“ im Burgtheater. —
485 2435 1420 2533 Ring der judischen Theaterstückfabrikanten.
1796 2432 3229 2536 Der Schleier der Elvira“ im Hofoperntheater. — Fräulein Edith
1791 2464 2489 2547 Walker als Dreyfus und Zola —
2469 2491 3223 2573 Aktuelle Toilette= und Rechtsfragen
1790 2509 3216 2608 im Theaterleben. — Was der Schoß der Zeiten und der Bräunerstraße
1783 2543 3216 2641 birgt. — Nibelungen=Spieler im Frack. — Amusante Orchester¬
1783 2578 2244 2660 sitten aus alter Zeit.
2291 2618 3222 2691 Aus den Memoiren eine braben Theater¬
1785 2626 3219 2754 administrators. — Englische Täuzerinnen im Carl=Theater. — Ein
2208 2678 2807 2754 Bekenntutß über das Ballet.)
1885 2709 3209 2813 Jawohl — auch das Hofoperntheater hat seine „Schleier"=Affaire!
1782 2759 3215 2859 Hie, auf dem Franzensring, „Der Schleier der Beatrice“, dort, auf dem 1
796 2780 1371 2879 Bezugs-Bedingungen.
1770 2802 3219 2909 Opernring, „Der Schleier der Elvira“, ein an dramatischen Wendungen
371 2828 1399 2944 Für 50 Zeitungsausschnitte (Artikel oder Notizen). Kr.
1779 2843 3214 2951 reicher, zum Mindesten so amufanter Rechtsfall wie die schon bekannte, in den
1389 2858 1523 2930 15.—
470 2884 574 2942 100
1386 2874 1739 2990 28 — inelusi:
1779 2897 3202 3002 Blättern ausführlichst besprochene Schletereansa Arthur Schnitzler's. Auch
458 2927 582 2983 200
1575 2943 1736 2994 Porto,
1389 2948 1523 3010 50.—
458 2966 583 3017 500
1784 2938 3207 3048 unser neuer „Schleier der Elvira“ hat — worauf wir mit Stolz verweisen rönnen —
1553 2972 1742 3044 Zahlba
1379 2992 1542 3062 110.—
397 2981 592 3078 „ 1000
1780 2996 3201 3104 ein dickes Aktenfaszikel mit allerlei offiziellen, halboffiziellen, intimen und ganz
1366 3021 1733 3105 200.— im Vora
1769 3034 3210 3114 intimen Papieren; ja es sind sogar nicht alle diese Briefe mit Tinte geschrieben.
464 3054 1714 3150 Im Gegensatze zu anderen Bureaux für Zeitungsausschn## ist
1782 3085 3206 3190 Einige zeigen nur auf flüchtigen Zetteln mit Bleistift hingeworfene Zeichen,
347 3100 1729 3196 Abonnement durch keine bestimmte Zeitdaner begrenzt; — auch steht es
1776 3130 3196 3248 Worte und Notizeu der pri satesten Art — wie man sie eben zur Mittheilung
349 3136 1652 3246 Abonnenten frei die aufgegebenen Themen zu ergänzen oder zu ändern.
1780 3180 3157 3284 für ... Millionen von Lestrn vorbereitet. Denn auch unser Rechtsfall spielt in
460 3223 1721 3308 Der „OBSERVER“ veranstaltet täglich einen Auszug enthaltend
1774 3229 3198 3359 jener Zeit, da man alle geheimen Dinge am geheimisten hält, wenn man se
339 3245 1719 3345 Inhaltsangabe aller wichtigen Mittheilungen der Wiener Morgi
1777 3281 2647 3359 gleich in die Zeitung glbt. Alsohin jüngster Zeit.
345 3308 1712 3396 blätter (Tagesjournale ausser „Neue Freie Presse“ und „Wiener Zeiru
1763 3315 3199 3390 Inhaltsangabe aller wichtigen Mittheilungen der Wiener Morgen¬
344 3354 1710 3434 wodurch eine Uebersicht über das gesammte politische und wirthschaftliche Lé
1764 3369 3204 3444 blätter (Tagesjon nale ausser „Neue Freie Presse“ und „Wiener Zeitung“)
344 3390 1703 3494 des In- und Auslandes in drastischer Kürze geboten wird. Diese Mittheiluf
1755 3411 3210 3474 wollurch eine Uebersicht über das gesammte politische und wirthschaftliche Leben
345 3431 1168 3517 werden in Wien um 9 Uhr Früh verschickt.
1765 3448 3223 3506 des In- und Auslar des in drastischer Kürze geboten wird. Diese Mittheilungen
1773 3488 2577 3568 werden in Wien um 9 Uhr Früh verschickt.
630 3513 1491 3617 Prospecte gratis und franc o.
2041 3550 2901 3662 Prospecte gratis und franco.
