<?xml version="1.0" encoding="UTF-8" standalone="yes"?>
<PcGts xmlns="http://schema.primaresearch.org/PAGE/gts/pagecontent/2013-07-15" xmlns:xsi="http://www.w3.org/2001/XMLSchema-instance" xsi:schemaLocation="http://schema.primaresearch.org/PAGE/gts/pagecontent/2013-07-15 http://schema.primaresearch.org/PAGE/gts/pagecontent/2013-07-15/pagecontent.xsd">
    <Metadata>
        <Creator>prov=University of Rostock/Institute of Mathematics/CITlab/Gundram Leifert/gundram.leifert@uni-rostock.de:name=ONB_Newseye_GT_M1+(htr_id=10810)::::v=2.4.2
prov=University of Rostock/Institute of Mathematics/CITlab/Tobias Gruening/tobias.gruening@uni-rostock.de:name=de.uros.citlab.module.baseline2polygon.B2PSeamMultiOriented:v=2.4.2
prov=University of Rostock/Institute of Mathematics/CITlab/Tobias Gruening/tobias.gruening@uni-rostock.de:name=/mnt/transkribus/LA/DEA/URO/LA_news_onb_att.pb:de.uros.citlab.segmentation.CITlab_LA_ML:v=2.4.2
Transkribus</Creator>
        <Created>2019-10-07T11:36:37.169+02:00</Created>
        <LastChange>2019-10-08T09:17:45.520+02:00</LastChange>
        <TranskribusMetadata docId="223979" pageId="9500876" pageNr="92" tsid="16509531" status="IN_PROGRESS" userId="40391" imgUrl="https://files.transkribus.eu/Get?id=XPAFHKZBOJXYAXUEXLWFOQQX&amp;fileType=view" xmlUrl="https://files.transkribus.eu/Get?id=MEZTUQVDEVZIFQGXJMDKUDSL" imageId="6191098"/>
    </Metadata>
    <Page imageFilename="223979_0092.jpeg" imageWidth="3436" imageHeight="4384">
        <ReadingOrder>
            <OrderedGroup id="ro_1711448990402" caption="Regions reading order">
                <RegionRefIndexed index="0" regionRef="r1"/>
            </OrderedGroup>
        </ReadingOrder>
        <TextRegion orientation="0.0" id="r1" custom="readingOrder {index:0;}">
            <Coords points="310,347 310,3603 2846,3603 2846,347"/>
            <TextLine id="r1l1" custom="readingOrder {index:0;}">
                <Coords points="1950,388 1983,381 2016,403 2111,399 2158,414 2226,393 2295,413 2316,392 2389,402 2390,324 2333,319 2303,340 2215,327 2177,343 2125,324 2090,345 2047,342 2017,316 1950,343"/>
                <Baseline points="1963,379 1988,380 2014,380 2040,381 2066,382 2092,383 2118,383 2144,384 2170,385 2196,386 2222,386 2248,386 2274,386 2300,384 2326,384 2352,382 2378,380"/>
                <TextEquiv>
                    <Unicode>box 20/1</Unicode>
                </TextEquiv>
            </TextLine>
            <TextLine id="r1l2" custom="readingOrder {index:1;}">
                <Coords points="298,381 1380,432 1820,404 1821,338 1658,325 300,310"/>
                <Baseline points="310,368 388,374 467,378 546,382 625,385 704,387 783,389 862,391 941,391 1020,392 1098,393 1177,393 1256,394 1335,394 1414,395 1493,396 1572,397 1651,398 1730,400 1809,403"/>
                <TextEquiv>
                    <Unicode>14. Der Schleiender Reatrice</Unicode>
                </TextEquiv>
            </TextLine>
            <TextLine id="r1l3" custom="readingOrder {index:2;}">
                <Coords points="1628,1375 1645,1378 1652,1371 1659,1376 1676,1372 1682,1379 1713,1380 1715,1333 1703,1333 1696,1337 1677,1322 1668,1322 1659,1315 1646,1321 1642,1316 1630,1316"/>
                <Baseline points="1640,1369 1671,1371 1702,1371"/>
                <TextEquiv>
                    <Unicode> 0</Unicode>
                </TextEquiv>
            </TextLine>
            <TextLine id="r1l4" custom="readingOrder {index:3;}">
                <Coords points="1146,1407 1174,1406 1191,1412 1207,1408 1226,1419 1240,1417 1245,1412 1261,1413 1264,1361 1252,1361 1246,1353 1234,1348 1222,1352 1218,1347 1203,1349 1196,1356 1182,1352 1149,1355"/>
                <Baseline points="1160,1385 1190,1387 1220,1388 1251,1390"/>
                <TextEquiv>
                    <Unicode>M </Unicode>
                </TextEquiv>
            </TextLine>
            <TextLine id="r1l5" custom="readingOrder {index:4;}">
                <Coords points="2542,1391 2611,1400 2670,1390 2689,1403 2779,1396 2830,1421 2859,1410 2860,1353 2844,1348 2799,1354 2766,1341 2749,1357 2725,1359 2674,1336 2629,1354 2582,1338 2544,1344"/>
                <Baseline points="2554,1392 2580,1391 2607,1390 2633,1390 2660,1390 2686,1391 2713,1393 2739,1394 2766,1395 2792,1397 2819,1397 2846,1398"/>
                <TextEquiv>
                    <Unicode> Det</Unicode>
                </TextEquiv>
            </TextLine>
            <TextLine id="r1l6" custom="readingOrder {index:5;}">
                <Coords points="2390,1443 2402,1442 2411,1447 2421,1439 2447,1438 2459,1443 2463,1438 2480,1437 2477,1350 2453,1348 2428,1366 2408,1350 2387,1350"/>
                <Baseline points="2400,1418 2433,1418 2466,1416"/>
                <TextEquiv>
                    <Unicode>1</Unicode>
                </TextEquiv>
            </TextLine>
            <TextLine id="r1l7" custom="readingOrder {index:6;}">
                <Coords points="931,1445 1837,1476 1906,1471 1908,1421 932,1400"/>
                <Baseline points="944,1435 991,1437 1039,1440 1086,1442 1134,1444 1181,1446 1229,1447 1276,1449 1324,1451 1371,1452 1419,1453 1466,1455 1514,1456 1561,1457 1609,1459 1656,1460 1704,1461 1751,1462 1799,1464 1846,1465 1894,1467"/>
                <TextEquiv>
                    <Unicode>mann der zwei Tage vor dem Franzosen im</Unicode>
                </TextEquiv>
            </TextLine>
            <TextLine id="r1l8" custom="readingOrder {index:7;}">
                <Coords points="1895,1460 2840,1499 2841,1447 2794,1441 1896,1429"/>
                <Baseline points="1907,1466 1953,1467 1999,1467 2045,1468 2091,1469 2137,1470 2183,1472 2229,1473 2275,1474 2321,1475 2368,1477 2414,1478 2460,1480 2506,1481 2552,1482 2598,1483 2644,1485 2690,1485 2736,1486 2782,1487 2829,1488"/>
                <TextEquiv>
                    <Unicode>wendende Geliebte durch ein neues Geschenk zu</Unicode>
                </TextEquiv>
            </TextLine>
            <TextLine id="r1l9" custom="readingOrder {index:8;}">
                <Coords points="935,1492 2848,1539 2753,1484 936,1454"/>
                <Baseline points="948,1482 1042,1486 1136,1490 1231,1493 1325,1497 1420,1500 1514,1502 1609,1505 1703,1508 1798,1510 1892,1512 1986,1515 2081,1517 2175,1519 2270,1521 2364,1523 2459,1525 2553,1527 2648,1529 2742,1531 2837,1533"/>
                <TextEquiv>
                    <Unicode>Raimundtheater mit seinem „Korporal fesseln, und wenn er auch mit dem in wahnsinniger</Unicode>
                </TextEquiv>
            </TextLine>
            <TextLine id="r1l10" custom="readingOrder {index:9;}">
                <Coords points="940,1535 1884,1568 1885,1523 1817,1506 1765,1533 1553,1498 941,1488"/>
                <Baseline points="952,1522 998,1525 1044,1528 1090,1530 1136,1531 1182,1534 1228,1536 1274,1537 1320,1538 1366,1540 1412,1541 1458,1543 1504,1544 1550,1545 1596,1546 1642,1547 1688,1548 1734,1550 1780,1551 1826,1552 1873,1554"/>
                <TextEquiv>
                    <Unicode>[Stöhr“ einen lebhaften Erfolg errang. Der</Unicode>
                </TextEquiv>
            </TextLine>
            <TextLine id="r1l11" custom="readingOrder {index:10;}">
                <Coords points="1891,1559 2760,1589 2840,1572 2841,1539 1892,1512"/>
                <Baseline points="1902,1563 1948,1561 1994,1560 2041,1559 2087,1559 2133,1559 2180,1560 2226,1560 2272,1561 2319,1562 2365,1564 2411,1565 2458,1567 2504,1568 2550,1569 2597,1571 2643,1573 2689,1574 2736,1575 2782,1576 2829,1577"/>
                <TextEquiv>
                    <Unicode>Wuthauf ihn Eindringenden um sein Leben ringen</Unicode>
                </TextEquiv>
            </TextLine>
            <TextLine id="r1l12" custom="readingOrder {index:11;}">
                <Coords points="938,1575 1880,1613 1882,1564 939,1537"/>
                <Baseline points="950,1570 996,1572 1042,1574 1088,1576 1134,1578 1180,1580 1226,1581 1272,1582 1318,1583 1364,1585 1410,1585 1456,1587 1502,1588 1548,1589 1594,1590 1640,1592 1686,1593 1732,1594 1778,1595 1824,1597 1870,1598"/>
                <TextEquiv>
                    <Unicode>Dichter des „Bartel Turaser“ und vieler schöner,</Unicode>
                </TextEquiv>
            </TextLine>
            <TextLine id="r1l13" custom="readingOrder {index:12;}">
                <Coords points="1887,1622 2054,1597 2799,1633 2847,1627 2848,1596 1889,1558"/>
                <Baseline points="1900,1603 1946,1602 1993,1602 2040,1602 2086,1602 2133,1603 2180,1604 2226,1605 2273,1606 2320,1608 2367,1610 2413,1611 2460,1613 2507,1614 2553,1616 2600,1617 2647,1618 2693,1620 2740,1620 2787,1621 2834,1621"/>
                <TextEquiv>
                    <Unicode>muß — er ist der Stärkere, weil er der Gute ist.</Unicode>
                </TextEquiv>
            </TextLine>
            <TextLine id="r1l14" custom="readingOrder {index:13;}">
                <Coords points="931,1626 1791,1653 1888,1639 1889,1606 932,1579"/>
                <Baseline points="944,1615 990,1618 1037,1621 1083,1623 1130,1625 1177,1626 1223,1627 1270,1629 1317,1630 1363,1630 1410,1632 1457,1632 1503,1633 1550,1634 1597,1634 1643,1635 1690,1636 1737,1637 1783,1638 1830,1640 1877,1642"/>
                <TextEquiv>
                    <Unicode>leider wenig gekannter Novellen ist voll Tempera¬</Unicode>
                </TextEquiv>
            </TextLine>
            <TextLine id="r1l15" custom="readingOrder {index:14;}">
                <Coords points="1890,1661 2818,1679 2855,1632 1891,1597"/>
                <Baseline points="1901,1644 1948,1645 1995,1647 2042,1648 2089,1649 2136,1650 2183,1651 2230,1652 2277,1653 2324,1654 2371,1656 2418,1656 2465,1657 2512,1659 2559,1660 2606,1661 2653,1662 2700,1664 2747,1665 2794,1667 2841,1668"/>
                <TextEquiv>
                    <Unicode>Er siegt. Dieses Vertrauen des Starken und Ge¬</Unicode>
                </TextEquiv>
            </TextLine>
            <TextLine id="r1l16" custom="readingOrder {index:15;}">
                <Coords points="937,1670 1886,1700 1888,1639 938,1632"/>
                <Baseline points="949,1664 995,1665 1041,1667 1087,1668 1134,1669 1180,1670 1226,1672 1272,1672 1319,1673 1365,1674 1411,1675 1457,1676 1504,1677 1550,1678 1596,1679 1642,1680 1689,1681 1735,1682 1781,1683 1827,1684 1874,1685"/>
                <TextEquiv>
                    <Unicode>ment. Ein unbeugsamer Optimist, liebt er das</Unicode>
                </TextEquiv>
            </TextLine>
            <TextLine id="r1l17" custom="readingOrder {index:16;}">
                <Coords points="1895,1702 2832,1727 2848,1680 1896,1654"/>
                <Baseline points="1907,1690 1953,1691 1999,1692 2046,1693 2092,1694 2139,1695 2185,1696 2231,1697 2278,1697 2324,1698 2371,1699 2417,1700 2463,1701 2510,1702 2556,1703 2603,1704 2649,1706 2695,1707 2742,1709 2788,1711 2835,1713"/>
                <TextEquiv>
                    <Unicode>sunden auf seine Kraft, auf den endlichen Sieg der</Unicode>
                </TextEquiv>
            </TextLine>
            <TextLine id="r1l18" custom="readingOrder {index:17;}">
                <Coords points="938,1715 1887,1738 1888,1683 939,1668"/>
                <Baseline points="949,1706 995,1708 1041,1709 1088,1710 1134,1712 1180,1713 1227,1714 1273,1716 1319,1718 1366,1719 1412,1720 1458,1722 1505,1723 1551,1724 1597,1725 1644,1726 1690,1727 1736,1728 1783,1729 1829,1729 1876,1729"/>
                <TextEquiv>
                    <Unicode>Gute, haßt das Schlechte und ist erfüllt von dem</Unicode>
                </TextEquiv>
            </TextLine>
            <TextLine id="r1l19" custom="readingOrder {index:18;}">
                <Coords points="1884,1746 2794,1766 2844,1760 2845,1717 1885,1709"/>
                <Baseline points="1896,1732 1942,1734 1989,1735 2036,1736 2083,1738 2130,1739 2177,1740 2223,1741 2270,1742 2317,1744 2364,1745 2411,1746 2458,1747 2505,1748 2551,1749 2598,1750 2645,1750 2692,1752 2739,1753 2786,1754 2833,1755"/>
                <TextEquiv>
                    <Unicode>Ordnung und Sittlichkeit muß auf jedes Theater¬</Unicode>
                </TextEquiv>
            </TextLine>
            <TextLine id="r1l20" custom="readingOrder {index:19;}">
                <Coords points="936,1749 1881,1778 1882,1733 1790,1726 937,1716"/>
                <Baseline points="949,1749 997,1751 1045,1753 1094,1754 1142,1756 1190,1757 1239,1759 1287,1760 1335,1762 1384,1764 1432,1765 1481,1766 1529,1768 1577,1769 1626,1770 1674,1771 1722,1772 1771,1773 1819,1774 1868,1774"/>
                <TextEquiv>
                    <Unicode>tiefen Mitleid mit allen Beladenen und Gedrückten.</Unicode>
                </TextEquiv>
            </TextLine>
            <TextLine id="r1l21" custom="readingOrder {index:20;}">
                <Coords points="1890,1780 2811,1812 2849,1811 2850,1780 2650,1749 1891,1739"/>
                <Baseline points="1902,1779 1948,1780 1995,1781 2042,1782 2089,1782 2135,1784 2182,1785 2229,1786 2276,1787 2322,1788 2369,1790 2416,1791 2463,1792 2509,1793 2556,1794 2603,1795 2650,1796 2696,1797 2743,1798 2790,1798 2837,1798"/>
                <TextEquiv>
                    <Unicode>publikum wirken und würde seine begeisterte Zu¬</Unicode>
                </TextEquiv>
            </TextLine>
            <TextLine id="r1l22" custom="readingOrder {index:21;}">
                <Coords points="941,1808 1891,1821 1890,1769 943,1753"/>
                <Baseline points="953,1794 999,1796 1045,1798 1092,1800 1138,1801 1184,1803 1231,1804 1277,1805 1323,1806 1370,1807 1416,1808 1462,1810 1509,1810 1555,1812 1601,1813 1648,1814 1694,1815 1740,1817 1787,1818 1833,1820 1880,1822"/>
                <TextEquiv>
                    <Unicode>Er ist nicht spöttisch und parteilos, kein kluger Kopf</Unicode>
                </TextEquiv>
            </TextLine>
            <TextLine id="r1l23" custom="readingOrder {index:22;}">
                <Coords points="1884,1842 2819,1857 2849,1811 1885,1787"/>
                <Baseline points="1896,1823 1945,1824 1994,1824 2044,1825 2093,1826 2143,1827 2192,1829 2241,1830 2291,1831 2340,1833 2390,1834 2439,1835 2489,1837 2538,1838 2587,1839 2637,1840 2686,1841 2736,1842 2785,1843 2835,1844"/>
                <TextEquiv>
                    <Unicode>stimmung auch dann haben, wenn die künstlerischen</Unicode>
                </TextEquiv>
            </TextLine>
            <TextLine id="r1l24" custom="readingOrder {index:23;}">
                <Coords points="942,1851 1700,1874 1736,1846 1775,1876 1889,1876 1874,1817 943,1809"/>
                <Baseline points="953,1841 999,1842 1045,1843 1091,1844 1138,1846 1184,1847 1230,1849 1276,1850 1323,1852 1369,1853 1415,1855 1461,1856 1508,1857 1554,1858 1600,1859 1646,1860 1693,1861 1739,1862 1785,1862 1831,1863 1878,1863"/>
                <TextEquiv>
                    <Unicode>und in entzückender Weise nicht „geistreich“. Aber</Unicode>
                </TextEquiv>
            </TextLine>
            <TextLine id="r1l25" custom="readingOrder {index:24;}">
                <Coords points="1887,1872 2819,1908 2835,1854 1887,1841"/>
                <Baseline points="1898,1865 1944,1866 1990,1867 2036,1867 2083,1869 2129,1870 2175,1871 2221,1872 2268,1874 2314,1875 2360,1877 2406,1879 2453,1880 2499,1882 2545,1883 2591,1885 2638,1885 2684,1887 2730,1888 2776,1888 2823,1889"/>
                <TextEquiv>
                    <Unicode>Qualitäten des Werkes nicht so achtunggebietende</Unicode>
                </TextEquiv>
            </TextLine>
            <TextLine id="r1l26" custom="readingOrder {index:25;}">
                <Coords points="938,1893 1888,1905 1888,1876 1830,1865 939,1853"/>
                <Baseline points="950,1886 996,1888 1042,1889 1088,1891 1135,1892 1181,1893 1227,1894 1274,1895 1320,1896 1366,1897 1413,1898 1459,1899 1505,1900 1551,1901 1598,1902 1644,1903 1690,1904 1737,1905 1783,1906 1829,1907 1876,1908"/>
                <TextEquiv>
                    <Unicode>in seinen Dichtungen sprudeln oft die verborgenen</Unicode>
                </TextEquiv>
            </TextLine>
            <TextLine id="r1l27" custom="readingOrder {index:26;}">
                <Coords points="1882,1924 2842,1929 2843,1898 2791,1890 1884,1865"/>
                <Baseline points="1894,1910 1940,1911 1987,1913 2034,1914 2081,1916 2127,1917 2174,1919 2221,1920 2268,1921 2314,1922 2361,1924 2408,1925 2455,1925 2501,1927 2548,1928 2595,1929 2642,1930 2688,1931 2735,1932 2782,1932 2829,1933"/>
                <TextEquiv>
                    <Unicode>wären. Mag sein, daß Langmanns Pathos manch¬</Unicode>
                </TextEquiv>
            </TextLine>
            <TextLine id="r1l28" custom="readingOrder {index:27;}">
                <Coords points="937,1948 1667,1963 1731,1941 1855,1970 1883,1921 938,1892"/>
                <Baseline points="948,1931 994,1932 1040,1932 1086,1933 1132,1934 1178,1936 1224,1937 1270,1938 1316,1940 1362,1941 1408,1943 1454,1944 1500,1946 1546,1947 1592,1948 1638,1949 1684,1950 1730,1951 1776,1951 1822,1952 1869,1952"/>
                <TextEquiv>
                    <Unicode>Quellen eines tiefen und edlen Gemüthes. Es ist</Unicode>
                </TextEquiv>
            </TextLine>
            <TextLine id="r1l29" custom="readingOrder {index:28;}">
                <Coords points="1881,1967 2821,1992 2841,1947 1882,1924"/>
                <Baseline points="1894,1957 1940,1958 1987,1959 2034,1960 2081,1961 2127,1962 2174,1963 2221,1964 2268,1964 2314,1965 2361,1966 2408,1967 2455,1968 2501,1969 2548,1970 2595,1971 2642,1973 2688,1974 2735,1975 2782,1977 2829,1979"/>
                <TextEquiv>
                    <Unicode>mal allzu stark ist und dadurch unseren Geschmack</Unicode>
                </TextEquiv>
            </TextLine>
            <TextLine id="r1l30" custom="readingOrder {index:29;}">
                <Coords points="923,1967 1860,2012 1877,1961 923,1941"/>
                <Baseline points="934,1975 980,1977 1027,1979 1073,1981 1120,1982 1166,1983 1213,1985 1259,1986 1306,1986 1352,1987 1399,1988 1445,1988 1492,1989 1538,1990 1585,1990 1631,1991 1678,1992 1724,1994 1771,1995 1817,1997 1864,1999"/>
                <TextEquiv>
                    <Unicode>eine heiße und werkthätige Liebe zum Volke in ihm,</Unicode>
                </TextEquiv>
            </TextLine>
            <TextLine id="r1l31" custom="readingOrder {index:30;}">
                <Coords points="1889,2016 2834,2024 2835,1981 1891,1964"/>
                <Baseline points="1901,2000 1947,2001 1993,2002 2039,2003 2085,2004 2131,2006 2177,2007 2223,2008 2269,2010 2315,2012 2362,2013 2408,2014 2454,2015 2500,2017 2546,2018 2592,2019 2638,2019 2684,2020 2730,2020 2776,2021 2823,2020"/>
                <TextEquiv>
                    <Unicode>verletzt; aber man empfindet deutlich, daß es immer</Unicode>
                </TextEquiv>
            </TextLine>
            <TextLine id="r1l32" custom="readingOrder {index:31;}">
                <Coords points="916,2017 1881,2052 1882,2002 917,1967"/>
                <Baseline points="926,2025 973,2023 1020,2023 1067,2022 1114,2023 1161,2023 1208,2024 1256,2025 1303,2027 1350,2028 1397,2030 1444,2032 1491,2034 1538,2035 1586,2037 1633,2038 1680,2039 1727,2040 1774,2040 1821,2040 1869,2040"/>
                <TextEquiv>
                    <Unicode>zum Volke, aus dem er aufgewachsen ist und dessen</Unicode>
                </TextEquiv>
            </TextLine>
            <TextLine id="r1l33" custom="readingOrder {index:32;}">
                <Coords points="1884,2051 2817,2080 2832,2042 1885,2004"/>
                <Baseline points="1896,2045 1942,2046 1988,2046 2034,2048 2080,2049 2126,2050 2172,2051 2219,2052 2265,2053 2311,2054 2357,2056 2403,2057 2449,2058 2495,2059 2542,2060 2588,2061 2634,2062 2680,2063 2726,2063 2772,2064 2819,2064"/>
                <TextEquiv>
                    <Unicode>rein und ohne spekulative Nebenabsichten ist. Und</Unicode>
                </TextEquiv>
            </TextLine>
            <TextLine id="r1l34" custom="readingOrder {index:33;}">
                <Coords points="929,2055 1132,2087 1805,2098 1866,2097 1868,2048 930,2025"/>
                <Baseline points="940,2062 985,2063 1031,2064 1077,2065 1123,2066 1168,2068 1214,2070 1260,2071 1306,2073 1351,2074 1397,2076 1443,2078 1489,2079 1534,2080 1580,2082 1626,2083 1672,2084 1717,2085 1763,2085 1809,2086 1855,2086"/>
                <TextEquiv>
                    <Unicode>Herzschlag er hört. Wenn ihm wieder der sichere</Unicode>
                </TextEquiv>
            </TextLine>
            <TextLine id="r1l35" custom="readingOrder {index:34;}">
                <Coords points="1893,2096 2784,2114 2835,2142 2837,2075 1894,2053"/>
                <Baseline points="1906,2088 1951,2090 1997,2091 2043,2092 2089,2094 2135,2095 2181,2096 2226,2097 2272,2098 2318,2098 2364,2099 2410,2101 2456,2101 2502,2102 2547,2103 2593,2105 2639,2106 2685,2107 2731,2109 2777,2110 2823,2112"/>
                <TextEquiv>
                    <Unicode>wenn auch das „naturalistische Armeleutstück“ als</Unicode>
                </TextEquiv>
            </TextLine>
            <TextLine id="r1l36" custom="readingOrder {index:35;}">
                <Coords points="943,2109 1881,2143 1863,2090 944,2071"/>
                <Baseline points="954,2109 999,2111 1045,2112 1091,2114 1136,2115 1182,2116 1228,2118 1273,2119 1319,2120 1365,2121 1411,2122 1456,2123 1502,2124 1548,2124 1593,2125 1639,2126 1685,2127 1730,2127 1776,2128 1822,2128 1868,2129"/>
                <TextEquiv>
                    <Unicode>Griff in der Stoffwahl glückt wie in seinem prächt¬</Unicode>
                </TextEquiv>
            </TextLine>
            <TextLine id="r1l37" custom="readingOrder {index:36;}">
                <Coords points="1885,2133 2757,2153 2663,2110 1886,2093"/>
                <Baseline points="1896,2133 1938,2135 1980,2136 2023,2138 2065,2139 2108,2141 2150,2142 2192,2143 2235,2144 2277,2146 2320,2146 2362,2147 2404,2148 2447,2149 2489,2150 2532,2151 2574,2152 2616,2153 2659,2154 2701,2155 2744,2156"/>
                <TextEquiv>
                    <Unicode>Modesache gottlob abgewirthschaftet hat,</Unicode>
                </TextEquiv>
            </TextLine>
            <TextLine id="r1l38" custom="readingOrder {index:37;}">
                <Coords points="936,2155 1869,2193 1851,2138 1043,2132 937,2106"/>
                <Baseline points="949,2156 994,2156 1039,2156 1085,2157 1130,2157 1176,2159 1221,2160 1267,2161 1312,2162 1358,2163 1403,2165 1448,2166 1494,2167 1539,2168 1585,2169 1630,2171 1676,2171 1721,2172 1767,2173 1812,2173 1858,2173"/>
                <TextEquiv>
                    <Unicode>igen „Turaser“, so ist er der berufene Volksdichter,</Unicode>
                </TextEquiv>
            </TextLine>
            <TextLine id="r1l39" custom="readingOrder {index:38;}">
                <Coords points="1885,2179 2847,2195 2848,2147 1887,2134"/>
                <Baseline points="1897,2175 1946,2176 1995,2177 2045,2179 2094,2181 2144,2182 2193,2184 2242,2185 2292,2186 2341,2188 2391,2189 2440,2190 2490,2191 2539,2193 2588,2194 2638,2195 2687,2196 2737,2197 2786,2198 2836,2199"/>
                <TextEquiv>
                    <Unicode>brauchen wir deswegen doch ein echtes Volksstück für</Unicode>
                </TextEquiv>
            </TextLine>
            <TextLine id="r1l40" custom="readingOrder {index:39;}">
                <Coords points="931,2224 1049,2201 1854,2237 1872,2185 932,2149"/>
                <Baseline points="942,2197 987,2199 1033,2201 1079,2202 1125,2204 1171,2205 1217,2206 1262,2207 1308,2208 1354,2209 1400,2210 1446,2211 1492,2211 1538,2213 1583,2213 1629,2214 1675,2216 1721,2217 1767,2218 1813,2220 1859,2222"/>
                <TextEquiv>
                    <Unicode>denn er hat alle Eigenschaften, um volksthümlich</Unicode>
                </TextEquiv>
            </TextLine>
            <TextLine id="r1l41" custom="readingOrder {index:40;}">
                <Coords points="1880,2231 2835,2254 2813,2201 1882,2184"/>
                <Baseline points="1892,2221 1938,2221 1985,2222 2031,2223 2078,2224 2124,2225 2171,2226 2217,2228 2264,2229 2310,2231 2357,2232 2404,2233 2450,2235 2497,2236 2543,2239 2590,2240 2636,2242 2683,2244 2729,2245 2776,2247 2823,2248"/>
                <TextEquiv>
                    <Unicode>das naive Publikum unserer Vorstadtbühnen. Und</Unicode>
                </TextEquiv>
            </TextLine>
            <TextLine id="r1l42" custom="readingOrder {index:41;}">
                <Coords points="932,2251 1820,2277 1874,2271 1875,2238 933,2197"/>
                <Baseline points="944,2244 989,2245 1035,2246 1081,2247 1127,2249 1173,2250 1219,2251 1265,2252 1311,2253 1357,2254 1403,2255 1448,2256 1494,2257 1540,2258 1586,2259 1632,2260 1678,2261 1724,2261 1770,2262 1816,2263 1862,2263"/>
                <TextEquiv>
                    <Unicode>zu sein: eine große Innigkeit, einen fast naiven</Unicode>
                </TextEquiv>
            </TextLine>
            <TextLine id="r1l43" custom="readingOrder {index:42;}">
                <Coords points="1875,2281 2840,2282 2840,2253 2722,2241 1877,2222"/>
                <Baseline points="1888,2266 1937,2267 1986,2268 2036,2269 2085,2270 2135,2271 2184,2272 2233,2273 2283,2274 2332,2276 2382,2277 2431,2279 2481,2280 2530,2282 2579,2283 2629,2284 2678,2285 2728,2286 2777,2288 2827,2289"/>
                <TextEquiv>
                    <Unicode>wie erfreulich ist es, daß wieder — zum ersten Male</Unicode>
                </TextEquiv>
            </TextLine>
            <TextLine id="r1l44" custom="readingOrder {index:43;}">
                <Coords points="933,2285 1873,2322 1853,2270 934,2252"/>
                <Baseline points="944,2283 989,2285 1035,2287 1081,2289 1127,2291 1173,2292 1218,2293 1264,2295 1310,2296 1356,2297 1402,2298 1447,2299 1493,2301 1539,2302 1585,2303 1631,2304 1676,2305 1722,2306 1768,2307 1814,2308 1860,2309"/>
                <TextEquiv>
                    <Unicode>Glauben an die Menschen und jenes feine Ohr, das</Unicode>
                </TextEquiv>
            </TextLine>
            <TextLine id="r1l45" custom="readingOrder {index:44;}">
                <Coords points="1877,2317 2772,2356 2829,2341 2831,2291 1879,2273"/>
                <Baseline points="1890,2308 1936,2309 1982,2311 2029,2312 2075,2313 2121,2315 2168,2316 2214,2316 2260,2317 2307,2318 2353,2319 2399,2320 2446,2321 2492,2323 2538,2324 2585,2326 2631,2328 2677,2329 2724,2331 2770,2333 2817,2336"/>
                <TextEquiv>
                    <Unicode>seit Anzengruber — ein Dichter diese künstler¬</Unicode>
                </TextEquiv>
            </TextLine>
            <TextLine id="r1l46" custom="readingOrder {index:45;}">
                <Coords points="937,2335 2557,2387 2664,2382 2665,2335 938,2286"/>
                <Baseline points="950,2327 1035,2330 1120,2334 1205,2336 1290,2339 1375,2342 1460,2344 1546,2346 1631,2349 1716,2351 1801,2353 1886,2355 1971,2357 2056,2359 2142,2360 2227,2362 2312,2365 2397,2366 2482,2369 2567,2371 2653,2373"/>
                <TextEquiv>
                    <Unicode>Seelen zu behorchen versteht. Laut, fast lärmend ischen Bedürfnisse der Massen befriedigt.</Unicode>
                </TextEquiv>
            </TextLine>
            <TextLine id="r1l47" custom="readingOrder {index:46;}">
                <Coords points="933,2374 1740,2408 1868,2400 1869,2364 934,2334"/>
                <Baseline points="945,2374 990,2375 1036,2376 1081,2377 1127,2378 1173,2379 1218,2381 1264,2382 1309,2384 1355,2385 1401,2387 1446,2388 1492,2389 1537,2391 1583,2392 1629,2393 1674,2394 1720,2395 1765,2395 1811,2396 1857,2396"/>
                <TextEquiv>
                    <Unicode>sind seine Stücke, und durch ihre Häufung von wil¬</Unicode>
                </TextEquiv>
            </TextLine>
            <TextLine id="r1l48" custom="readingOrder {index:47;}">
                <Coords points="1917,2414 2831,2437 2832,2385 2769,2365 2593,2387 1918,2364"/>
                <Baseline points="1930,2406 1974,2405 2019,2405 2063,2405 2108,2405 2152,2406 2197,2407 2241,2408 2286,2409 2330,2410 2375,2412 2419,2413 2464,2414 2508,2415 2553,2416 2597,2417 2642,2418 2686,2419 2731,2419 2775,2419 2820,2419"/>
                <TextEquiv>
                    <Unicode>Für die modernen Franzosen wäre Lukas Stöhr</Unicode>
                </TextEquiv>
            </TextLine>
            <TextLine id="r1l49" custom="readingOrder {index:48;}">
                <Coords points="931,2428 1869,2450 1870,2405 1842,2402 933,2381"/>
                <Baseline points="944,2417 989,2419 1035,2421 1081,2423 1126,2424 1172,2426 1218,2428 1263,2429 1309,2430 1355,2432 1401,2433 1446,2434 1492,2436 1538,2437 1583,2438 1629,2438 1675,2439 1720,2440 1766,2440 1812,2440 1858,2440"/>
                <TextEquiv>
                    <Unicode>den Thaten mögen sie schwächlichen und überkulti¬</Unicode>
                </TextEquiv>
            </TextLine>
            <TextLine id="r1l50" custom="readingOrder {index:49;}">
                <Coords points="1880,2443 2822,2480 2823,2430 2741,2423 1881,2400"/>
                <Baseline points="1892,2444 1940,2444 1988,2445 2037,2446 2085,2447 2133,2448 2182,2450 2230,2451 2278,2452 2327,2453 2375,2455 2424,2457 2472,2458 2520,2460 2569,2462 2617,2463 2665,2465 2714,2466 2762,2468 2811,2470"/>
                <TextEquiv>
                    <Unicode>ein Gimpel, ein „jobard“. So heißt eine Komödie</Unicode>
                </TextEquiv>
            </TextLine>
            <TextLine id="r1l51" custom="readingOrder {index:50;}">
                <Coords points="933,2470 1837,2498 1866,2494 1867,2456 934,2425"/>
                <Baseline points="944,2461 989,2463 1034,2465 1080,2467 1125,2468 1171,2470 1216,2472 1262,2473 1307,2475 1353,2476 1398,2478 1443,2479 1489,2480 1534,2481 1580,2482 1625,2483 1671,2484 1716,2485 1762,2485 1807,2486 1853,2486"/>
                <TextEquiv>
                    <Unicode>virten Menschen manchmal vielleicht nicht mit Un¬</Unicode>
                </TextEquiv>
            </TextLine>
            <TextLine id="r1l52" custom="readingOrder {index:51;}">
                <Coords points="1883,2498 2820,2529 2822,2477 1884,2446"/>
                <Baseline points="1894,2489 1939,2489 1985,2489 2031,2490 2076,2490 2122,2491 2168,2493 2213,2494 2259,2495 2305,2497 2351,2498 2396,2500 2442,2501 2488,2503 2533,2505 2579,2506 2625,2507 2670,2508 2716,2509 2762,2510 2808,2510"/>
                <TextEquiv>
                    <Unicode>von Guinon und Denier, die bei einem</Unicode>
                </TextEquiv>
            </TextLine>
            <TextLine id="r1l53" custom="readingOrder {index:52;}">
                <Coords points="929,2513 1864,2539 1865,2494 1776,2484 930,2470"/>
                <Baseline points="940,2507 985,2508 1031,2509 1076,2510 1122,2512 1168,2513 1213,2514 1259,2516 1305,2517 1350,2519 1396,2520 1442,2522 1487,2523 1533,2525 1579,2526 1624,2527 1670,2528 1716,2529 1761,2529 1807,2530 1853,2530"/>
                <TextEquiv>
                    <Unicode>recht melodramatisch und allzu derb scheinen. Aber</Unicode>
                </TextEquiv>
            </TextLine>
            <TextLine id="r1l54" custom="readingOrder {index:53;}">
                <Coords points="1880,2539 2722,2572 2824,2553 2825,2520 1880,2494"/>
                <Baseline points="1892,2535 1938,2535 1984,2535 2030,2536 2076,2537 2122,2537 2168,2539 2214,2540 2260,2542 2306,2543 2352,2544 2398,2546 2444,2547 2490,2548 2536,2549 2582,2550 2628,2551 2674,2551 2720,2551 2766,2551 2813,2550"/>
                <TextEquiv>
                    <Unicode>„literarischen Abend“ im Theater in der</Unicode>
                </TextEquiv>
            </TextLine>
            <TextLine id="r1l55" custom="readingOrder {index:54;}">
                <Coords points="898,2576 1012,2553 1572,2569 1864,2610 1866,2542 1831,2534 900,2517"/>
                <Baseline points="910,2553 957,2553 1004,2554 1051,2555 1098,2556 1145,2556 1192,2558 1240,2559 1287,2561 1334,2562 1381,2563 1428,2565 1475,2567 1522,2568 1570,2570 1617,2571 1664,2573 1711,2574 1758,2575 1805,2576 1853,2577"/>
                <TextEquiv>
                    <Unicode>das Volk braucht keine zarte und feine, sondern</Unicode>
                </TextEquiv>
            </TextLine>
            <TextLine id="r1l56" custom="readingOrder {index:55;}">
                <Coords points="1871,2588 2830,2613 2820,2549 2470,2547 2441,2571 2397,2546 1872,2543"/>
                <Baseline points="1884,2579 1930,2578 1977,2579 2024,2579 2071,2580 2117,2582 2164,2583 2211,2585 2258,2587 2304,2589 2351,2590 2398,2592 2445,2593 2491,2594 2538,2595 2585,2595 2632,2595 2678,2594 2725,2592 2772,2590 2819,2587"/>
                <TextEquiv>
                    <Unicode>Josefstadt wenig gefiel. „Die Dummen“</Unicode>
                </TextEquiv>
            </TextLine>
            <TextLine id="r1l57" custom="readingOrder {index:56;}">
                <Coords points="899,2602 934,2617 993,2601 1369,2616 1402,2605 1403,2548 1332,2571 1013,2554 952,2558 930,2579 899,2572"/>
                <Baseline points="911,2602 936,2601 961,2600 986,2600 1012,2599 1037,2600 1062,2600 1087,2601 1113,2601 1138,2602 1163,2603 1188,2604 1214,2605 1239,2605 1264,2606 1289,2606 1315,2606 1340,2605 1365,2604 1391,2603"/>
                <TextEquiv>
                    <Unicode>derbe und kräftige Kost.</Unicode>
                </TextEquiv>
            </TextLine>
            <TextLine id="r1l58" custom="readingOrder {index:57;}">
                <Coords points="1882,2619 2701,2655 2831,2642 2832,2616 1883,2593"/>
                <Baseline points="1893,2612 1939,2615 1985,2618 2031,2620 2078,2622 2124,2625 2170,2626 2217,2628 2263,2629 2309,2631 2356,2633 2402,2634 2448,2635 2494,2636 2541,2637 2587,2639 2633,2639 2680,2641 2726,2642 2772,2643 2819,2644"/>
                <TextEquiv>
                    <Unicode>— das sind die moralisch Bedenklichen, die Anständ¬</Unicode>
                </TextEquiv>
            </TextLine>
            <TextLine id="r1l59" custom="readingOrder {index:58;}">
                <Coords points="954,2640 1856,2679 1858,2617 955,2607"/>
                <Baseline points="967,2638 1010,2640 1054,2642 1098,2643 1142,2645 1186,2646 1230,2648 1274,2649 1318,2650 1362,2651 1406,2653 1449,2654 1493,2655 1537,2656 1581,2657 1625,2658 1669,2660 1713,2662 1757,2663 1801,2664 1845,2666"/>
                <TextEquiv>
                    <Unicode>Vom Militär kommt Lukas Stöhr in sein armes</Unicode>
                </TextEquiv>
            </TextLine>
            <TextLine id="r1l60" custom="readingOrder {index:59;}">
                <Coords points="1871,2661 2806,2706 2836,2704 2838,2657 1872,2628"/>
                <Baseline points="1882,2666 1929,2667 1976,2667 2023,2668 2070,2669 2117,2670 2164,2671 2212,2672 2259,2673 2306,2674 2353,2675 2400,2676 2447,2678 2494,2679 2542,2680 2589,2682 2636,2683 2683,2685 2730,2686 2777,2688 2825,2690"/>
                <TextEquiv>
                    <Unicode>igen, die von den Skrupelloseren überall verdrängt</Unicode>
                </TextEquiv>
            </TextLine>
            <TextLine id="r1l61" custom="readingOrder {index:60;}">
                <Coords points="913,2693 1737,2721 1865,2715 1866,2685 914,2645"/>
                <Baseline points="925,2686 971,2686 1017,2686 1064,2687 1110,2688 1156,2689 1203,2690 1249,2692 1295,2695 1342,2696 1388,2699 1434,2701 1481,2702 1527,2704 1573,2706 1620,2707 1666,2708 1712,2709 1759,2709 1805,2708 1852,2708"/>
                <TextEquiv>
                    <Unicode>mährisches Walddorf heim. Er hat sich brav gehal¬</Unicode>
                </TextEquiv>
            </TextLine>
            <TextLine id="r1l62" custom="readingOrder {index:61;}">
                <Coords points="1868,2726 2794,2742 2826,2696 1869,2679"/>
                <Baseline points="1881,2712 1927,2712 1974,2712 2020,2713 2067,2713 2114,2715 2160,2716 2207,2717 2253,2719 2300,2721 2347,2723 2393,2724 2440,2726 2486,2728 2533,2729 2580,2730 2626,2731 2673,2732 2719,2732 2766,2732 2813,2731"/>
                <TextEquiv>
                    <Unicode>werden. Manche hübsche satirische Absicht ist be¬</Unicode>
                </TextEquiv>
            </TextLine>
            <TextLine id="r1l63" custom="readingOrder {index:62;}">
                <Coords points="927,2737 1868,2758 1869,2718 1831,2712 929,2692"/>
                <Baseline points="939,2732 984,2733 1030,2733 1076,2734 1122,2735 1168,2737 1214,2738 1259,2739 1305,2741 1351,2743 1397,2744 1443,2745 1489,2747 1535,2748 1580,2749 1626,2750 1672,2751 1718,2751 1764,2752 1810,2752 1856,2751"/>
                <TextEquiv>
                    <Unicode>ten, und stark ist in ihm das Bewußtsein, daß Ge¬</Unicode>
                </TextEquiv>
            </TextLine>
            <TextLine id="r1l64" custom="readingOrder {index:63;}">
                <Coords points="1867,2750 2769,2792 2827,2748 1868,2720"/>
                <Baseline points="1879,2756 1925,2755 1972,2755 2019,2756 2065,2756 2112,2758 2159,2759 2205,2760 2252,2762 2299,2764 2346,2766 2392,2768 2439,2769 2486,2771 2532,2772 2579,2774 2626,2775 2672,2775 2719,2775 2766,2775 2813,2774"/>
                <TextEquiv>
                    <Unicode>merkbar versinkt aber in einem Meer von Lang¬</Unicode>
                </TextEquiv>
            </TextLine>
            <TextLine id="r1l65" custom="readingOrder {index:64;}">
                <Coords points="915,2784 1867,2805 1868,2758 1776,2751 917,2734"/>
                <Baseline points="928,2774 974,2775 1020,2776 1067,2778 1113,2779 1160,2780 1206,2781 1252,2783 1299,2784 1345,2785 1392,2787 1438,2788 1484,2790 1531,2791 1577,2792 1624,2793 1670,2794 1716,2796 1763,2797 1809,2798 1856,2799"/>
                <TextEquiv>
                    <Unicode>setz und Ordnung über den Menschen sein müssen.</Unicode>
                </TextEquiv>
            </TextLine>
            <TextLine id="r1l66" custom="readingOrder {index:65;}">
                <Coords points="1868,2800 2824,2843 2826,2775 1869,2751"/>
                <Baseline points="1880,2797 1926,2798 1973,2799 2019,2801 2066,2802 2113,2803 2159,2805 2206,2806 2253,2808 2299,2809 2346,2811 2393,2812 2439,2813 2486,2815 2533,2816 2579,2817 2626,2818 2673,2819 2719,2820 2766,2820 2813,2821"/>
                <TextEquiv>
                    <Unicode>weile. In Paris ist die Tugend fast immer lang¬</Unicode>
                </TextEquiv>
            </TextLine>
            <TextLine id="r1l67" custom="readingOrder {index:66;}">
                <Coords points="921,2824 1861,2850 1862,2808 1820,2800 922,2784"/>
                <Baseline points="933,2818 978,2818 1024,2819 1070,2821 1116,2822 1161,2823 1207,2824 1253,2826 1299,2827 1344,2829 1390,2830 1436,2832 1482,2833 1527,2834 1573,2835 1619,2837 1665,2838 1710,2839 1756,2840 1802,2840 1848,2841"/>
                <TextEquiv>
                    <Unicode>Aber in Unordnung und Zuchtlosigkeit findet er die</Unicode>
                </TextEquiv>
            </TextLine>
            <TextLine id="r1l68" custom="readingOrder {index:67;}">
                <Coords points="1874,2848 2660,2899 2836,2874 2837,2838 2738,2823 1876,2805"/>
                <Baseline points="1887,2845 1933,2845 1980,2845 2027,2846 2074,2846 2121,2847 2167,2848 2214,2848 2261,2850 2308,2851 2355,2852 2401,2854 2448,2855 2495,2857 2542,2859 2589,2862 2635,2864 2682,2866 2729,2870 2776,2873 2823,2876"/>
                <TextEquiv>
                    <Unicode>weilig. So rächen sich dort die Dramatiker an ihr,</Unicode>
                </TextEquiv>
            </TextLine>
            <TextLine id="r1l69" custom="readingOrder {index:68;}">
                <Coords points="913,2858 1862,2910 1843,2846 915,2818"/>
                <Baseline points="925,2860 971,2861 1017,2862 1063,2864 1110,2865 1156,2867 1202,2869 1248,2870 1295,2872 1341,2874 1387,2875 1433,2877 1480,2879 1526,2880 1572,2882 1618,2883 1665,2884 1711,2885 1757,2886 1803,2886 1850,2886"/>
                <TextEquiv>
                    <Unicode>Seinen! Der Vater ist todt, und die Mutter eilt</Unicode>
                </TextEquiv>
            </TextLine>
            <TextLine id="r1l70" custom="readingOrder {index:69;}">
                <Coords points="1863,2923 1898,2924 1962,2889 2362,2911 2362,2874 2293,2878 2268,2856 1864,2850"/>
                <Baseline points="1874,2891 1899,2892 1924,2892 1949,2893 1974,2893 1999,2893 2024,2893 2049,2893 2074,2893 2099,2894 2124,2894 2149,2894 2174,2894 2199,2894 2224,2894 2249,2895 2274,2895 2299,2896 2324,2896 2349,2898"/>
                <TextEquiv>
                    <Unicode>wetl sie nichts einträgt...</Unicode>
                </TextEquiv>
            </TextLine>
            <TextLine id="r1l71" custom="readingOrder {index:70;}">
                <Coords points="915,2912 1862,2943 1863,2898 1800,2889 916,2883"/>
                <Baseline points="926,2907 972,2908 1018,2909 1064,2911 1110,2912 1157,2913 1203,2915 1249,2916 1295,2917 1341,2919 1388,2921 1434,2922 1480,2923 1526,2925 1572,2926 1619,2927 1665,2928 1711,2929 1757,2930 1803,2931 1850,2931"/>
                <TextEquiv>
                    <Unicode>mit „schnöder Hast“ zu einem neuen Ehebunde.</Unicode>
                </TextEquiv>
            </TextLine>
            <TextLine id="r1l72" custom="readingOrder {index:71;}">
                <Coords points="1900,2934 2835,2966 2837,2900 1901,2896"/>
                <Baseline points="1911,2932 1956,2932 2002,2932 2047,2933 2093,2934 2139,2936 2184,2937 2230,2939 2275,2940 2321,2942 2367,2944 2412,2946 2458,2948 2503,2949 2549,2951 2595,2952 2640,2952 2686,2953 2731,2953 2777,2953 2823,2951"/>
                <TextEquiv>
                    <Unicode>Alle diese Novitäten unserer Bühnen sind mo¬</Unicode>
                </TextEquiv>
            </TextLine>
            <TextLine id="r1l73" custom="readingOrder {index:72;}">
                <Coords points="905,2958 1862,2988 1863,2941 1828,2935 906,2915"/>
                <Baseline points="918,2955 964,2955 1011,2955 1057,2956 1104,2956 1151,2957 1197,2958 1244,2959 1290,2961 1337,2962 1384,2964 1430,2965 1477,2967 1523,2968 1570,2970 1617,2971 1663,2973 1710,2974 1756,2975 1803,2976 1850,2977"/>
                <TextEquiv>
                    <Unicode>Aber Lukas Stöhr ist kein mährischer Hamlet, der</Unicode>
                </TextEquiv>
            </TextLine>
            <TextLine id="r1l74" custom="readingOrder {index:73;}">
                <Coords points="1871,2974 2683,3010 2811,2997 2813,2950 1873,2927"/>
                <Baseline points="1883,2978 1928,2978 1974,2978 2020,2978 2066,2979 2112,2981 2157,2982 2203,2984 2249,2986 2295,2988 2341,2990 2386,2992 2432,2994 2478,2996 2524,2997 2570,2998 2615,3000 2661,3000 2707,3001 2753,3001 2799,3000"/>
                <TextEquiv>
                    <Unicode>dern, ob sie an einem kleinen Fürstenhof, wie im</Unicode>
                </TextEquiv>
            </TextLine>
            <TextLine id="r1l75" custom="readingOrder {index:74;}">
                <Coords points="913,2998 1742,3033 1855,3024 1856,2979 914,2951"/>
                <Baseline points="925,2998 973,2998 1021,2999 1070,3000 1118,3001 1166,3002 1215,3003 1263,3004 1311,3006 1360,3007 1408,3009 1457,3010 1505,3012 1553,3013 1602,3015 1650,3016 1698,3017 1747,3019 1795,3020 1844,3021"/>
                <TextEquiv>
                    <Unicode>kraftlos vor der Aufgabe zurückhebt, seine aus den</Unicode>
                </TextEquiv>
            </TextLine>
            <TextLine id="r1l76" custom="readingOrder {index:75;}">
                <Coords points="1866,3048 2067,3024 2747,3052 2828,3025 2829,2988 2557,3014 1868,2970"/>
                <Baseline points="1879,3027 1925,3025 1972,3024 2019,3023 2066,3024 2113,3024 2160,3026 2207,3028 2254,3031 2301,3033 2348,3036 2394,3038 2441,3040 2488,3042 2535,3043 2582,3044 2629,3043 2676,3042 2723,3040 2770,3037 2817,3032"/>
                <TextEquiv>
                    <Unicode>„Schatten“, in Pariser Boudoirs wie „La veine“.</Unicode>
                </TextEquiv>
            </TextLine>
            <TextLine id="r1l77" custom="readingOrder {index:76;}">
                <Coords points="905,3043 1701,3076 1836,3070 1858,3043 906,3000"/>
                <Baseline points="917,3042 963,3042 1009,3043 1056,3044 1102,3045 1149,3046 1195,3047 1241,3048 1288,3049 1334,3051 1381,3052 1427,3053 1473,3055 1520,3056 1566,3057 1613,3059 1659,3061 1705,3061 1752,3063 1798,3065 1845,3066"/>
                <TextEquiv>
                    <Unicode>Fugen gegangene Welt wieder einzurenken. Den</Unicode>
                </TextEquiv>
            </TextLine>
            <TextLine id="r1l78" custom="readingOrder {index:77;}">
                <Coords points="1870,3068 2825,3089 2812,3025 2596,3057 1871,3028"/>
                <Baseline points="1881,3067 1927,3067 1974,3068 2020,3069 2067,3069 2113,3071 2160,3072 2206,3074 2253,3075 2299,3077 2346,3078 2393,3080 2439,3081 2486,3083 2532,3084 2579,3085 2625,3085 2672,3086 2718,3085 2765,3085 2812,3084"/>
                <TextEquiv>
                    <Unicode>oder in einem dürftigen Dorfe wie „Korporal</Unicode>
                </TextEquiv>
            </TextLine>
            <TextLine id="r1l79" custom="readingOrder {index:78;}">
                <Coords points="909,3088 1858,3115 1845,3065 910,3043"/>
                <Baseline points="921,3084 967,3085 1013,3087 1059,3088 1106,3089 1152,3090 1198,3092 1244,3093 1291,3094 1337,3096 1383,3098 1429,3098 1476,3100 1522,3102 1568,3103 1614,3104 1661,3105 1707,3106 1753,3107 1799,3108 1846,3108"/>
                <TextEquiv>
                    <Unicode>Freier der Mutter jagt er in schöner Entrüstung aus</Unicode>
                </TextEquiv>
            </TextLine>
            <TextLine id="r1l80" custom="readingOrder {index:79;}">
                <Coords points="1866,3113 2700,3147 2833,3122 2815,3088 1868,3068"/>
                <Baseline points="1879,3108 1926,3109 1973,3111 2020,3113 2067,3114 2114,3116 2161,3117 2208,3119 2255,3120 2302,3122 2349,3123 2396,3124 2443,3126 2490,3127 2537,3128 2584,3129 2631,3131 2678,3132 2725,3133 2772,3134 2820,3135"/>
                <TextEquiv>
                    <Unicode>Stöhr“ spielen. Aber ferne der Gegenwart und in</Unicode>
                </TextEquiv>
            </TextLine>
            <TextLine id="r1l81" custom="readingOrder {index:80;}">
                <Coords points="911,3138 1709,3170 1851,3150 1852,3115 912,3088"/>
                <Baseline points="923,3131 968,3132 1014,3132 1060,3133 1106,3134 1152,3135 1198,3136 1243,3138 1289,3139 1335,3140 1381,3141 1427,3142 1473,3144 1519,3145 1564,3147 1610,3148 1656,3149 1702,3150 1748,3151 1794,3151 1840,3152"/>
                <TextEquiv>
                    <Unicode>dem Hause, die Schwester, die durch seinen Freund</Unicode>
                </TextEquiv>
            </TextLine>
            <TextLine id="r1l82" custom="readingOrder {index:81;}">
                <Coords points="1855,3154 2818,3195 2820,3141 1856,3111"/>
                <Baseline points="1866,3155 1913,3156 1960,3156 2007,3156 2054,3157 2101,3158 2148,3159 2195,3160 2242,3161 2289,3163 2336,3164 2383,3165 2430,3167 2477,3169 2524,3171 2571,3172 2618,3174 2665,3177 2712,3179 2759,3182 2807,3184"/>
                <TextEquiv>
                    <Unicode>einem versunkenen Fabellande ereignet sich das</Unicode>
                </TextEquiv>
            </TextLine>
            <TextLine id="r1l83" custom="readingOrder {index:82;}">
                <Coords points="904,3171 1856,3208 1840,3151 905,3141"/>
                <Baseline points="916,3176 962,3177 1008,3178 1055,3179 1101,3180 1148,3181 1194,3182 1241,3183 1287,3184 1334,3185 1380,3186 1426,3187 1473,3188 1519,3189 1566,3191 1612,3192 1659,3193 1705,3194 1752,3195 1798,3197 1845,3198"/>
                <TextEquiv>
                    <Unicode>in Unehren kam, versorgt er, ob er auch sein Letztes</Unicode>
                </TextEquiv>
            </TextLine>
            <TextLine id="r1l84" custom="readingOrder {index:83;}">
                <Coords points="1860,3221 2810,3224 2806,3186 2457,3161 1862,3159"/>
                <Baseline points="1872,3200 1918,3200 1964,3201 2010,3202 2057,3203 2103,3204 2149,3205 2196,3207 2242,3208 2288,3209 2335,3210 2381,3212 2427,3213 2473,3214 2520,3216 2566,3217 2612,3218 2659,3219 2705,3220 2751,3222 2798,3223"/>
                <TextEquiv>
                    <Unicode>wilde „Abenteurerstück“ von Felix Dörmann</Unicode>
                </TextEquiv>
            </TextLine>
            <TextLine id="r1l85" custom="readingOrder {index:84;}">
                <Coords points="911,3222 1846,3262 1848,3203 912,3177"/>
                <Baseline points="923,3220 968,3221 1014,3223 1059,3224 1105,3225 1150,3226 1196,3228 1241,3229 1287,3230 1332,3231 1378,3233 1424,3234 1469,3235 1515,3236 1560,3237 1606,3238 1651,3239 1697,3240 1742,3240 1788,3241 1834,3241"/>
                <TextEquiv>
                    <Unicode>dabei opfert. Den Anton, den jüngeren Bruder,</Unicode>
                </TextEquiv>
            </TextLine>
            <TextLine id="r1l86" custom="readingOrder {index:85;}">
                <Coords points="1862,3263 2526,3275 2579,3243 2715,3280 2817,3264 2818,3240 2398,3208 1911,3202 1863,3225"/>
                <Baseline points="1874,3244 1920,3245 1967,3246 2013,3246 2060,3248 2107,3249 2153,3250 2200,3251 2246,3253 2293,3254 2340,3255 2386,3257 2433,3258 2479,3259 2526,3261 2573,3262 2619,3263 2666,3264 2712,3265 2759,3266 2806,3266"/>
                <TextEquiv>
                    <Unicode>„Der Herr von Abadessa“ das eben</Unicode>
                </TextEquiv>
            </TextLine>
            <TextLine id="r1l87" custom="readingOrder {index:86;}">
                <Coords points="905,3263 1462,3299 1852,3287 1853,3228 1775,3250 906,3221"/>
                <Baseline points="917,3264 963,3265 1009,3266 1055,3267 1101,3268 1147,3270 1193,3271 1240,3272 1286,3274 1332,3275 1378,3277 1424,3278 1470,3279 1516,3280 1563,3282 1609,3282 1655,3283 1701,3284 1747,3285 1793,3285 1840,3285"/>
                <TextEquiv>
                    <Unicode>der ihm, dem Abwesenden, die Geliebte stahl und in</Unicode>
                </TextEquiv>
            </TextLine>
            <TextLine id="r1l88" custom="readingOrder {index:87;}">
                <Coords points="1876,3293 2800,3321 2782,3273 2614,3271 2577,3244 2534,3269 1877,3262"/>
                <Baseline points="1888,3281 1935,3285 1982,3288 2029,3291 2077,3293 2124,3295 2171,3296 2219,3297 2266,3298 2313,3299 2361,3299 2408,3300 2455,3301 2503,3302 2550,3303 2597,3304 2645,3307 2692,3308 2739,3311 2787,3314"/>
                <TextEquiv>
                    <Unicode>— einstweilen nur als Buch — bekannt wird. Es</Unicode>
                </TextEquiv>
            </TextLine>
            <TextLine id="r1l89" custom="readingOrder {index:88;}">
                <Coords points="902,3315 1851,3349 1839,3287 1597,3309 1499,3280 904,3263"/>
                <Baseline points="915,3309 961,3309 1007,3310 1053,3311 1099,3312 1146,3314 1192,3316 1238,3317 1284,3319 1330,3320 1377,3322 1423,3324 1469,3326 1515,3327 1561,3328 1608,3329 1654,3330 1700,3330 1746,3330 1792,3330 1839,3330"/>
                <TextEquiv>
                    <Unicode>Leichtsinn verkommt, duckt er nieder. Leicht ist es</Unicode>
                </TextEquiv>
            </TextLine>
            <TextLine id="r1l90" custom="readingOrder {index:89;}">
                <Coords points="1856,3333 2806,3365 2793,3317 1857,3298"/>
                <Baseline points="1868,3331 1914,3333 1960,3335 2007,3336 2053,3338 2099,3340 2146,3341 2192,3342 2238,3343 2285,3345 2331,3346 2377,3347 2424,3348 2470,3349 2516,3350 2563,3351 2609,3352 2655,3353 2702,3354 2748,3355 2795,3356"/>
                <TextEquiv>
                    <Unicode>wurde als Manuskript von den Hoftheatern in</Unicode>
                </TextEquiv>
            </TextLine>
            <TextLine id="r1l91" custom="readingOrder {index:90;}">
                <Coords points="894,3355 1739,3392 1850,3381 1851,3343 895,3315"/>
                <Baseline points="905,3352 951,3353 998,3355 1044,3357 1091,3359 1138,3360 1184,3361 1231,3363 1278,3364 1324,3365 1371,3366 1418,3368 1464,3369 1511,3370 1558,3371 1604,3372 1651,3373 1698,3373 1744,3374 1791,3374 1838,3375"/>
                <TextEquiv>
                    <Unicode>freilich nicht, aber darnach frägt ein echter Mann</Unicode>
                </TextEquiv>
            </TextLine>
            <TextLine id="r1l92" custom="readingOrder {index:91;}">
                <Coords points="1861,3379 2791,3414 2808,3369 1862,3336"/>
                <Baseline points="1873,3377 1919,3378 1965,3379 2011,3380 2057,3381 2104,3381 2150,3383 2196,3384 2242,3385 2288,3386 2335,3388 2381,3389 2427,3390 2473,3392 2519,3393 2566,3394 2612,3395 2658,3396 2704,3397 2750,3398 2797,3399"/>
                <TextEquiv>
                    <Unicode>München und Dresden und vom Deutschen Schau¬</Unicode>
                </TextEquiv>
            </TextLine>
            <TextLine id="r1l93" custom="readingOrder {index:92;}">
                <Coords points="893,3389 1856,3435 1833,3380 893,3356"/>
                <Baseline points="905,3396 951,3398 998,3399 1045,3400 1092,3401 1139,3402 1186,3403 1233,3404 1280,3405 1327,3406 1374,3407 1420,3408 1467,3409 1514,3411 1561,3412 1608,3413 1655,3415 1702,3417 1749,3419 1796,3420 1843,3423"/>
                <TextEquiv>
                    <Unicode>nicht. Und wenn er dem Bruder auch in einer</Unicode>
                </TextEquiv>
            </TextLine>
            <TextLine id="r1l94" custom="readingOrder {index:93;}">
                <Coords points="1856,3441 2497,3428 2678,3457 2811,3446 2812,3408 1857,3394"/>
                <Baseline points="1868,3424 1914,3424 1961,3423 2007,3423 2054,3423 2100,3424 2147,3425 2193,3426 2240,3427 2286,3429 2333,3431 2379,3432 2426,3434 2472,3435 2519,3437 2565,3438 2612,3439 2658,3440 2705,3441 2751,3441 2798,3441"/>
                <TextEquiv>
                    <Unicode>spielhause in Hamburg erworben. Das ist unge¬</Unicode>
                </TextEquiv>
            </TextLine>
            <TextLine id="r1l95" custom="readingOrder {index:94;}">
                <Coords points="900,3456 1817,3478 1852,3470 1854,3423 902,3404"/>
                <Baseline points="912,3435 958,3437 1004,3439 1051,3440 1097,3442 1144,3443 1190,3445 1236,3446 1283,3448 1329,3449 1376,3451 1422,3452 1468,3453 1515,3454 1561,3455 1608,3457 1654,3458 1700,3459 1747,3461 1793,3462 1840,3463"/>
                <TextEquiv>
                    <Unicode>fürchterlichen Nacht das Stemmeisen aus der Hand</Unicode>
                </TextEquiv>
            </TextLine>
            <TextLine id="r1l96" custom="readingOrder {index:95;}">
                <Coords points="1856,3472 2707,3481 2803,3507 2805,3453 2762,3444 1858,3425"/>
                <Baseline points="1868,3463 1914,3464 1960,3466 2006,3466 2052,3468 2099,3468 2145,3470 2191,3471 2237,3472 2283,3473 2330,3474 2376,3475 2422,3476 2468,3478 2514,3479 2561,3481 2607,3482 2653,3484 2699,3485 2745,3487 2792,3489"/>
                <TextEquiv>
                    <Unicode>wöhnlich; aber das Stück ist ungewöhnlicher. Es</Unicode>
                </TextEquiv>
            </TextLine>
            <TextLine id="r1l97" custom="readingOrder {index:96;}">
                <Coords points="907,3498 1839,3528 1841,3471 908,3449"/>
                <Baseline points="918,3482 963,3484 1009,3486 1054,3488 1100,3490 1145,3491 1191,3493 1236,3495 1282,3497 1327,3498 1373,3500 1419,3501 1464,3503 1510,3504 1555,3505 1601,3506 1646,3507 1692,3508 1737,3509 1783,3509 1829,3510"/>
                <TextEquiv>
                    <Unicode>schlagen muß, mit dem der Unglückliche die Geldlade</Unicode>
                </TextEquiv>
            </TextLine>
            <TextLine id="r1l98" custom="readingOrder {index:97;}">
                <Coords points="1853,3517 2609,3523 2800,3558 2801,3504 2707,3480 1854,3470"/>
                <Baseline points="1866,3511 1912,3513 1958,3514 2004,3516 2050,3518 2096,3519 2142,3520 2188,3520 2234,3521 2280,3522 2327,3522 2373,3523 2419,3524 2465,3525 2511,3526 2557,3527 2603,3528 2649,3530 2695,3532 2741,3535 2788,3538"/>
                <TextEquiv>
                    <Unicode>ist ein in Flammensprache geschriebenes Gedicht;</Unicode>
                </TextEquiv>
            </TextLine>
            <TextLine id="r1l99" custom="readingOrder {index:98;}">
                <Coords points="907,3542 2791,3613 2809,3549 908,3497"/>
                <Baseline points="918,3533 1011,3536 1105,3540 1199,3542 1293,3545 1387,3547 1481,3549 1575,3551 1669,3552 1763,3554 1857,3556 1950,3558 2044,3560 2138,3563 2232,3566 2326,3569 2420,3572 2514,3577 2608,3582 2702,3587 2796,3593"/>
                <TextEquiv>
                    <Unicode>der Mutter sprengen will, um die sich von ihm ab= die Verse glühen. Man muß sich von aller Wahr¬</Unicode>
                </TextEquiv>
            </TextLine>
            <TextEquiv>
                <Unicode>box 20/1
14. Der Schleiender Reatrice
 0
M 
 Det
1
mann der zwei Tage vor dem Franzosen im
wendende Geliebte durch ein neues Geschenk zu
Raimundtheater mit seinem „Korporal fesseln, und wenn er auch mit dem in wahnsinniger
[Stöhr“ einen lebhaften Erfolg errang. Der
Wuthauf ihn Eindringenden um sein Leben ringen
Dichter des „Bartel Turaser“ und vieler schöner,
muß — er ist der Stärkere, weil er der Gute ist.
leider wenig gekannter Novellen ist voll Tempera¬
Er siegt. Dieses Vertrauen des Starken und Ge¬
ment. Ein unbeugsamer Optimist, liebt er das
sunden auf seine Kraft, auf den endlichen Sieg der
Gute, haßt das Schlechte und ist erfüllt von dem
Ordnung und Sittlichkeit muß auf jedes Theater¬
tiefen Mitleid mit allen Beladenen und Gedrückten.
publikum wirken und würde seine begeisterte Zu¬
Er ist nicht spöttisch und parteilos, kein kluger Kopf
stimmung auch dann haben, wenn die künstlerischen
und in entzückender Weise nicht „geistreich“. Aber
Qualitäten des Werkes nicht so achtunggebietende
in seinen Dichtungen sprudeln oft die verborgenen
wären. Mag sein, daß Langmanns Pathos manch¬
Quellen eines tiefen und edlen Gemüthes. Es ist
mal allzu stark ist und dadurch unseren Geschmack
eine heiße und werkthätige Liebe zum Volke in ihm,
verletzt; aber man empfindet deutlich, daß es immer
zum Volke, aus dem er aufgewachsen ist und dessen
rein und ohne spekulative Nebenabsichten ist. Und
Herzschlag er hört. Wenn ihm wieder der sichere
wenn auch das „naturalistische Armeleutstück“ als
Griff in der Stoffwahl glückt wie in seinem prächt¬
Modesache gottlob abgewirthschaftet hat,
igen „Turaser“, so ist er der berufene Volksdichter,
brauchen wir deswegen doch ein echtes Volksstück für
denn er hat alle Eigenschaften, um volksthümlich
das naive Publikum unserer Vorstadtbühnen. Und
zu sein: eine große Innigkeit, einen fast naiven
wie erfreulich ist es, daß wieder — zum ersten Male
Glauben an die Menschen und jenes feine Ohr, das
seit Anzengruber — ein Dichter diese künstler¬
Seelen zu behorchen versteht. Laut, fast lärmend ischen Bedürfnisse der Massen befriedigt.
sind seine Stücke, und durch ihre Häufung von wil¬
Für die modernen Franzosen wäre Lukas Stöhr
den Thaten mögen sie schwächlichen und überkulti¬
ein Gimpel, ein „jobard“. So heißt eine Komödie
virten Menschen manchmal vielleicht nicht mit Un¬
von Guinon und Denier, die bei einem
recht melodramatisch und allzu derb scheinen. Aber
„literarischen Abend“ im Theater in der
das Volk braucht keine zarte und feine, sondern
Josefstadt wenig gefiel. „Die Dummen“
derbe und kräftige Kost.
— das sind die moralisch Bedenklichen, die Anständ¬
Vom Militär kommt Lukas Stöhr in sein armes
igen, die von den Skrupelloseren überall verdrängt
mährisches Walddorf heim. Er hat sich brav gehal¬
werden. Manche hübsche satirische Absicht ist be¬
ten, und stark ist in ihm das Bewußtsein, daß Ge¬
merkbar versinkt aber in einem Meer von Lang¬
setz und Ordnung über den Menschen sein müssen.
weile. In Paris ist die Tugend fast immer lang¬
Aber in Unordnung und Zuchtlosigkeit findet er die
weilig. So rächen sich dort die Dramatiker an ihr,
Seinen! Der Vater ist todt, und die Mutter eilt
wetl sie nichts einträgt...
mit „schnöder Hast“ zu einem neuen Ehebunde.
Alle diese Novitäten unserer Bühnen sind mo¬
Aber Lukas Stöhr ist kein mährischer Hamlet, der
dern, ob sie an einem kleinen Fürstenhof, wie im
kraftlos vor der Aufgabe zurückhebt, seine aus den
„Schatten“, in Pariser Boudoirs wie „La veine“.
Fugen gegangene Welt wieder einzurenken. Den
oder in einem dürftigen Dorfe wie „Korporal
Freier der Mutter jagt er in schöner Entrüstung aus
Stöhr“ spielen. Aber ferne der Gegenwart und in
dem Hause, die Schwester, die durch seinen Freund
einem versunkenen Fabellande ereignet sich das
in Unehren kam, versorgt er, ob er auch sein Letztes
wilde „Abenteurerstück“ von Felix Dörmann
dabei opfert. Den Anton, den jüngeren Bruder,
„Der Herr von Abadessa“ das eben
der ihm, dem Abwesenden, die Geliebte stahl und in
— einstweilen nur als Buch — bekannt wird. Es
Leichtsinn verkommt, duckt er nieder. Leicht ist es
wurde als Manuskript von den Hoftheatern in
freilich nicht, aber darnach frägt ein echter Mann
München und Dresden und vom Deutschen Schau¬
nicht. Und wenn er dem Bruder auch in einer
spielhause in Hamburg erworben. Das ist unge¬
fürchterlichen Nacht das Stemmeisen aus der Hand
wöhnlich; aber das Stück ist ungewöhnlicher. Es
schlagen muß, mit dem der Unglückliche die Geldlade
ist ein in Flammensprache geschriebenes Gedicht;
der Mutter sprengen will, um die sich von ihm ab= die Verse glühen. Man muß sich von aller Wahr¬</Unicode>
            </TextEquiv>
        </TextRegion>
    </Page>
</PcGts>
