3484 4384
1950 253 2394 352 box 20/1
290 256 1899 359 14: Der Schleien der Reatrige
1161 1147 2507 1219 schaften. Ein Beispiel: Er verachtet die Schauspieler. Menschlich mag
1169 1206 2512 1273 das nicht ganz unbegreiflich sein. Der Schauspieler, in seiner ewigen
1156 1252 2510 1301 Aufregungsatmosphäre, in seiner nicht zu durchbrechenden Eitelkeits¬
1169 1294 2512 1372 welt, ist gewiß nicht der höchste menschliche Typus. Alle Leute dürfen
1157 1354 2510 1412 den Schauspieler belächeln, alle Leute dürfen das Komödiantische, die
1167 1381 2518 1460 Freude an der Maske, die Lust an sich selbst, das Ewig=Selbstgefällige
1156 1454 2501 1498 unangenehm empfinden — nur gerade der Theaterdirektor nicht! Er
1156 1501 2513 1552 muß mit dem Allzu=Menschlichen der Schauspieler von vornherein
1163 1532 2502 1613 rechnen können, wie ein Schauspieler mit seinen Figuren. Bei Schlen¬
1156 1596 2509 1660 ther aber fühlen alle Schauspieler durch, wie instinktiv und gründlich
1166 1647 2505 1700 er den ganzen Typus verachtete. Gewiß, es wird über keinen Direktor
1156 1699 2501 1750 von seinen Schauspielern viel Gutes geredet. Aber der Ton, in dem
1153 1727 2502 1811 die Burgschauspieler über Schlenther sprachen, war immer ein irrsinnig
1162 1794 2509 1844 gereizter, ein todfeindlicher, ein unheilbar verwundeter. Nicht nur
1155 1841 2506 1910 Kainz ist dem Burgtheater in den Jahren der Schlentherschen Herr¬
1164 1891 2501 1957 schaft entfremdet worden; der Direktor hat es verstanden, alle Schau¬
1162 1935 2510 1999 spieler unlustig zu machen. Bald wurde Herr Devrient aus Gekränkt¬
1151 1973 2502 2054 heit krank; bald jammerte Fräulein Rosen vor ihren Bewunderern,
1153 2032 2506 2092 daß sie, die glücklich Entdeckte, nur zweieinhalbmal im Jahre spielen
1157 2082 2489 2155 dürfe; bald erzählte Frau Schmittlein, daß Schlenther, der sie enga¬
1153 2143 2507 2202 gierte, sie seit Jahren absichtlich nicht mehr beschäftigte; bald wollte Herr
1162 2188 2497 2248 Treßler seinen Vertrag lösen. Dann gab es wieder wütende Kämpfe
1160 2235 2493 2301 mit Herrn Nissen. Adele Sandrock befreite sich mit einem Stuhl¬
1158 2275 2501 2356 wurf vom Burgtheater. Selbst dem guten, allzeit willigen Gregori
1157 2329 2494 2393 wurde das Leben schwer gemacht, indem man ihm verbot, in Arbeiter¬
1154 2374 2492 2447 vereinen vorzulesen. Die Schauspieler erzählten es jedermann, der
1160 2423 2487 2479 es hören wollie, das Schlenther schließlich fast für keinen mehr persön¬
1145 2475 2493 2530 lich zu sprechen war. Der briefliche Verkehr überwog. Ein Theater¬
1149 2531 2506 2594 direktor, der mit seinen Schauspielern beinah nur in schriftlichem
1157 2581 2510 2624 Kontakt stand — man brauchte über die Direktion Schlenther nicht
1145 2616 1553 2687 viel mehr zu sagen.
1235 2672 2497 2739 Er haßte die Clique. Auch das ist menschlich wertvoll. Aber
1156 2706 2484 2792 schließlich: Was alles wird Clique genannt? Zwei, drei Talente sind
1153 2784 2497 2840 umgeben von einem Kreis von Schwertträgern und Bahnbrechern.
1153 2812 2486 2890 Diese Anhängsel sind keine angenehme Erscheinungen, aber, Gott, sie
1151 2876 2494 2925 sind nun einmal nicht zu vermeiden. Weil hinter Hoffmannsthal und
1157 2922 2494 2986 Schnitzler ein Dutzend koketter wiener Jünglinge laufen, deshalb darf
1154 2960 2495 3020 ich doch nicht an Schnitzler und Hofmannsthal ostentativ vorbeigehen?
1159 3014 2493 3082 Seit dem Tage, an dem Schlenther den „Schleier der Beatrice in un¬
1153 3069 2494 3118 gebührlicher Art zurückgewiesen hat, ist er zu den paar Dichtern, die
1154 3127 2483 3183 in Oesterreich leben, in kein getes Verhältnis mehr gekommen. Die
1148 3155 2493 3233 besten Sachen von Hermann Bahr wurden im Volkstheater aufgeführt.
1152 3206 2491 3286 Die feinsten Dichtungen von Arthur Schnitzler, selbst „Der einsame Weg',
1150 3269 2503 3341 wurden in Wien überhaupt nicht gegeben. Von Hofmannsthal sind
1159 3342 1229 3438 88
