3484 4320
1963 179 2411 270 box 20/4
306 184 1804 307 14. Der Schleier der Beatrice
815 1042 947 1112 528
1381 1031 1622 1124 Die Zukunft.
812 1122 2192 1208 vermag“. Ein Held aber, den Gewissen nie hemmte, war er nicht. Ein Poet,
818 1192 2185 1256 daneben ein sentimentaler Genußsüchtling: aus anderem Stoff schuf Natur
813 1256 2194 1332 die Schützer schwacher Weibheit. Arme Beatrice! In beiden Männern, die nach
822 1313 2194 1378 ihrer täubchenhaft flatternden Seele haschten, war des Mannes zu wenig,
811 1372 2189 1453 in Beiden vereint nicht so viel wie in dem Herakliden, der in Hebbels Fabel¬
819 1433 2193 1523 lydien den Herrscherreif trug. Der bekannte freien Muthes vermessene Thor¬
819 1500 2193 1586 heit vor der Frau: „Dein Schleier ist ein Theil von Deinem Selbst und
812 1555 2197 1623 dennoch zerr' und zupf' ich stets an ihm und hätt' ihn gestern gern Dir ab¬
815 1625 2189 1696 gerissen.“ Der richtet, da er sich schuldig findet, sich selbst in ruhiger Würde. Fi¬
825 1678 2200 1754 lippo und Lionardo können den Schleier nicht missen, den ihre eitle Phantasie um
813 1743 2187 1824 das Mädchen wob: für sie verliert Beatrice jeden Reiz, da sie schleierlos vor ihnen
815 1805 2187 1876 steht. Der Herzog, vonkühlerer Art und deshalb der bessere Seelenerkenner, merkt
823 1867 2197 1951 spät noch den Fehler: „Jeder von uns wollte nicht nur das einzige Spielzeug
819 1939 2186 2011 sein, — nein, mehr: die ganze Welt!“ Und erhat schnell tröstende Erklärung:
812 1993 2197 2065 Sie war ein Kind. Nicht ein Weib, das immer der Natur näher ist als der
812 2049 2204 2128 Mann, näher bleiben mußte, weil es den Wust der Sittengesetze, des Glaubens.
820 2120 2201 2189 und Wissens nicht durch die Jahrtausende zu schleppen hatte, t#eles, statt
814 2161 2197 2240 über Büchern und Papierzusitzen, gebar und säugte und in natürlicher Funk¬
819 2234 2197 2312 tion die Leben sichernden Organe nicht verzwergen und siech werden ließ? Ecce
821 2298 2188 2376 femina. Aber die stolzen Herren der Schöpfung wollten nicht sehen. Auf
818 2354 2196 2433 Abenteuer gingen sie aus, mochten nicht lange beim Bestellen des Feldes weilen
822 2413 2200 2496 und wurden sehr ungnädig, da sie fanden, sie seien, all in ihrer Herrlichkeit,
824 2484 2201 2538 einem Mädchenkopf nicht die ganze Welt. Siehe: der Mann! Sich selbst weiß
815 2546 2196 2631 Loschi ewigen Gesetzen unterthan, wie das Blatt, den Acker, ringsum alles
822 2599 2202 2685 Gesträuch, und lacht alter Spüke von Sündenschuld; gleich aber verurtheilt
816 2663 2196 2745 er, ohne Erbarmen, die Frau, die sich von anderer Vorstellung determinirt
821 2733 2201 2804 zeigt. Nur ein Weib! Den Adam schuf der Herr der Himmelsveste „zu
815 2791 2189 2866 Gottes Bild“, die Eva aber baute er aus der Rippe des Menschen. Der My¬
809 2853 2191 2927 thos wirkt fort, hemmt die Erkenntniß, daß jeder Mensch eine Welt für
818 2904 2190 2978 sich ist, und führt, heute noch, zu der Forderung, die Frau müsse des Man¬
821 2972 2197 3042 nes Ebenbild sein. Herr Oger starb nicht; und unzählige Weiber stöhnen
809 3039 2190 3099 die Klage nach, die Shakespeares Fähnrichsfrau gegen die Männer seufzt:
1146 3093 1851 3174 Sie Alle sind nur Magen, wir nur Kost;
1155 3163 1874 3235 Sie schlingen uns hinab, und sind sie satt,
1156 3209 1498 3291 Spein sie uns aus.
995 3287 2187 3347 .Wer weiß? Vielleicht würde Herr Schnitzler seines Dramas Sinn
792 3336 2198 3422 ganz anders deuten. Ich zeigte es, wie ichs sah, wie es, an manchen Stellen
3041 1056 3373 1162 Der Schleier der B
2590 1125 3376 1225 nur aus einer blassen Skizze, mir lebendig
2598 1206 3373 1283 Erinnerungen an die Ibsen=Antinomie vof
2591 1260 3361 1336 trieb, an Gyges, die Jüdin von Toledo,
2577 1329 3385 1396 mannsthal, leise Töne sogar aus Musset#
2588 1397 3386 1464 klingen, dieses ungleich, wie von noch taste
2591 1459 3369 1519 hat viele Mängel. Das Volksgewimmel,
2580 1514 3377 1574 hätte klug kombinirende Geschicklichkeit es n
2584 1570 3378 1638 geschnitten. Der große Rausch und die gro
2579 1628 3383 1715 stimmung, die ich in armen Worten zu ma
2579 1699 3384 1768 dicht nur behauptet, nicht von plastischer Kun
2580 1752 3380 1834 ben aufgezwungen. Die wirre Fülle der Mot
2578 1813 3378 1892 deshalb — da das grelle Bühnenlicht nur un
2588 1870 3383 1948 lich scheint, entstellt die Architektur des Werke
2579 1937 3386 2005 würdiger Aufführung, wie das DeutscheThea
2580 2003 3404 2079 heit immer wieder in Irrniß verleiten. Loschi##
2577 2074 3381 2142 Und ein Merker hätte wohl noch allerlei Fel
2589 2120 3379 2200 das Drama nicht nur das beste, das diesem
2593 2189 3384 2262 fast Alles hin, was seit langen Jahren in
2587 2246 3382 2316 Zwar funkelt hier nicht das freche Genie d
2586 2309 3379 2394 oft überraschende Hellsicht des Herrn Haup
2575 2361 3390 2454 winkel; dafür entschädigt der sicherere Kunf
2584 2430 3380 2501 daß uns der Aerger an allzu sichtbarem Wide
2579 2493 3384 2564 erspart bleibt. Ein kultivirter Geist lädt uns
2584 2554 3392 2632 rer Schale, die feinste Frucht seines Wesens
2578 2613 3384 2697 Dem Dichter nachrechnen, wie die Frucht „e
2582 2677 3391 2733 diesem Stamm, unter diesem Phaeakenhimt
2591 2737 3382 2818 sie wuchs; und der Künstler, der sich selbst
2590 2793 3392 2872 lachen. Die schönste Freude war mir, daß
2580 2854 3390 2943 fumirten Liebeleien nicht loszukommen schie
2587 2918 3392 2994 Gegenstand gewagt und ihn im Bilden nich
2587 2975 3391 3055 Gedicht, in dem flüchtiger Blick nicht vil
2579 3040 3392 3114 chenkonflikt, ist wirklich Renaissance, nicht n
2579 3100 3391 3172 nicht die Staatsaktionen, die Kondottieretha
2578 3161 3389 3225 heute erbärmlich klein dünken, sondern führ
2580 3225 3387 3303 erwachender Seelen. Nichts nach außen gro
2577 3284 3387 3359 Sekunde lang quält uns die Frage, ob Cesa
2578 3338 3397 3451 logna beherrschen wird; aber wir fühlen de
