3484 4224
2027 154 2464 250 box 20/2
346 159 1865 237 14. Der Schleier der Reatrice
1510 699 1938 764 Telefon 12801.
1048 793 2386 874 Alex. Weigl’s Unternehmen für Zeitungs-Ausschnitte
2070 877 2235 941 Ausschnltt
1366 866 2220 1009 „OBSERVER“ Nr.
982 990 2427 1086 I. österr. behördl. conc. Bureau für Zeitungsberichte u. Personalnachrichten
1158 1069 2252 1178 Wien, IX. Türkenstrasse 17.
1359 1143 2138 1246 Filiale in Budapest: „Figyeló“ —.
967 1204 2398 1333 Vertretungen in Berlin, Chicago, deß r Pars, Rom, Stockholm.
954 1325 2169 1508 Auschnitk aus: 1oder fteliner.
950 1466 1541 1564 vom 20/72 7400
1282 1898 2061 2022 Kunst und Wissenschaft.
1249 2008 2127 2084 YItalien auf der deutschen Bühne.
1178 2049 2125 2113 Der Berliner Berichterstatter des Mailänder
1182 2101 2116 2153 „Corrier della Sera“ konstatirt mit Genugthuung,
1186 2133 2122 2197 daß auf der deutschen Bühl egenwärtig Italien
1181 2173 2126 2223 Trumpf sei. „Im Lessing heater“, schreibt er,
1184 2229 2122 2276 „macht „Come le foglie“ von Giacosa volle
1180 2255 2119 2313 Häuser. Im Theater des Westens, das vielleicht
945 2270 2117 2340 Für 50 76 das schönste Theater des Kontinents ist, wecken
1174 2331 2113 2380 Frl. Prevosti (besonders in der „Traviata“) und
1032 2335 1145 2388 100
2147 2352 2347 2415 inclusive
1167 2372 2112 2437 der Bassist Arimondi aufrichtige Begeisterung. Die
1043 2377 1152 2430 200
2157 2404 2314 2456 Porto.
1181 2408 2111 2452 Prevosti hat seit einigen Jahren ihr Publikum,
1037 2405 1147 2463 500
2147 2435 2323 2495 Zahlbar
1174 2447 2104 2500 fast möchte ich sagen: ihren Hof in Berlin. Es
975 2451 1145 2519 „ 1000
2118 2470 2353 2544 im Voraus.
1183 2480 2109 2538 giebt hier Leute, die darauf schwören würden, daß
1039 2498 1147 2562 Im
1182 2525 2125 2581 die Prevosti nicht nur eine gute Sängerin und einel
917 2540 1169 2601 Abonnement
1177 2550 2374 2621 vortreffliche Schauspielerin ist, sondern überhauptbitte ist das
920 2586 1170 2660 Abonnenten
1178 2600 2363 2643 die größte Künstlerin der italienischen Opern= isteht es den
1170 2639 2213 2698 bühne.“ Der Italiener spricht dann von der glück= dern.
1033 2684 2120 2736 Der #lichen Opern=Stagione der Sembrich; Frau
923 2705 2371 2786 Inhaltsanga] Sembrich habe die Absicht in Berlin jedes Jahr äthaltend die
919 2746 1176 2810 blätter
1183 2759 2361 2822 eine italienische Opern=Stagione möglich zu=Morgen¬
907 2786 1165 2851 wodurch eine
1192 2801 2356 2863 machen, und der Sieg der italienischen Kunst in ner Zeitung“)
913 2831 1168 2886 des In- und
1185 2830 2358 2887 dem größten Musikzentrum Deutschlands und — stliche Leben
910 2865 1172 2939 werden in Wi
1179 2865 2379 2923 vielleicht! — derganzen Welt, sei nicht ohne Be= Mittheilungen
1179 2910 2116 2966 deutung. Den Sieg Italiens auf der deutschen
1168 2954 2112 3005 Bühne sieht der „Corriere della Sera“ aber nicht
1172 2995 2108 3044 nur in diesen Erfolgen italienischer Dramatiker
1163 3021 2114 3082 und italienischer Künstler, sondern vor allem auch
1167 3074 2120 3115 darin, daß die deutschen Bühnendichter mit, Vor¬
1163 3107 2118 3164 sliebe" (*) nalienische Sujets bearbeiten. Die Zahl
1162 3144 2121 3201 der Dramen, deren Handlung in Italien spiele,
1166 3177 2122 3244 sei sehr groß. Es folgt dann eine ausführliche
1160 3220 2118 3265 Besprechung der „Sistina" von Clara von
1163 3259 2116 3306 Förster. Ein italienisches Drama von Leopoldo
1159 3297 2121 3357 Mareneo, „La Fernaring betitelt, behandelt ubri¬
1161 3339 2112 3372 gens denselben Stoff, den Clara von Förster in
1165 3374 2110 3423 ihrer „Sistina“ verarbeitet hat. Zuletzt beschäf¬
1159 3422 2103 3475 tigt sich das Mailänder Blatt mit Schnitzler's
1162 3448 2111 3506 „Schleier der Veatri#e einem Dramg d
1169 3487 2117 3542 falls in Italien spiele und die italienische Renan¬
1176 3526 2104 3579 same wieder aufleben lasse. Der Berichterstatter
1171 3571 2120 3614 „Corriere“ behauptet, daß dieses Drama den
1167 3608 2118 3657 größten Bühnenerfolg dieses Jahres bedeute, ob¬
1178 3639 2106 3685 wohl es allzu opernhaft sei und sich, von einem
1183 3684 2113 3736 Jungitaliener „vertont", sehr gut machen müsse.]
1170 3720 2117 3763 Er sehe schon, wie Filippo Loschi als Tenor und
1170 3757 2104 3813 der Herzog von Bologna als Bassist Furore machen,
1167 3799 2120 3852 und wie die Rolle der Beatrice, einer revidirten
1171 3838 2122 3904 und verbesserten Lucrezia Borgia, das Entzücken
1201 3879 1666 3936 ller Primadonnen bildet.
1159 3881 1287 3962 #
