3436 4320
1937 176 2397 272 box 20/5
276 172 1797 277 14. Der schleier der Reatrice
2619 1106 2762 1184 ——
1951 1120 2297 1204 Wreis ano su•3
1886 1162 3059 1229 Acht oder neun Personen wurden zum Teil schwer verletzt.
149 1185 315 1257 ramtm.
1941 1234 3202 1351 Frau nicht bloß wie an einem Werkzeug der Lust, sondern an
703 1278 1952 1343 vorgegangen ist. Die Ergebnisse der Rechnung können bei
128 1291 711 1352 le und heute so stark ver¬
1944 1289 3201 1381 einem schönen prachtvollen Spiel ergötzen, mit jener Nachsicht,
707 1318 1948 1374 seiner Eigenart nicht überraschen; es kann nicht überraschen,
140 1330 701 1397 n Regungen der Menschen¬
1945 1335 3199 1426 die dem vollen Verstehen entspringt; ohne Eifersucht, ohne
701 1364 1954 1424 daß sie mehr gewollt, als logisch sind. Werther liegt dem
144 1370 704 1437 Frund in jenem geheimnis¬
1940 1396 3192 1473 gereizte Eigenliebe, ohne falsche Beteuerungen, mit der Zu¬
705 1413 1942 1471 Anatolschöpfer mehr am Herzen, als Don Juan. Sein Wer¬
151 1411 703 1479 s das ewige Lebensmotiv,
1951 1435 3208 1508 versicht dessen, der am Weibe auch dessen Rätsel und trügerische
700 1445 1945 1511 ther ist ein melancholischer Dichter, der in seinem Hause zu
143 1446 703 1526 Daseins umhüllt und um¬
1945 1462 3206 1546 Wesenshülle liebt, aber sie nicht fürchtet, weil er sie durch¬
709 1486 1954 1555 Bologna wie in einem Käfig der Reflexion gefangen sitzt.
153 1502 697 1567 soll im Dunkel bleiben,“
1948 1519 3202 1597 schaut. Denn diese sinnbildliche Bedeutung soll doch wohl der
689 1519 1957 1589 Egoistisch, charakterschwach, ohne jede selbstentäußernde Seelen¬
129 1551 709 1614 eniew, einst warnend aus¬
1946 1564 3203 1644 wunderbare Schleier haben, den der Herzog seiner jungen
695 1573 1945 1651 kraft und selbst untreu, bringt ihn ein Traum seiner jüngsten
137 1587 705 1652 ren des modernen Psycho¬
1955 1600 3201 1681 Braut verehrt. Aber seinem Willen gebricht es an Kraft und
700 1616 1953 1687 Geliebten, eines noch halb kindhaften Mädels aus dem Volk
144 1617 719 1705 hhatte. Ein außerordentlich
1953 1650 3195 1723 Beatrice ihrerseits enthüllt ihr Wesen allzu unbedenklich,
697 1671 1950 1717 von wunderbarer Schönheit, so außer sich, das seine Gefühle
142 1672 705 1737 Natur erkennt und respek¬
1952 1688 3197 1771 indem sie den Schleier sorglos bei ihrem Werther vergißt,
711 1712 1956 1771 für sie plötzlich erlöschen und er sie von seiner Schwelle weist.
135 1716 714 1783 Ar besitzen die Instinktsicher¬
1955 1736 3208 1811 der ihretwegen in den Tod gegangen ist. Das entwertet
699 1732 1956 1824 Das junge Ding hat nämlich geträumt, daß sie die Gemahlin
145 1755 709 1836 rechtigung dieser Warnung
1962 1768 3211 1854 sie auch in den Augen Don Juans, der sie nun ebenfalls ver¬
699 1782 1948 1859 des Herzogs von Bentivoglio geworden sei, der eben in Bo¬
172 1804 717 1877 — selbst jene, die man Hu¬
1944 1824 3213 1885 lassen will. Jetzt geht sie in den Tod. „Denn wir (die
712 1827 1950 1896 logna eingezogen ist, um die Stadt gegen den herannahenden
150 1854 715 1926 ist in gewisser Weise die
1948 1866 3220 1943 Männer) sind allzu streng — so nannten wir dein Tun Be¬
713 1887 1954 1945 Borgia zu verteidigen. Untreu also, wenn auch nur im
125 1891 719 1970 umors. Wenn es zutrifft,
1943 1917 2886 2002 trug und Frevel. Und du warst ein Kind!“
713 1929 1955 1993 Traum! Das leichtherzige, gutartige, flatterhafte Ding ver¬
139 1942 718 2004 die höchste Form der Ent¬
2043 1969 3212 2032 Aber auch dies Kind ist mehr ein Geschöpf der Reflexion
711 1967 1960 2028 läßt den Dichter sehr erstaunt, aber ohne große Gemüts¬
145 1982 713 2050 sie Ausgeburt seelischer und
1945 2020 3206 2089 als der Intuition. Und Geschöpf eines Reflektierenden, der
708 2021 1946 2082 bewegung. Und ihr Traum erfüllt sich; der Herzog — ein
143 2028 715 2099 Abnahme der Lebenskräfte
711 2063 1960 2125 stark verwässerter Don Juan=Typ — erscheint auf dem Plan,
1949 2062 3221 2124 als Reflektant einst mannigfache Erfahrungen gesammelt
134 2076 717 2139 uch der Humor Schnitzlers
716 2108 1965 2170 verliebt sich in die junge Beatrice und erhebt sie, da sie es
1957 2106 3210 2166 haben mag, die er nun in dieser Gestalt summiert. Kind
144 2110 727 2181 Ihm fehlen freilich die ge¬
724 2146 1966 2207 nicht anders will, zu seiner Gemahlin (sehr unwahrscheinlicher
1956 2141 3221 2217 und Weib zugleich, bewußt und unbewußt, keusch und un¬
133 2153 720 2227 as Vorhandensein der auf¬
707 2194 1956 2250 Weise freilich). Ebenso unwahrscheinlicher Weise verläßt das
1961 2193 3213 2251 keusch, treu in der Untreue, untreu in der Treue, ist Beatrice
136 2198 715 2272 an ihm schließlich die Trieb¬
709 2239 1966 2297 junge Ding sofort nach der Trauung den Gemahl, um zu dem
1967 2234 3223 2299 voll Zärtlichkeit und Gleichgültigkeit zugleich, voll von Gegen¬
142 2244 725 2311 n, denen seine Werke ent¬
609 2269 671 2333 6n
1969 2280 3214 2339 sätzen und Widersprüchen, in allem Tun völlig triebhaft, denn
727 2279 1960 2337 Geliebten zurückzukehren und mit ihm — zu sterben. Als
130 2284 729 2362 aß sie einen so großen Ein¬
720 2318 1969 2382 Filippo jedoch die Probe aufs Exempel macht, erwacht ihre
1967 2324 3212 2391 die Zwiespältigkeit ihres Wesens verbirgt sich ihr selber
132 2338 726 2408 Publikum gewonnen haben,
1953 2360 3214 2429 durchaus. Und so wartet das schillernde, schöne, schmiegsam¬
708 2365 1957 2424 Lebenslust sehr energisch und sie will wieder zu ihrem Ge¬
141 2376 720 2452 der Richtung des Verfalls,
721 2410 1962 2470 mahl. Nun ja, Schnitzler will beweisen und beweist es des¬
1958 2399 3215 2477 Wesen, das man lieber moralfrei als unmoralisch nennen
142 2424 289 2494 sung.
725 2456 1955 2520 halb kurzerhand: jedes Weib ist polyandrisch veranlagt. Dieser
1958 2441 3223 2522 mag, voll Einfalt und Grazie des Eroberers. Der Poet ist
138 2458 721 2534 ten Werk des elegisch=pessi¬
720 2488 1962 2563 Erkenntnis, die Filippo mit einem Male aufdämmert, ist
1958 2503 3226 2568 es nicht, aber auch der Herzog enttäuscht ihre Erwartungen.
151 2513 722 2594 es an spezifischem Gewicht.
725 2528 1962 2610 sein stets an Empfindsamkeit krankendes Herz nicht gewachsen
1969 2523 3214 2605 Auch ihm vergiftet Schnitzlersche Reflexion das Blut und
132 2553 726 2642 ick. Größe der Auffassung
723 2574 1972 2643 und mit plötzlichem Entschluß begeht er — nicht etwa einen
1963 2591 3154 2653 macht ihm jene Eroberung unmöglich, die Beatrice, wie —
135 2606 733 2672 allzu seinen Gespinst ganz
718 2617 1971 2692 Mord, was man ihm als heißblütigen und eifersüchtigen Ita¬
1962 2631 3226 2701 nach Schnitzler — jedes Weib erwartet, weil es gebändigt
127 2639 724 2718 heit sind die Grundzüge der
738 2669 1968 2733 liener zutrauen würde — sondern vielmehr Selbstmord. Fi¬
1962 2671 3230 2725 werden, von seiner Zwiespältigkeit erlöst sein will. Drum
147 2695 729 2752 e Finsternis, die die unsicher
732 2689 1966 2780 lippo ist nämlich gar kein Italiener, sondern eine neue In¬
1967 2721 3228 2779 eben läßt Schnitzler in seiner allegorischen Tiefsinnigkeit
132 2726 730 2803 rvösen Autors aufhellen will,
724 2773 1969 2819 karnation Anatols; der kultivierte Alltagsmensch ist zum
1956 2761 3231 2828 Beatrice ebenso wählerisch=unschlüssig wie unablässig zwischen
134 2779 732 2847 die blenden statt beleuchten,
726 2801 1963 2867 Poeten avanciert, dessen Handlungen ihm nicht nachgerechnet
1962 2806 3230 2866 Werther und Don Juan hin- und herwandern, selbst als es
136 2817 742 2890 heit. Das Milieu und die
742 2848 1976 2910 werden dürfen, weil er nur die Ernüchterung versinnbildlichen
1967 2860 3224 2922 für die Wahl im moralischen Sinne schon zu spät ist. Schließ¬
136 2867 731 2940 an, aber das Motiv und die
727 2888 1975 2951 soll, die den müßigen Kulturmenschen überkommen kann,
1966 2883 3218 2949 lich bleibt bei allen dreien nur der erotische Überdruß zurück..
146 2903 737 2976 modern, wie die modernen
741 2944 1971 2997 wenn er derartige Enttäuschungen erlebt und nun den spie¬
1964 2934 3221 3010 Man erkennt: in seinem erotisch eingeengten Schaffensgebiet
137 2954 735 3020 ftschiff, ein Gleitboot. Auch
734 2972 1972 3053 lerischen Unwert der eigenen Existenz nicht mehr ertragen
1967 2997 3227 3053 steht Schnitzler bewußt oder unbewußt unter dem Einfluß
136 2989 730 3063 ung nicht so genau und zu¬
734 3028 883 3098 mag.
1973 3029 3229 3084 einer bestimmten Zusammenfassung von Ideen und Emp¬
133 3037 735 3109 nwägbarkeiten handelt. Mo¬
1974 3074 3222 3135 findungen, die sich weit von der gesunden und einfachen Be¬
809 3055 1970 3128 Diese Wendung entfärbt jetzt auch die übrigen Personen
139 3083 744 3163 die Zeit der Borgia und der
1976 3114 3229 3187 trachtung dieser Dinge entfernt haben. Darum sind seine
727 3113 1972 3179 des Stücks zu Allegorien. Der Herzog, mehr Held, ist nicht so
1977 3163 3225 3228 Männer Schwächlinge, selbst wenn sie die Herzogskrone tragen,
738 3166 1975 3225 raffiniert und vielseitig in seinen Empfindungen, als der
134 3161 736 3251 ück das Verhalten der beiden
1971 3200 3227 3253 und beim Weibe ist ihm jene naturwissenschaftliche Behaup¬
726 3203 1971 3270 Dichter; er klügelt nicht, sondern möchte in Einfalt und Harm¬
151 3214 745 3283 charakterisierten Typen des
1959 3245 3238 3298 tung zum Verhängnis geworden, nach der es aller moralischen.
729 3240 1978 3320 losigkeit genießen, was er an Glück erraffen kann, aber auch
146 3255 751 3320 gegenüber zeigen, das für
1963 3286 3235 3353 Erwägungen und Empfindungen bar ist, weil es sich einzig
731 3297 1980 3351 er kann der lähmenden Wirkung der Reflexion nicht entgehen.
141 3294 746 3370 aber beides in kindlicher Un¬
145 3330 3248 3438 sluna zeigt, wie schematisch er! Als er beschließt, Beatrice zu ehelichen, will er sich an derdurch die immanenten und ewigen Bedürfnisse der Gattung
