3436 4384
1965 288 2401 376 box 20/1
291 271 1808 374 14. Der Schleier der Beatrice
1244 1371 2465 1447 darum so geringen Eindruck machen, weil ihre Motive
1241 1425 2471 1485 so klar zutage liegen. Herr Schlenther kann oft selbst
1233 1474 2471 1545 dem scheinbar sachlichsten Tadel gegenüber auf ein
1240 1507 2454 1591 abgelehntes Stück oder auf eine entlassene Schau¬
1238 1577 2461 1647 spielerin hinweisen; und kein größeres Glück konnte
1230 1632 2449 1691 ihm widerfahren, als nun in einer zur Affaire: auf¬
1231 1665 2463 1741 gebauschten internen Angelegenheit;so mühelos in's
1231 1714 2463 1792 Recht gesetzt zu werden. Die Erwiderung taktvoller
1228 1769 2464 1847 als den Protest zu gestalten, war kein Kunststück, und
1237 1816 2457 1896 dass Herr Schlenther ein besserer Stilist ist als Herr
1225 1858 2455 1941 Salten, der sich darum einbildet, ein besserer Theater¬
1236 1916 2447 1995 director zu sein, wusste man auch vordem schon.
1230 1955 2445 2035 Ueberraschend war nur, dass der Leiter des Burg¬
1223 2008 2453 2091 theaters, dem man nach der Darstellung seiner Gegner
1232 2066 2457 2127 ein tüchtiges Maß von Hinterhältigkeit zutrauen musste,
1225 2119 2449 2192 in der Sache so völlig Recht behielt. Der sieghaften
1223 2165 2455 2237 Erscheinung des Mannes, dessen Schwäche als Arglist
1222 2207 2450 2272 verleumdet wurde und dem zur Erfüllung wie zum
1229 2239 2453 2335 Wortbruch in gleicher Weise die Courage fehlt, kann
1224 2312 2441 2387 heute kritisches Uebelwollen nichts mehr anhaben.
1351 2370 2458 2451 Was das Vorgehen der sechs Recensenten
1221 2429 2440 2503 so unsympathisch macht, ist die abgeschmackte
1219 2479 2434 2556 Lüge von der principiellen Wahrung der -Autoren¬
1211 2524 2436 2597 rechtes, um die es sich ihnen handle. Es ist zu
1212 2585 2441 2647 auffallend, dass diese Gesellschaft nur dann, wenn
1219 2624 2447 2701 sie gerade mit dem Autor persönlich befreundet
1212 2669 2431 2749 und mit dem Director gerade persönlich ver¬
1221 2724 2439 2784 feindet ist, principiell die Autorenrechte wahrt. Herr
1208 2770 2452 2852 Anton Bettelheim hebt in seinem Münchener Blatte
1221 2823 2437 2902 ganz zutreffend hervor, dass Herr Speidel kein Wort
1213 2860 2440 2949 verloren hat, als Laube Hebbel’s -Nibelungene jahre¬
1213 2912 2432 2999 lang zurückwies, und nie eine Silbe zugunsten Anzen¬
1216 2964 2439 3047 grubers sprach, als sämmtliche Wiener Bühnen ihn in
1219 3008 2438 3096 einem Zeitraum von sechs Jahren nicht aufführten.
1211 3063 2433 3146 Wenn ihn und die protestierenden Collegen dafür das
1217 3118 2438 3181 „Verfahrent, das gegen Herrn Schnitzler geübt wurde.
1212 3150 2441 3235 ##mit aufrichtiger Besorgnis für die Behandlung erfüllt,
1214 3207 2446 3281 die heranwachsenden, noch nicht beglaubigten Talenten
