3436 4192
1944 116 2386 211 box 20/2
267 129 1790 235 14: Der Schleien derheatrige
1259 780 1730 938 1144 1
1378 940 1567 1020 Breslau.
2101 940 2190 1022 11
770 1045 2205 1124 Leitung noch zu Ende der Spielzeit 1900/1901 Musteraufführungen
774 1094 2215 1163 statt; Sudermanns „Glück im Winkel“ erlebte durch Frl. Illings
779 1149 2189 1199 Elisabeth in der vorigen Spielzeit wie in der laufenden die „Heimat“
771 1200 2194 1251 eine Reihe von Aufführungen. Wenn als die erfolgreichsten Dramen
777 1246 2191 1303 der Breslauer Spielzeit 1900 auf 1901 Hartlebens „Rosenmontag“,
767 1296 2207 1357 Ernsts „Flachsmann als Erzieher“ und der erste Theil von Björnsons
780 1341 2209 1397 „Uber die Kraft“ hervortreten, so war auch der Erfolg der Tragödie
775 1394 2200 1449 des Wunderglaubens durch Frl. Illings Darstellung bedingt. Der zweite
774 1437 2203 1492 Theil hat infolge ihrer Verhinderung nur schwachen Beifall gefunden.
765 1480 2202 1533 Das tiefe Innenleben Klara Sangs mit seelenvoller Empfindungsmacht
778 1537 2199 1595 ausströmen zu lassen, den dämonischen Lebensdrang einer Hedda
771 1576 2204 1623 Gabler oder Rebekka West. Magdas sieghafte Kraft und Seelensehmerz
772 1628 2207 1682 erschütternd zum Ausdruck zu bringen, durch Leidenschaft und Leiden
773 1674 2191 1723 aufs tiefste zu ergreifen, das alles vermag Frl. Illing in einer Voll¬
766 1719 2193 1772 endung, die sie in derartigen Rollen den größten Künstlerinnen eben¬
774 1769 2209 1822 bürtig macht. Sie spielte vorigen Winter auch Francillon und in der
784 1823 2210 1881 „Jugend von heute“, in diesem die „Fee Caprice“ und etwa vierzigmal
771 1871 2210 1932 die „Zwillingsschwester“ geistvoll und reizend. Aber ihre Stärke liegt
769 1911 2206 1978 nicht auf diesem heiteren Gebiete. So berechtigt sie ist, in ihren eigensten
770 1972 2211 2022 Rollen neben, ja vor Agnes Sorma zu treten, so wenig kann sie als Fuldas
781 2012 2218 2066 „Zwillingsschwester“ sich mit Fran Sormas entzückender Wiedergabe
768 2052 1161 2116 der Rolle messen.
901 2097 2208 2170 Wir hatten im December 1901 wieder ein zehntägiges Gast¬
768 2156 2206 2208 spiel der in Breslau stets jjubelnd aufgenommenen Frau Sorma. Si¬
765 2201 2213 2250 gab aufs neue ihre alten Paraderollen, Ibsens „Nora“ und die Claire
770 2242 2199 2290 in Ohnets unausstehlichem „Hüttenbesitzer“ und in mehr eigenthüm¬
777 2289 2213 2362 lich düsterer als zulässiger Auffassung das Faust’sche Gretchen. Als
769 2344 2198 2401 frische Rollen brachte sie uns die Marikke in Sudermanns „Johannis¬
774 2395 2201 2435 feuer“ und die „Zwillingsschwester“; als neue Stücke Donnays lang¬
777 2440 2206 2492 weiligen französischen „Giebbach“, der so missfiel, dass die beabsich¬
769 2477 2215 2552 #tigte Wiederholung unterbleiben musste, und das deutsche Schauspiel „Die
769 2535 2213 2584 Collegin“ des talentvollen Hlermann Katsch. Das Ernst und Humor mischende
780 2586 2211 2644 Drama, das Verführung und Selbstmord eines studierenden Mädchens mit
780 2633 2205 2687 schlichter und ergreifender Wahrheit vorführt, ist neben der „Zwillings¬
776 2667 2212 2740 schwester“ das einzige nicht durchgefallene Stück dieser Spielzeit (bis
768 2731 2205 2794 Ende 1901). Das hohle Tendenzdrama Skowroneks „Die goldene Brücke“
767 2774 2209 2821 und Otto Ernsts „Größte Sünde“, dieses traurige Zeugnis einer von Schlag¬
781 2824 2211 2860 wörtern genarrten Halbbildung, Halbes „Haus Rosenhagen“ und etliche
766 2870 2199 2935 Possen sind abgelehnt worden. Dass Björnsons „Paul Lange und Torn
765 2919 2201 2981 Parsberg“ dies Schicksal theilen musste, vermochte jeder Leser des nur für
774 2972 2193 3038 Norwegen interessanten Stückes ebenso vorauszusagen, wie man Björnsor
782 3014 2175 3092 „ Leonardar bei Frl. Illings Verkörperung der Titelrolle Erfolg weissa,
780 3063 2173 3124 könnte. Aber natürlich durfte hier nur das Stück erscheinen, das k..
783 3113 2214 3162 vorher an einer anderen Bühne gegeben worden war. Wirkliche Erstauft
765 3154 2245 3230 führungen werden jn in Breslau meistens nur in Halms Sommertheaten
765 3209 2207 3256 gewagt, wenigstens solche, die der Erwähnung wert wären. Nur ganz
775 3253 2222 3317 wenige Ausnahmefälle sind aus dem Spielplan unserer Winterbühnen zu
760 3302 1050 3370 verzeichnen.
