3436 4224
1464 158 1618 198 r Prere
1045 156 1416 212 eenegeen
1013 198 2085 256 New-Vork, Paris, Rom, San Francisco, Stockholm, St. Peters
1395 224 1703 284 burg, Toronto.
1326 263 1779 329 (Quellonangabe ohne Gewähr).
996 328 1382 406 Ausschnitt aus:
1372 352 1921 507 Schaubülne, Beris
1120 395 1410 473 24. 11. 1910
994 466 1155 542 Lom:
872 585 2052 702 Nach Paul Goldmann von Trinculo
1400 666 2221 712 Der Reporter der Neuen Freien Presse, der auch
1336 696 2222 750 Theaterkrititen schreiven darf und diese sogar zu Büchern
1338 727 2217 780 zusammenstellt, hat an der Figur des Tichters Filippo
1350 748 2230 805 Loschi in Schnitzlers „Schleier der Bentrice' auszusetzen,
1348 790 2212 837 daß Losch der Bühne dichtet. „Ein Dichter,
1350 817 2234 867 sagt er wörtlich, „müßte doch einen Dichter, den er sich
1348 846 2217 896 zum Helden erwählt, zunächst einmal dichten lassen.“
1341 881 2223 919 Ich will an ein paar Beispielen zeigen, wie nach Herrn
1341 900 2234 953 Goldmanns Meinung Schiller und Hebbel ihre Gestalten
1332 935 1987 983 eigentlich hätten charatterisieren müssen.
956 960 1797 1056 Oberst Max Piccolomini (Oberst):
1127 1018 1893 1068 Ihr habtfgewählt zu eigenem Verderben.
1146 1062 1939 1114 Wer mit mir geht, der sei bereit zu sterben!
959 1099 1586 1162 (Die Pappenheimer betrachtend):
1136 1125 2088 1193 Doch wie — da steckt so'n Kerl ja seinen Bauch vor!
1128 1167 2070 1234 Was, kommt das bei den Pappenheimern auch vor?
1138 1212 2102 1270 Mensch, Ihnen soll, wenn sie nicht Richtung wahren,
1140 1255 1906 1301 Ein Donnerwetter in den Magen fahren.
1134 1299 1975 1355 Da kann man wirklich die Geduld verlieren —
1131 1329 1943 1393 So'n Kerl. den soll der Deibel frikassieren!
1142 1352 2046 1426 Sie denken jetzt, ich spiel' mich als Tyrann auf?
1138 1404 2031 1485 Gefreiter, schreiben Sie mir mal den Mann auf!
1138 1456 2074 1516 Und Sie ... Ja, Herr, Sie sehen mich verdutzt:
1143 1487 1890 1562 Sie haben ja den Panzer nicht geputzt?
1145 1521 2090 1582 Na warte, Freund, das werd' ich dir nicht schenken.
1146 1570 2098 1621 Wie heißt du? Cohn? Na, das konnt ich mir denken.
1139 1614 2026 1662 Ach so? Sie glauben wohl, ich will Sie foppen?
1142 1646 1972 1707 Gefreiter, dieser Mann muß Grisse kloppen,
1144 1685 1974 1750 Zwei Stunden lang, ganz ohne jedes Rasten.
1147 1712 2239 1782 Und klappt es nicht, spaziert er in den Kasten. (Zur Herzogin):
1134 1767 1920 1826 Pardon, Verzeihung, hochgeschätzte Gnädje,
1148 1806 1896 1865 Daß ich die Chose hier so laut erledje.
1138 1845 1930 1906 Doch ob ich mich auch sehr dajejen sperre,
1152 1887 2104 1944 Der Dienst jeht vor — französisch: gest la guerre.
1152 1923 1986 1985 Der Kriegsgott, laut an diese Türe pocht er .
1147 1951 2022 2030 Ich bitte noch: Handkuß für Fräulein Tochter!
1147 2014 2022 2061 Mit Wahl des Tennispartners soll sie warten ..
1150 2033 2248 2105 Gewiß, ich schreibe sicher Ansichtskarten .. (Kommandiert):
1157 2087 2260 2132 Still. standen! Marsch! Sehr schneidig! Linken, Rechten!
1143 2124 2050 2185 Adien, Friedländer! Servus! Wir jehn sechten!
988 2195 1606 2276 Musikus Miller (Musiker):
1146 2227 1846 2305 Herr Ferdinand, häufig sind Sie da
1152 2285 1772 2337 Bei mir zur Sinfonja domesticn
1149 2331 1779 2380 Und spielen in meiner Kemenate
1151 2356 1926 2418 Mit meiner Tochter die Mondscheinsonate.
1152 2403 1845 2454 Bis jetzt hat mich die Ehre beglückt,
1159 2441 1735 2493 Ich habe die Augen zugedrückt
1148 2470 1986 2541 Und spielte, ward ich befragt von den Leuten,
1160 2509 2055 2575 Gefühlvoll: „Ich weiß nicht, was soll es bedeuten“
1157 2557 1870 2621 Doch jetzt wird es anders, mon ami:
1156 2603 1733 2663 Ich fürcht' eine Kindersinfonie.
1154 2638 1895 2692 Das wäre für mich, wenn ichs erführe,
1161 2675 1744 2741 Fürwahr keine Jubelonvertüre.
1171 2705 1990 2795 Drum frage ich Sie ganz kurz und barsch:
1116 2813 1918 2872 Wann darf erklingen der Hochzeitsmarsch?
1109 2877 1921 2932 Und drücken Sie sich von der Hochzeitsföte,
1113 2919 1778 2968 Und blasen Sie etwa gar Retraite,
1109 2943 1778 3009 Und singt Louise im Mondenscheine
1114 2982 1775 3043 Bald „Einsam bin ich und alleine“
1111 3030 1789 3082 Dann ist es aus mit der Toleranz!
1113 3065 1871 3115 Es erfolgt eine Aufforderung zum Tanz,
1116 3105 1859 3155 Und ich spiel' Ihnen unmittelbar danach
1122 3147 1819 3207 Die Sinfonie mit dem Pankenschlach!
958 3203 1544 3276 Meister Anton (Tischler):
1114 3253 2040 3317 Zwei Fragen drücken mich mit wucht'ger Schwere.
1120 3303 1978 3348 Zunächst: Was ist das blos mit meiner Kläre?
1124 3340 1984 3383 Zuzweit: Ich habe einen Schrank zu liefern —
1117 3380 2008 3437 Nehm ich da Nußbaum oder nehm ich Kiefern?
1108 3420 1983 3466 Fürwahr der Leonhard scheint mir nicht nobel.
1116 3457 2096 3515 Ihm fehlt der Schliff, er brauchte meinen Hobel ...
1114 3499 1983 3564 Und morgen wünscht zu der Geburtstagsfeier
1102 3541 1886 3577 Das neue Spind der Bankdirektor Meyer.
1106 3575 1960 3643 Weh, wenn die Leute was von Karl erfuhren!
1107 3620 1820 3671 (Geselle, reich mir mal die Polituren.)
1108 3655 1956 3696 Nein, nein, mit Clara muß etwas passiert sein.
1105 3691 2089 3737 (Gewiß: der Schrank muß außen sein sourniert sein.)
1112 3736 1910 3771 Verlor mein Clärchen in dem Liebesspiele?
1107 3772 1912 3828 (Ich nehme Säulen im roman'schen Stile.)
1101 3815 1942 3865 Nein, diese Sorge darf nicht länger währen!
1112 3846 2023 3902 Und dann: was mach' ich mit den „Sekretären"?
1103 3887 1991 3952 Der wünscht die Clara in sein Heim zu führen,
1113 3931 1903 3970 Und jenem soll ich eiwas Leim zuführen ...
1102 3973 1915 4020 So plagt mich meines Lebens Doppelzweck.
1102 4009 1912 4061 Fürwahr, darüber kann kein Mann hinweg.
1099 4047 1942 4094 Die Suppe brockte mir Paul Goldmann ein:
1111 4085 2086 4132 Ich möcht' nur Mensch — und muß auch Tischler sein.
