3436 4256
1939 181 2383 273 box 20/1
292 180 1930 269 14. Der Schleien der Beatrice
839 1030 1248 1090 Telefon 12801.
375 1099 1711 1228 Altx.-Weigl's Unternehmen für Zeitungs-Ausschnitte
2287 1131 2705 1198 Telefon 12801.
610 1167 685 1251 5
1390 1196 1579 1268 Ausschnitt
1845 1236 3158 1322 Alex. „Weigl’s Unternehmen für Zeitungs-Ausschnitte
698 1229 1703 1351 „OBSERVEN N. 93
2833 1297 3030 1356 Ausschnitt
1850 1319 2048 1376 1oe
302 1325 1732 1431 I. österr. behördl. conc. Bureau für Zeitungsberichte u. Personalnachrichte
2149 1307 3042 1444 „OBSERVER“ Nr.
484 1395 1578 1500 Wien, IX Türkenstrasse 17.
1751 1433 3204 1526 I. österr. behördl. conc. Bureau für Zeitungsberichte u. Personalnachrichten
667 1472 1360 1571 — Filiale in Budapest: „Figyelé“-
1943 1510 3059 1606 Wien, IX, Türkenstrasse 17.
304 1551 1726 1663 Vertretungen in Berlin. Chicago, Genf, London, Newyork, Paris, Rom, Stockholn
2142 1584 2802 1677 — Filiale in Budapest: „Figyelé“
1753 1664 3195 1750 Vertretungen in Berlin, Chicago, Genf, London, Newyork, Paris, Rom, Stockholm.
286 1659 1565 1756 Ausschnitt aus: Nenert Nach
1752 1772 2990 1897 Kussenn ans: Mainercuge.
290 1802 938 1920 vom /5 4 4000
1747 1916 2383 2030 g## 7270 70 co
2660 1917 3337 2103 tenden
622 2193 1533 2306 % Wien, 14. Sentember. (Privattelegr.) Die
552 2222 1515 2340 Kritiker Ludwig Speidel, Hermann Bahr, Julius Bauer,
571 2294 1516 2379 J J. David, Robert Hirschfeld und Felix Salten ver¬
2133 2288 2963 2427 Kunst, Wissenschaft,
556 2338 1515 2410 öffentlichen zur Wahrung der Autorenrechte eine
556 2372 1504 2432 scharfe Erklärung gegen den Burgtheaterdirektor Schlen¬
2216 2369 2857 2501 Anterhaltendes.
562 2418 1502 2477 ther, weil dieser, nachdem er im Jebruar Arthur
556 2445 1526 2541 Schnitzlers Stück „Der Schleier der Berenice“ unter
2120 2459 3028 2560 Eugen Gura, der allseitig beliebte Künstler,
563 2485 1498 2565 Ausdrücken schmeichelhaftester Anerkennung angenommen
2051 2487 3020 2598 sollte nach einem auswärts verbreiteten Gerücht von
551 2533 1504 2604 und sogar die Bedingung, das Stück solle zum ersten Male
2050 2554 3020 2651 einem Schlaganfall betroffen sein. Wie aus München
544 2569 1497 2642 im Burgtheater aufgeführt werden, gestellt hat, jetzt ohne
2036 2583 3017 2690 gemeldet wird, ist das Gerücht gottlob vollständig¬
556 2603 1491 2681 Angabe von Gründen es plötzlich abgelehnt habe. Die
2042 2624 2410 2693 unbegründet.
317 2612 547 2698 Für 50 Zei
550 2648 1476 2723 genannten Kritiker bezeichnen ein derartiges Verfahren
405 2672 503 2725 100
1499 2656 1679 2739 nelusire
549 2689 1478 2762 eines Theaterdirektors gegenüber einem Autor als durch¬
2089 2681 3010 2780 Kritiker und Theaterdirector. Die Kritiker
392 2713 493 2759 200
1500 2726 1651 2778 Porto.
531 2720 1478 2802 aus unstatthaft. Es verlautet Schlentder habe einem
377 2753 491 2799 500
2032 2711 3150 2837 der meisten Wiener Blätter, wie Herrmann selusive
1491 2764 1673 2819 Pahlbar
537 2749 1470 2842 Druck der Hofbehörden nachgegeben, bei denen Schnigler
1766 2753 3134 2876 Für 50 Zeitu Bahr, Julius Bauer, J. J. David, Robert Hirschfeld, Porto.
1860 2791 1962 2838 100
1809 2795 1861 2852 „
323 2789 502 2863 „ 1000
1487 2788 1694 2863 In Voraus.
546 2795 1487 2878 seit seinem „Grünen Kakadu“ der nach wenigen Aufführ¬
1858 2831 1960 2883 200
1795 2829 1860 2888 „
2034 2801 3136 2917 Felix Salten, Ludwig Speidel veröffentlichen morgen hlbar
394 2826 1702 2942 Ii G, ungen aus dem Repertoire verschwand, in Ungnade ges# ist da
2032 2848 2997 2936 eine Erklärung gegen den Director des
1857 2867 1969 2914 500
1799 2878 1855 2922 „
276 2872 721 2947 Abonnementfallen ist.
2025 2880 3006 2988 Burgtheaters Schlenther wegen der Ver¬
1789 2901 1969 2972 „ 1000
802 2916 1703 2968 ## bolnauel begrenzt; — auch steht es dei
271 2926 1548 3027 Abonnenten frei die aufgegebenen Themen zu ergänzen oder zu ändern.
2033 2920 3188 3034 letzung der Rechte und Interessen dramatischer Autoren,I ist das
1864 2965 3191 3081 lm Geg indem er die Aufführung von Schnitzler s „Schleierht es den
1746 3002 3024 3127 Abonnement dider Beatrice“ am 13. Februar 1900 schriftlich !.
388 2993 1695 3100 Der „OBSERVER“ veranstaltet täglich einen Auszug enthaltend di
265 3061 1695 3136 Inhaltsangabe aller wichtigen Mittheilungen der Wiener Morgen
1754 3049 2989 3174 Abonnenten frefzusagte und nach langen Verzögerungen und Aus
275 3101 1705 3182 blätter (Tagesjournale ausser „Neue Freie Presse“ und „Wiener Zeitungs
2030 3105 3184 3212 flüchten das Stück am 2. d. M. ablehnte und zurück Altend die
262 3138 1695 3219 wodurch eine Uebersicht über das gesammte politische und wirthschaftliche Leben
1865 3133 3191 3257 Der „0'schickte. Die Erklärung wird aber vielfach gemißlorgen¬
1747 3156 2029 3228 Inhaltsangab
264 3179 1699 3276 des In- und Auslandes in drastischer Kürze geboten wird. Diese Mittheilunger
1759 3215 2043 3268 blätter (T
2034 3168 3193 3293 billigt weil sie ungerecht sei und sich nicht gegen die Zeitung“)
272 3212 1078 3291 werden in Wien um 9 Uhr Früh verschickt.
2036 3215 3179 3329 eigentlich schuldige Seite wende, da Schlenther durch ehe Leben
1749 3259 2996 3391 wodurch eine 1 den Einfluß der Hofparteien genöthigt worden sei, das
1739 3290 2371 3361 des In- und Stück abzulehnen.
2952 3304 3197 3377 theilungen
565 3300 1389 3392 Prospecte gratis und franco.
1749 3325 2352 3408 werden in Wien um  On
2049 3424 2889 3499 Prospecte gratis und franco.
