3436 4448
334 194 524 291 14.
729 103 1020 189 Sden eriten Seegnen
1603 121 1691 194 nschof
589 195 660 271 E
1981 200 2426 300 box 20/6
511 214 1929 315 ##Schlefer der Beatrice
1345 1448 2334 1537 höchster Instanz bestätigen. Aber weder das eine geschah,
2338 1449 3375 1521 Ihre Erwartungen so täuschen! So unvermutet in ein fnn
655 1466 1077 1568 Feuilleton.
1350 1499 2330 1567 noch das andere. Im Gegenteil. Ganz mänschenstill',
2337 1510 3311 1567 völlig neues Kleid schlüpfen! ... Aber vielleicht thu'
1351 1547 2338 1602 verhalten sie sich. Es ist, als wenn ihren geschickten
2331 1560 3315 1622 ich ihnen unrecht. Vielleicht spielt hier ein anderer Um¬
560 1563 1157 1651 Der Schleier der Beatriee.
1357 1599 2224 1653 Fingern die Feder plötzlich entfallen wäre ...
2214 1602 2328 1653 Wie
2333 1595 3307 1669 stand mit. „Der Schleier der Beatrice“ war nämlich
423 1605 1330 1692 Es ist gerade ein Jahr her, da ging durch die
1355 1640 2339 1696 kommt das? .— fragt man sich unwillkürlich. Schnitzler
2341 1644 3315 1712 eine Ueberraschung, eine rechte Ueberraschung. Ein
365 1664 1347 1737 Blätter die Kunde von einem Konslikt zwischen Arthur
1351 1682 2330 1752 gehört ja nicht zu jenen zahllosen Dichtern, deren
2335 1682 3314 1740 derartiges Stück hatte man von Schnitzler nicht er¬
361 1725 1345 1785 Schnitzler und der Direktion des Wiener Burgtheaters.
1354 1730 2324 1792 Stimme man ii Gewirr des Tages überhören kann.
2330 1734 3307 1797 wartet und nun wissen die Herren nict, was sie mit
366 1772 1339 1832 Der k. k. Direktor der Hofbühne, der bekanntlich
1340 1775 2320 1833 Die Leute, die in litterar'schen Dingen mitreden,
2328 1770 3312 1824 dieser merkwürdigen Dichtung, die von den bisherigen
361 1807 1336 1875 seine Carriere damit begann, daß er Revolution machte,
1347 1820 2321 1898 horchen auf ihn. Wie kommt es also, daß sie jetzt
2336 1815 3310 1876 Schöpfungen Schnitzlers so seltsam absticht, beginnen
3300 1831 3381 1881 a1
361 1860 1341 1922 um schließlich im Hafen einer allerunterthänigsten
1341 1862 2305 1937 seine neueste Dichtung so ganz und gar totschweigen?
2389 1871 3315 1928 mit welchem kritischen Maßstab sie an dieselbe
363 1895 1341 1960 Reaktion einzulausen, hatte ein neues Drama des
1406 1911 1898 1962 Nun, ich will es erklären.
2325 1911 3312 1970 herantreten sollen. Und da Schweigen Gold ist, so
361 1935 1340 1984 Dichters angenommen, sich sogar das Recht der Erst¬
1392 1938 2318 2005 Man ist heute daran gewöhnt, daß ein Dichter,
2329 1955 3306 2011 schweigen sie denn lieber und warten mit der Be¬
360 1982 1340 2056 aufführung ausbedungen, aber nach einigen Monaten¬
1343 1974 2322 2054 der mit einem Drama durchschlägt, etwa den neuen
2320 1994 3309 2065 #urteilung ab, bis etwa eine günstigere Konstellation
3300 2000 3356 2063 s0
368 2017 1346 2090 das Stück unter nichtssagenden Vorwänden dem Ver¬
1343 2042 2317 2092 Stoff oder das originelle Motio, dem er seinen Erfolg
2332 2043 3314 2105 diesem wunderlichen Wechselbalg leuchtet. Das wäre ja
364 2069 1341 2130 fasser wieder zurückgestellt. Eine Reihe Wiener Schrift¬
1349 2093 2319 2143 verdankt, fortan monopolisiert. Er läßt sein Erzeugnis
2327 2097 3285 2150 allerdings höchst lobenswert, wenn es nur nicht so —
360 2123 1342 2175 steller mit Ludwig Speidel und Hermann Bahr an der
1338 2123 2319 2181 gleichsam schweigend bei der Kritik patentieren, die ihn
2320 2131 2847 2197 unwahrscheinlich klänge ...
2840 2131 3302 2191 Man muß in der That
354 2171 1346 2237 Spitze erließ darauf einen geharnischten Protest, worin
1343 2172 2310 2225 nun mit der neuen Marke in ihr Register einträgt.
2330 2180 3309 2226 die Entwicklung Schnitzlers von seinen feinen, nach
3307 2179 3374 2229 eb
358 2196 1338 2271 Verwahrung eingelegt wurde gegen das ungerechte,
1348 2210 2312 2272 Und nun weiß man, was man von ihm zu halten
2328 2220 3295 2270 echt französischer Grazie duftenden Anatol=Scenen bis
363 2246 1343 2304 willkürliche, durch nichts zu entschuldigende Vorgehen
1346 2256 2320 2319 habe. Man braucht nur in jenes ordnungsmäßig
2321 2253 3311 2332 zu seinem grotesk=schönen, in der Art Tiecks zwischen
356 2276 1340 2357 des Porentaten am Franzensring. Klar konnte man
1348 2309 2328 2377 rubricierte Register einen Einblick zu thun, — und
2320 2319 3299 2374 Spiel und Wirklichkeit geradezu verwirrend schwebenden
356 2337 1335 2395 indes aus diesen einander gegenüberstehenden Behaup¬
1341 2336 1932 2398 erfährt es: A — Berlin W.,
2034 2341 2308 2415 Fabrikarbeiter,
2326 2347 3303 2414 „Grünen Kakadu“ genau verfolgt und die vielen
357 2391 1329 2445 tungen und Entgegnungen nicht werden, denn das
1336 2393 2313 2441 C Litteratur=Café, Arthur Schnitzler — „suges Mädel“.
2325 2402 3312 2452 spezifisch romantischen Elemente, die seinen meisten
353 2432 1340 2489 eigentliche Streitobjekt, das abgelehnte Stück, war ja
1341 2437 2313 2499 Un“ so oft der auf solche Weise glücklich Eingeschachtelte
2319 2438 3309 2503 Stücken einen eigenartigen Reiz verleihen, bemerkt
359 2466 1336 2537 noch unbekannt. Nun liegt aber seit einiger Zeit „Der
1341 2484 2318 2526 genannt wird, erscheint er fortan immer mit einer
2324 2492 3305 2541 haben, um seine letzte Dichtung als ein Resultat jener
354 2512 1330 2573 Schleier der Beatrice" in Buchform*) vor — und
1336 2518 2325 2568 Etikette. So glaubt man sich vor jeder Ueberraschung
2325 2535 3299 2576 Entwicklung begreifen zu können. Sonst kann man es
349 2542 1339 2630 seltsam! Man sollte meinen, jetzt werden die Herren
1344 2562 2313 2619 gesichert. Man setzt nämlich voraus, der erfolgreiche
2319 2572 3298 2627 sich nicht erklären, wie einer, der bisher ausschließlich
365 2601 1334 2664 draußen in den Litteraturcentren, die die Diplome der
1344 2609 2326 2669 Dichter werde doch aus seinem einmal erworbenen
2329 2621 3301 2677 in der Sphäre modernen Lebens sich bewegte und hier
358 2640 1328 2712 Unsterblichkeit verteilen und über das Schicksal eines
1335 2659 2325 2718 Paient recht ausgiebigen Nutzen zu ziehen wissen und
2315 2665 3292 2723 manchmal sogar hart an die mit sozialen Tendenzen
353 2691 1327 2754 Werkes das entscheidende Wort sprechen, der deutschen
1334 2699 2316 2755 der Kritik keine unangenehme Verlegenheit bereiten
2318 2708 3292 2766 spielenden Motive streifte, mit einem Mal eine Dichtung
345 2734 1332 2788 Litteraturwelt ihr Urteil verkünden und entweder das
1336 2737 2320 2794 wollen. Nun hat aber Schnitzler in der letzten Zeit
2320 2755 3294 2813 schreiben konnte, die von all' dem nichts hat, die von
356 2780 1341 2859 Drama „retten“ oder das erste Verdammungsvotum in
1334 2785 2316 2849 dieses große Verbrechen doch begangen. Er wurde
2315 2801 3289 2857 all den Verhältnissen, in deren Bann er bisher stand,
1336 2835 3290 2901 seinen süßen Mädeln untreu. Er hat sie verlassen. himmelweit entfernt und die insbesondere von jenem
3286 2840 3373 2895 wä
431 2849 1077 2940 *) Bei S. Fischer, Verlag, Berlin.
1327 2858 3382 2965 Das aber verzeihen ihm die Herren nie und nimmer.I so künstlerisch=souveränen Hauch durchweht ist, wie ihn i#mia
