3484 4352
1765 198 1846 276 87
645 297 2981 370 dürfte also vielen unserer Leser noch in Erinnerung sein.] flammenden Patriotismus kennt, durch den sich die Bür
1825 357 2987 426 ger italienischer Städte im Mittelalter wie in der Neu¬
646 363 1821 426 Das Poetische an dieser Touristennovelle ist, daß der
1827 398 2996 466 zeit immer rühmlich ausgezeichnet haben, wer weiß, daß
641 402 1810 463 Verfasser die Wanderung an der Seite einer ihm, dem
1817 445 2991 506 auch ihnen, wie den alten Griechen ihre „Polis“, ihre
653 449 1810 509 Junggesellen, von ihren Eltern in merkwürdiger Ver¬
1826 487 2997 545 Stadt, alles war und jedes Opfers wert, der wird selbst
639 479 1817 560 trauensseligkeit zugesellten schönen jungen Australierin
1818 531 2992 587 wenn damals ein so dekadenter Fürst wie dieser Benti¬
649 538 1812 595 macht und des in ihn gesetzten Vertrauens sich würdig
1824 562 2998 623 voglio denkbar gewesen wäre, doch niemals glauben, daß
646 576 1815 636 erweist, wenn es dabei auch nicht ohne Selbstüberwin¬
1829 618 2986 674 der Herzog die ganze Stadt zu solchem unwürdigen Sich¬
643 624 1812 686 dung abgehen mochte. Es kommt ja zu einem unschuldigen
1827 658 2999 725 selbstaufgeben hätte hinreißen können. Vergesse man doch
645 678 1810 743 Kusse, damit hat es aber auch sein Bewenden. „Etta“
1818 706 2995 757 überhaupt nicht, daß gerade die Italiener des Quattro¬
640 710 1811 777 ist, in der zweiten Hälfte der Erzählung, als Novelle
1818 750 2995 809 und Cinquecento bei allem furiosen Temperament der
640 752 1814 814 verfehlt, obschon auch hier die Schilderungen von Natur
1828 795 2988 859 Rasse ihr eiserner Verstand auszeichnet der sie mitten
646 796 1824 862 und Landleuten im Wallis sehr hübsch sind. Auch das
1825 839 2999 904 in leidenschaftlichen Momenten und gefährlicher Lage zur
645 847 1820 900 Hauptmotiv wäre ein recht lustiges: Eine Pensionsvor¬
1830 880 2995 945 kühlsten Berechnung aller Umstände befähigte. Aus diesem
647 887 1813 963 steherin muß im Gasthof zwei ihrer Pensionärinnen als
1832 932 2997 984 Grunde scheint mir „Der Schleier der Beatrice“ kein
645 944 1825 999 Geiseln zurücklassen, weil sie unterwegs ihr Geldtäschchen
1825 966 2996 1037 glaubhaftes Renaissancestück. Die Voraussetzungen der
640 971 1823 1032 verloren hat und nicht bezahlen kann. Aber nun knüpft
1829 1020 2998 1085 Handlung und auch der Charaktere und ebenso die Si¬
648 1017 1822 1087 sich hieran eine Liebesgeschichte zwischen den beiden
1836 1065 2396 1129 tuationen sind märchenhaft.
643 1066 1815 1123 Mädchen und einem etwas phlegmatischen Berner, die so,
650 1106 1831 1178 wie die Charaktere angelegt sind, durchaus eine richtige
1886 1092 3001 1171 Diese Bemerkung trifft jedoch nicht das Herz des
650 1153 1824 1213 novellistische Entwicklung verlangt hätte. Man darf solche
1822 1163 2996 1218 Dramas, den dichterischen Kern. Der Dichter durfte sich
647 1198 1827 1263 Konflikte psychologischer Natur nicht bloß antupfen und
1835 1202 2995 1255 eine Welt zurechtmachen, in der die Menschen und die
643 1244 1820 1299 sie dann mit trockener Berichterstattung abthun, statt sie
1826 1250 3005 1313 Dinge im märchenhaften Sinn möglich waren, die seine
642 1284 1819 1353 gehörig durchzuführen. Da hilft auch die im Vorwort
1829 1289 3000 1347 Phantasie und sein Gefühl beschäftigten. Und wenn der
643 1329 1823 1389 vorausgenommene Entschuldigung nicht, man erhebe keinen
1833 1331 2998 1387 Leser fragt, was das für Menschen und Dinge sind, so
648 1385 1825 1432 Anspruch auf litterarischen Wert. Dem Leser bleibt ein
1836 1375 3005 1430 lautet die Antwort: die nackte Psyche des Menschen in
643 1416 1826 1491 Mißbehagen zurück, das dadurch noch gesteigert wird, daß
1830 1416 3007 1477 ihrem Verhältnis zur Liebe. Und so sehen wir Schnitzler
651 1464 1819 1522 der Verfasser ihn zuletzt mit einer Verlobungsanzeige
1819 1463 3005 1531 doch eigentlich wieder auf dem Gebiet sich bewegen und
641 1496 1815 1557 überrumpelt, auf die man, weil sie gar nicht vorbereitet
1825 1508 3002 1572 mit den Problemen sich beschäftigen, die ihn bei all
651 1549 1816 1608 war, vernünftigerweise nicht gefaßt sein konnte und die
1833 1550 2993 1610 seinem sonstigen Schaffen von jeher allein interessiert
651 1593 1822 1655 daher nur den Eindruck eines possenhaften Scherzes macht.
1829 1581 3012 1658 haben. Er zeigt, daß die Liebe die unerbittliche Herrin
649 1642 1826 1701 Wie reizvoll hätte sich bei etwas mehr Vertiefung in
1833 1636 2996 1701 des Herzens ist, dessen sie sich bemächtigt; je größer
648 1688 1813 1744 den Stoff der Gegensatz zwischen der rassigen jungen
1821 1678 2998 1738 und stolzer dieses Herz, desto gewaltiger in ihm herr¬
643 1731 1829 1804 Ungarin und dem schwerbeweglichen, dem Ehejoch abge¬
1831 1728 2996 1783 schend. Aber er zeigt auch, daß diese Tyrannin zugleich
649 1772 1823 1831 neigten Berner Kaufmann zu einer richtigen Novelle ent¬
1821 1770 3004 1835 die subtilste, verletzlichste aller menschlichen Empfindungen
653 1815 1828 1884 wick ln lassen! Interessant ist das vom Verfasser einge¬
1821 1801 3010 1884 ist, die bei Edelnaturen schon durch einen Hauch Trübung
653 1862 1815 1921 flochtene Gedicht von Reithard über Walliser Gespenster¬
1827 1867 2350 1932 und Zerstörung erfährt.
658 1898 1824 1985 sagen. Nur unterbricht es den Verlauf der Erzählung zu
1882 1880 3006 1959 In der Person des Dichters Filippo Loschi tritt dies
671 1958 859 2028 lange.
1827 1940 3039 2018 in Anschauung Er war verlobt mit der edeln Schwester
1836 1991 3004 2047 seines Freundes, des Grafen Andrea Fantuzzi. Bei einem
719 1985 1820 2061 Der Schleier der Beatrice. Schauspiel von
1836 2035 3004 2104 Volksfeste hat er das einfache Bürgermädchen, die sechs¬
652 2049 1828 2117 Arthur Schnitzler. (Berlin S. Fischer 1901.) Auch¬
1833 2067 2996 2156 zehnjährige Beatrice Nardi gesehen. Ein Blick — und
662 2101 1818 2160 Schnitzler, der Dichter so durchaus moderner und erfolg¬
1831 2116 2996 2186 sein Schicksal ist entschieden. In dem Moment, da seine
660 2139 1819 2198 reicher Problemstücke wie „Liebelei“ „Freiwild“, und
1833 2167 3004 2227 Braut #resina ihre Mutter durch den Tod verloren hat
661 2182 1809 2240 so naturalistischer gesellschaftlicher Satiren wie „Anatol“,
1827 2210 2998 2271 und verdoppelte Schonung verdiente, verläßt er sie, opfert
652 2225 1826 2290 hat die Sehnsucht nach Romantik oder — sagen wir
1833 2248 3013 2313 die Freundschaft mit dem Bruder, die Achtung seiner
645 2271 1825 2333 lieber — nach der Phantasieheimat reiner Poesie nicht
1828 2289 3011 2365 besten Kameraden — eines Bildhauers und eines Musi¬
646 2317 1826 2384 unterdrücken können und ein fünfaktiges Schauspiel ge¬
1935 2336 3001 2397 — und kann nur noch Beatrice lieben, die er in
1820 2342 1953 2411 kers
650 2358 1822 2417 schrieben, das angeblich in der italienischen Renaissance,
1826 2390 3003 2453 dem Garten seiner Villa erwartet. Als das schöne Mäd¬
655 2408 1826 2476 wirklich in der traumhaften Märchenwelt dichterischer
1834 2428 3003 2492 chen nun kommt, erzählt sie ihm ahnungslos den Traum
661 2456 1479 2509 Einbildungskraft und Stimmung spielt.
1833 2472 3011 2548 der vorigen Nacht: Daß der Herzog sie auf der Straße
716 2494 1832 2555 Das nämlich muß gleich festgestellt werden, daß auch
2159 2535 2224 2576 —
2206 2504 3018 2582 dies war nicht bloß Traum, sondern
1832 2524 2143 2590 gesehen habe,
654 2536 1830 2601 im Cinquecento die Menschen in Italien sich nicht so
1829 2558 3009 2635 hatte sich wirklich zugetragen — und daß er sie zu sich
658 2581 1826 2639 jenseits des gesunden Hausverstandes aufführten, wie es
1837 2606 3014 2667 aufs Schloß gerufen und, in heißer Lieb' entbrannt, zu
649 2624 1834 2683 in Schnitzlers heißblütigem Drama geschieht. Ja, wenn
1828 2650 3011 2697 seiner rechtmäßigen Gemahlin gemacht habe. Sobald
654 2674 1819 2733 die Professoren in ihren kulturgeschichtlichen Schilderun¬
1838 2695 2997 2759 Bratrice diese Traum-Untreue herausgeplaudert hat, ist
659 2712 1828 2786 gen die außerordentlichen Menschen und Thaten zweier
1836 2730 3011 2799 es mit der Liebe des Dichters zu ihr aus. Er bedenkt
654 2756 1822 2811 Jahrhunderte italienischer Geschichte zusammentragen,
1824 2773 3012 2868 nicht die furchtbaren Opfer, die er soehen seiner neuen
660 2796 1825 2858 dann allerdings entsteht beim Leser der Eindruck, als
1844 2827 3013 2902 Leidenschaft gebracht hat, und weist das Mädchen von der
655 2848 1827 2906 hätten damals nur grenzenlose Leidenschaften und neben
1835 2883 2451 2945 Schwelle seines Hauses weg.
651 2884 1834 2944 schrecklichen Gewaltthaten ewiger Festestaumel, die Be¬
1889 2892 3005 2996 In derselben Nacht (das ganze Stück spielt vom
655 2926 1838 2996 rauschung aus dem Kelch der schönen Künste und des
1831 2957 2997 3027 Abend bis zum grauenden Morgen des nächsten Tages)
662 2970 1830 3034 Sinnengenusses, die italienische Welt beherrscht. Aber
1831 3019 3002 3083 wird Beatricens Traum wahr. Das alles hier zu er¬
656 3020 1830 3075 dieses Bild wird falsch, wenn man den Einzelfall eines
1827 3056 3016 3131 zählen, wäre zu weitführend. Der Herzog benimmt sich
665 3064 1828 3120 bestimmten Ereignisses ganz nur in diese Schablone hin¬
1838 3091 3001 3158 ungefähr wie der spanische König in Grillparzers „Die
653 3111 1824 3167 ein zeichnet. In Schnitzlers Stück ist Cesare Borgia vor
1837 3132 2999 3198 Jüdin von Toledo“, Beatricens Schicksal erfüllt sich da¬
658 3154 1829 3219 Bologna gerückt. In der sichern Voraussetzung nun, daß
1843 3180 3006 3249 durch, daß sie, nachdem sie bereits im Dom von San
654 3182 1837 3262 gegen den kriegsmächtigen Valentino zu kämpfen doch
1833 3228 2999 3286 Petronio die Gemahlin des Herzogs geworden ist, in
654 3245 1832 3298 nutzlos sei, überlassen sich sowohl Bentivoglio, der Her¬
1838 3273 3015 3330 einer Anwandlung von neu erwachter Liebe zu dem Dichter
665 3273 1839 3354 zog von Bologna, wie seine Hofherren und auch die Bür¬
1839 3311 3002 3377 Loschi zurückkehrt, von ihm jedoch abermals fortgeschickt
653 3321 1836 3391 ger der Stadt einer tollen Orgie des Lebensgenusses,
1835 3361 3007 3416 wird, dabei den köstlichen Schleier zurückläßt, den ihr der
657 3356 1837 3430 etwa so, wie es zu Zeiten geschehen sein soll, wenn gänz¬
1849 3399 3000 3464 Herzog geschenkt hatte. Der Schleier verrät, wo sie einen
669 3410 1828 3477 lich unwissende Menschen den Untergang der Welt für
1839 3447 3007 3505 Teil der Nacht zugebracht hat. Der Herzog selbst zwingt
665 3466 1830 3526 den nächsten Tag erwarteten und noch einmal die Freu¬
660 3466 3025 3573 den des Lebens recht auskosten wollten. Wer aber den sie, in seiner Begleitung den Schleier im Hause des
870 3627 1214 3856 aud
