3484 4256
280 195 1798 291 14. Der Schleier der Beatrice
817 1133 1286 1231 Telephon 12801.
432 1218 1665 1315 Alex. Weigl’s Unternehmen für Zeitungs-Ausschnitte
1437 1297 1667 1365 Ausschnitt
1208 1310 1389 1398 □t
390 1337 1321 1441 113s „OBSENVEN
1494 1356 1737 1454 Nr. 57
335 1436 1741 1516 I. österr. behördl. conc. Bureau für Zeitungsberichte u. Personalnachrichtt
548 1495 1555 1569 Wien, IX/1, Türkenstrasse 17.
722 1563 1354 1639 Filiale in Budapest: „Figyelö“
328 1602 1726 1701 Vertretungen in Berlin, Chicago, Genf, London, Newyork, Paris, Rom, Stockhol
314 1760 841 1843 Ausschnitt aus:
847 1809 1596 1947 Machter geme: Fachehten
324 1891 896 2046 vorst (1 /7 05
486 2248 1412 2384 der Schteie der Geatrier, Mtinr Schniglerel
411 2279 1396 2426 seesges Schanfbiel, fand beldererstenAustitungin
411 2326 1376 2457 Deutschen Theater in Berlin sehr geteilte Aufnahme.
418 2368 1388 2497 Seine deutsche Uraufführung hat dieses Schnitlersche
412 2399 1260 2539 Sihaseinerelt im Lobe=Theaterin Breslau glebt.
785 2611 1284 2686 Bezugs-Bedingungen:
297 2661 419 2747 Für
425 2675 1465 2743 50 Zeitungsausschnitte (Artikel oder Notizen) Kr. 15.—
413 2712 510 2764 100
1351 2697 1717 2795 28.— inclusive
1534 2753 1682 2799 Porto.
413 2749 527 2804 200
1313 2768 1478 2834 „ 50.—
1492 2777 1710 2841 Zahlbar
416 2796 521 2840 500
1308 2805 1460 2865 „ 110.—
947 2808 1001 2868 „
1050 2813 1115 2868 „
1172 2820 1222 2864 „
341 2832 524 2902 „ 1000
1308 2818 1727 2905 „ 200.—) im Voraus.
933 2857 988 2902 „
431 2887 1737 2951 Im Gegensatze zu anderen Bureaux für Zeitungsausschnitte ist das
301 2917 1342 2986 Abonnement durch keine bestimmte Zeitdauer begrenzt;
1387 2939 1753 3001 auch steht es den
305 2980 1629 3038 Abonnenten frei die aufgegebenen Themen zu ergänzen oder zu ändern.
421 3036 1744 3105 Der „OBSERVER“ veranstaltet täglich einen Auszug enthaltend die
300 3097 1745 3143 Inhaltsangabe aller wichtigen Mittheilungen der Wiener Morgen¬
1694 3131 1741 3180 )
312 3127 1718 3177 blätter (Tagesjournale ausser „Neue Freie Presse“ und „Wiener Zeitung
314 3172 1739 3244 wodurch eine Uebersicht über das gesammte politische und wirthschaftliche
304 3202 1738 3270 Leben des In- und Auslandes in drastischer Kürze geboten wird. Diese Mit¬
305 3248 1332 3295 theilungen werden in Wien um 9 Uhr Früh verschickt.
626 3339 1399 3418 Prospecte gratis und fnanco.
1938 182 2394 270 box 20/4
2251 1192 2708 1277 Telephon 12801.
1870 1283 3091 1379 Alex. Welgl’s Unternehmen für Zeitungs-Ausschnitte
2864 1336 3087 1417 Ausschnitt
2681 1366 2824 1450 [7
2923 1398 3170 1490 Nr. 68
2103 1398 2797 1505 „OBSLN —
1771 1383 2109 1518 MR1G3
1767 1478 3198 1568 I. österr. behördl. conc. Bureau für Zeitungsberichte u. Personalnachrichten
1989 1537 2995 1626 Wien, IX/1, Türkenstrasse 17.
2171 1612 2812 1699 Filiale in Budapest: „Figyelö“ —
1771 1693 3205 1768 Vertretungen in Berlin, Chicago, Genf, London, Newyork, Paris, Rom, Stockholm.
2676 1764 3018 1837 ahpielkon
2352 1777 3044 1869 Drescher deintenten
1764 1834 2288 1912 Ausschnitt aus:
1768 1941 2308 2062 vom: 702700.
1984 2093 3107 2163 HW. Im Deutschen Theater zu Berlin gab man am
1902 2159 3117 2203 Sonnabend abend ein interessantes Werk, eine fesselnde Dichtung,
1908 2193 3121 2247 aber ein schwaches Stück, Arthur Schnitzlers Fünfakter „Der
1920 2228 3108 2275 [Schleierder Begtrice“ ein Drama aus der Zeit der ita¬
1913 2261 3107 2326 lienischen Renaissauce deren Geist zu bannen dem Dichter in
1921 2313 3117 2345 einer Atmosphöte denzschwüler Sinnlichkeit, großzugiger Brutalität
1908 2332 3111 2388 und verträumtex Schwämerei wunderbar gelungen ist, dessen
1929 2374 3106 2428 Figuren aber sämt und sonders eiwas so völlig Schemenhaftes an
1928 2401 3096 2456 sich haben, daß ihrem Tun und Lassen jedes überzeugende Moment
1919 2447 3106 2496 fehlt, ja, daß man an sie einfach nicht zu glauben vermag. Um
1917 2489 3098 2541 das Gelingen der Aufführung, die sich als Ganzes vor mancher
1921 2522 3091 2567 anderen dieser Saison im Deutschen Theater durch das auszeich¬
1921 2566 3100 2610 nete, was man Stil nennt, erwarb sich besondere Verdienste nur
1920 2602 3108 2646 Frl. Irene Triesch, die als Beatrice vornehmlich den Ton ihier
1914 2643 3109 2685 Rolle ausgezeichnet traf; den übtigen Herrschaften schien der
1920 2662 3116 2723 Glaube an einen durchschlagenden Eifolg und damit die Lust an
1917 2702 3118 2765 der ganzen Sache zu fehlen. — Die Aufnahme der Novität war
1776 2738 1876 2798 Für
1901 2738 3189 2806 geteilt; alles in allem wi es ein „Achtungsdurchfall“, wie derlve
1898 2777 3156 2828 1 Foyeiwitz der Berliner es ennt. Und das ist schade, denn das.
1897 2824 3168 2897 2 Werk enthält so viele dichterische Schönheiten, daß man ihm einhr
1916 2861 2464 2935 besseres Las gewünscht hätte.
1812 2872 1855 2918 „
2767 2859 3206 2950 200 — . aus.
1870 2898 1992 2955 1000
2409 2906 2462 2955 n
1824 2915 1875 2975 „
1901 2944 3228 2992 Im Gegensatze zu anderen Bureaux für Zeitungsausschnitte ist das
2863 2976 3222 3039 auch steht es den
1787 2984 2807 3039 Abonnement durch keine bestimmte Zeitdauer begrenzt;
1779 3023 3102 3096 Abonnenten frei die aufgegebenen Themen zu ergänzen oder zu ändern.
1895 3086 3226 3149 Der „OBSERVER“ veranstaltet täglich einen Auszug enthaltend die
1791 3137 3217 3196 Inhaltsangabe aller wichtigen Mittheilungen der Wiener Morgen¬
1802 3179 3213 3240 blätter (Tagesjournale ausser „Neue Freie Presse“ und Wiener Zeitung")
1808 3202 3223 3270 wodurch eine Uebersicht über das gesammte politische und wirthschaftliche
1796 3269 3230 3315 Leben des In- und Auslandes in drastischer Kürze geboten wird. Diese Mit¬
1791 3305 2813 3378 Stheilungen werden in Wien um 9 Uhr Früh verschickt.
2107 3382 2897 3463 Prospecte gratis und franco.
3051 4107 3132 4174 GEEA
