3436 4448
1906 165 2380 267 box 20/6
249 164 1864 285 14. Der Schleier der Beatrige
133 640 895 728 ium ourchführt,i Sipzung 11e A.
129 685 1254 781 dem Finanzminister erster Punkt der Tagesordnung sein.
1382 708 2058 781 zur Tagung pes
1664 763 1873 840 M
606 832 2356 915 Die rätselhaften Zweifler und Irrenden sehr Schönes), läßt jetzt fast seine ganze junge
2464 845 3116 916 Labiche: „Soll man es sagen?“
528 842 1442 943 des Herzens wandeln freilich weiter durch des
124 840 339 951 tton
1433 875 2213 961 Schar auf diese verspätete Novität los.
2613 892 2980 973 Akademietheater.
532 925 1436 1003 Dichters Vision. Er zog ihnen Smockings an,
1473 929 2356 1023 Die — richtige — Erwägung war wohl, daß
2432 954 3263 1052 Es ist sehr witzig, wie der Regisseur Hans
540 974 819 1053 das ist alles.
1430 961 2338 1047 nur jugendliche Temperamente Stil durch
2336 992 3256 1092 Brahm, des Burgtheaters apartester Revo¬
128 988 517 1111 k-Premieren
606 1008 1428 1105 Heute klingt so manches verspätet, weil
1432 1032 2330 1101 Empfindung ersetzen können. Aber diese Er¬
2342 1079 3256 1158 lutionär, die Kulissen dieser Szenen kompo¬
130 1082 315 1163 Umann.
1432 1085 2333 1162 wägung rechnete nicht mit der Trockenheit, den
2345 1120 3244 1218 niert: Als einen Makart=Angsttraum; als
538 1138 1431 1217 und Wert jener Form entwachsen sind. Nur
1424 1148 2335 1230 Denkerfalten, der steifen Strammheit eben dieser
141 1139 443 1223 der Beatrice“
2342 1179 3241 1247 einen Nippes=Rausch der Spießbürgerseele;
530 1192 1371 1251 vereinzelt haben sie — die Schauspieler
1432 1194 1741 1272 jungen Schar.
144 1205 517 1292 e nachher. Schließ¬
2342 1219 3250 1312 als Großmutters gute Stube, wie sie wirklich
524 1247 1441 1312 noch den Schimmer kühl leuchtender Rede, die
1506 1229 2339 1325 So spielt Herr Andersen den strahlenden
131 1270 518 1353 ker doch gesiegt. Er
2344 1282 2508 1360 aussah.
530 1295 1422 1370 einfache und doch getragene Geste, die Natür¬
1424 1284 2331 1371 Filippo Loschi erstaunlich sicher, klug, be¬
162 1326 517 1397 geworden. Mir
523 1348 1429 1420 lichkeit, die Natur und nicht Nachahmung ist.
2418 1334 3241 1422 Besonders die beiden Pudel als Schirm¬
1423 1360 2335 1432 herrscht, mit feinen, kleinen Deutlichkeiten.
140 1382 517 1462 sie wern's net ver¬
605 1403 1427 1476 Die Anforderungen freilich sind reichlich:
2335 1370 3255 1499 ständer haben mich entzückt. Welch ein Symbol
1425 1406 2337 1490 Aber eben nicht gerade strahlend. Zu wenig
2341 1450 2894 1541 aufreizender Gemütlichkeit!
525 1425 1428 1522 Hier spinnt Schicksal, launisch und fast
1433 1471 2329 1539 als Tenor, zu sehr als talentvolles Burg¬
126 1471 513 1563 s immerhin. Seine
524 1504 1424 1580 tändelnd, eines Kindes Seele zwischen die
1427 1513 2341 1606 theatermitglied. Vollen Klangs, warm und
2413 1506 3249 1597 Der Gedanke ist richtig: Man kann diese
134 1539 507 1614 zeit voll Stil=Ent¬
524 1548 1420 1642 Süchte, Verblendungen und Schauer sehr über¬
1431 1569 2337 1641 kräftig sind die paar Worte, die Herr Hennings
2330 1563 3240 1664 alten Edelpossen, mag ihre Technik noch so
137 1600 505 1656 iensteidl=Jungwien.
522 1616 1415 1673 reifer Männer. Und es bedingt diese Ueber¬
1430 1633 2328 1699 als Andrea spricht, auch Herrn Lohne; glücken
2337 1630 3246 1720 wirbeln, nicht mehr einfach herunterspielen.
142 1650 518 1719 r Verse, hoheits¬
524 1667 1416 1734 reise nicht nur durch eine ungewöhnliche
1426 1671 2330 1759 als grimmigem Bruder Francesco, einige starke
2332 1685 3241 1776 Die Frage ist nur, ob man sie überhaupt noch
121 1703 511 1775 ker Prosile zog auf.
521 1720 1425 1783 tückisch umschattete Situation, auch durch das
1424 1734 1844 1799 Akzente. Aber sonst.
2336 1747 3238 1831 spielen soll. Es bedarf des Kostümes und der
127 1755 482 1835 sKnaben „Lovis
525 1768 1428 1840 Gewicht und die Maske einer ganzen Zeit.
1502 1786 2327 1859 Als Beatrice jedoch nimmt Frau Wagener
2337 1790 3247 1886 Parodie dieses Kostüms. Daß hier gleich auch
129 1814 513 1884 wärmte mehr für
525 1829 1417 1902 Es müssen also Leidenschaften gleichsam im
1427 1839 2331 1927 einen wundervollen Anlauf. Sie tritt in
2333 1859 3253 1923 das Theater jener Zeit mitparodiert wird, ist
132 1857 514 1932 er brave Schlenther
518 1877 1411 1953 Menuettschritt verkörpert werden. All diese
1418 1877 2319 1954 Filippos Garten mit der verführerischen Ein¬
2325 1898 3246 1975 der Witz Nummer Zwei. Die Durchführung
133 1916 512 1997 ie kleine, schmetter¬
518 1941 1416 1996 Süße ist unendlich todesbang, all diese Grazie
1419 1949 2322 2027 falt, die ihr Dichter meinte, sie lächelt Ahnung
2325 1956 3237 2043 ist exakt, reicht bis in die blödsinnigsten De¬
127 1975 514 2049 hende Beatrice,
515 1990 1419 2063 im Innersten schmerzverzerrt, all diese Er¬
1418 1995 2324 2072 und Schicksal und sie findet diesen unbeschwert
2325 2018 3242 2086 tails dieser Unwiderstehlichkeit von ehedem
125 2027 514 2105 folgerin, weil sie
517 2038 1415 2115 regung ingendeoo zwecklos, all diese Skepsis
1422 2064 3240 2149 erschütternden Ton dann immer wieder, auch und wenn sie stellenweise ein wenig gequält
127 2078 517 2154 nd. Und Schnitzler
517 2088 1418 2164 und Lebenskunst das Erbteil einer Epoche, in
1414 2115 3241 2207 wenn sich diese holde Linie ein wenig wirkt, mag das eher daran liegen, daß Text
125 2135 512 2207 Cottage zurück. Er
508 2151 1404 2222 der es hieß geistvolle Miene zum brutalen
1423 2159 3244 2275 theatralisch verkrampft. Diese Beatrice, bei und Situationen bei aller Brapour des Mecha¬
133 2190 512 2263 gleichwohl schlägt
517 2200 1412 2270 Spiel machen. Dazu nun noch schöne Verse
1420 2198 2335 2300 weitem jünger als ihre Rolle, ist auch dem
2330 2232 2938 2319 nischen nicht mehr ausreichen.
128 2234 512 2313 ute noch mit aus
519 2256 1404 2338 rezitieren ist nicht Sache der Georg Kaiser¬
1409 2276 2318 2361 Burgtheater schon mehr als eine bloße
116 2298 519 2368 ichen Versen. Sie
511 2312 917 2389 Sprecher von heute.
2402 2281 3237 2385 Dem Publikum hat dieser Parademarsch,
1412 2321 1642 2391 Hoffnung.
132 2352 267 2417 sie.
590 2360 1420 2432 Und doch hat es — dreiundzwanzig Jahre
2328 2353 3230 2429 eine Farce übrigens, sehr gefallen. Nament¬
1484 2371 2312 2456 Des Abends helle Glorie lag auf Herrn
142 2383 505 2483 edel konzentrierte
2322 2411 3236 2472 lich Herrn Treßlers geradezu verbissene Spiel¬
516 2404 1411 2489 vorher — Otto Brahm gewagt, mit seinen
1423 2423 2310 2498 Aslan. Sein Herzog zog weiten Abstand um
126 2470 503 2541 liche seiner Tragik
2321 2460 3227 2538 freude, Frau Seidlers scharfe Kunst kleiner
506 2455 1407 2541 gegichten Ibsen=Spielern diese Aufführung zu
1413 2486 2319 2548 sich, atmete eine Noblesse, die von der Etikette
154 2516 525 2598 Sinne gesiellte
2321 2524 3233 2600 Lächerlichkeiten und Herrn Daneggers pol¬
513 2532 2317 2623 versuchen. Er lebte freilich, so ungleich seinem des Herzens und mit einer sehr reisen, sehr
124 2566 519 2645 die Mozarts Musik
2329 2577 3233 2660 ternde Karikatur machten ihm Spaß über
510 2578 2306 2644 Freunde Schlenther, am Wagen, Versuchen, köstlichen Klarheit der Mittel bestimmt wird.
125 2626 504 2708 „Tristan“ zu viel
2326 2631 3240 2709 Spaß. Die übrigen, Frau Wilke, die Herren
501 2630 859 2700 Ueberraschen
1487 2643 2301 2708 Und da die Wirkung dieser „Premiere“
138 2683 522 2765 Strauß zu viel
2323 2692 3238 2775 Arndt, Günther, Maierhofer, und Pranger
570 2694 2308 2766 Direktor Herterich, der die Regie sehr so stark als nur denkbar war, hat Wien nicht
2313 2731 2993 2822 waren aufs Stichwort possierlich.
124 2743 2312 2831 Mahler zu viel exakt, mit gutem Takt, ohne Oeldruckeffekte, recht behalten? Nur Zeit lassen! Was liegt an
131 2802 2224 2879 ler kehrte heim zuführt, (die Inszenierung bietet namentlich in ein paar ungeschriebenen Stücken ....?
2387 2788 3236 2901 Was soll die dünne Stimme der Kritik,
490 2849 1501 2946 den ungewöhnlich treuen Kostümen Gahlings 1.
2291 2836 2949 2960 wo Parkettbesucher gusetschen?
3043 2877 3146 2965 8
2382 2997 2501 3035 G
