3248 4256
2001 191 2448 279 box 20/2
338 174 1841 289 14. Der Schleier der Reatrice
1738 405 2149 489 Telefon 12801.
1258 508 2610 617 Alex. Weigl’s Unternehmen für Zeitungs-Ausschnitte
2255 597 2478 660 Ausschnitt
1593 615 2595 760 „OBSLRVER Nr. 61
1180 723 2641 827 I. österr. behördl. conc. Bureau für Zeitungsberichte u. Personalnachrichten
1381 777 2471 899 Wien, IX/,, Türkenstrasse 17.
1566 866 2230 960 — Filiale in Budapest: „Figyelo“
1190 938 2637 1056 Vertretungen in Berlin, Chicago, Genf, London, Newyork, Paris, Rom, Stockholm.
1830 1023 2518 1128 Berliner Local-Anzeiger
1178 1038 1819 1138 Ausschnitt aus:
1373 1144 1895 1249 Se.
1167 1181 1549 1313 vom
1411 1447 2236 1533 Der Schleier der Veatrice.
1446 1514 2284 1579 Breslau, 1. Dezember, 10 Uhr 5 Min. Abds.
1397 1576 2293 1648 (Telegr. unseres e.-Correspondenten.)
1400 1616 2290 1704 Im Lobe=Theater wurde heute Schnitzlers
1408 1672 2285 1734 „Schleier der Beatrice“ zum ersten Male
1400 1720 2279 1794 aufgeführt. Das Haus war überfüllt. Es
1404 1769 2290 1837 war der interessanteste Premiérenabend des
1404 1817 2288 1876 letzten Decenniums. Das Stück zeigte sich in den
1401 1865 2287 1933 ersten Akten schon überaus wirksam, aber die
1404 1903 2281 1969 Besetzung war mit wenig Ausnahmen ver¬
1411 1966 2277 2039 fehlt. Die Ausstattung jedoch war glänzend,
1168 2000 1345 2084 Für 50
1400 2008 2275 2075 die Regie unter Runge vorzüglich. Nach dem
1254 2054 1359 2103 100
1410 2067 2289 2133 ersten Akt wurde Widerspruch laut, der vierte
2358 2061 2553 2141 inclusive
1250 2095 1348 2142 200
1400 2102 2290 2184 hatte starke Wirkung, der letzte war schwächer. s.
2375 2128 2518 2178 Porto.
1251 2127 1359 2181 500
2352 2152 2541 2219 Zahlbar
1416 2163 2243 2239 Schnitzler erschien wiederholt vor der Rampe.
1189 2172 1357 2239 „ 1000
2269 2201 2565 2292 ] im Voraus.
1423 2206 2276 2271 Arthur Schnitzlers Schauspiel „Der Schleser
1263 2225 1347 2285 Im
1136 2264 1356 2326 Abonnemen
1361 2263 2585 2323 der Beatrice“ das von Paul Schleuther, dem sehnitte ist das
1361 2291 2258 2351 Director des Burgtheaters, unter Umständen ab¬
1137 2309 1366 2375 Abonnenter
2251 2312 2580 2388 ch steht es den
1363 2342 2424 2420 gelehnt wurde, die Aufsehen erregt und überdies jändern.
1364 2378 2263 2431 eine zweidentige Stellungnahme Schlenthers gegen¬
1250 2384 1348 2456 Der
1363 2419 2272 2473 über dem von seinem Freunde Brahm mit so
1124 2415 1354 2501 Inhaltsang
1365 2439 2569 2512 glänzenden Erfolgen geleiteren Deutschen Theater]enthaltend die
1127 2477 1354 2533 blätter
1359 2492 2570 2548 bekundet haben, ist gestern endlich im Breslauer hr Morgen¬
1130 2514 1352 2574 wodurch eir
1358 2536 2576 2586 Lobetheater zum ersten Male in Seene ge¬ siener Zeitung")
1114 2555 1355 2612 des In- un
1364 2569 2561 2624 gangen. Jede Wirkung hat ihre Ursache, und shaftliche Leben
1116 2587 1349 2653 werden in
2260 2604 2574 2675 se Mittheilungen
1356 2620 2274 2678 wenn eine Schnitzlersche Première sich nicht in
1364 2650 2269 2713 Wien oder Berlin, son ein in Breslau abspielt,
1363 2696 2268 2743 abspielen muß, so müssen hierfür Gründe vor¬
1360 2724 2265 2792 handen sein, die nicht nur in äußerlichen Zufällig¬.
1363 2775 2269 2836 keiten und persönlichen Verstimmungen, vielmehr
1358 2811 2131 2881 auch in der Dichtung selbst zu suchen sind.
1412 2860 2300 2915 Schnitzler wollte in seinem neuesten Schauspiel
1356 2885 2267 2946 hoch, seyr hoch hinaus. Er hat sein eigenstes
1367 2925 2272 2980 Gebiet, das moderne Lehen, verlassen und seine
1359 2961 2280 3017 Phantasie hinschweifen lassen zu einer bedeutsamen
1361 3006 2281 3051 Epoche der Vergangenheit. zu jenen Zeiten, da die
1362 3045 1454 3098 mit
1649 3045 2302 3114 paaite Macht eines Cesar Borgia
1696 3080 1812 3139 hielt.
1356 3082 1415 3137 all
1727 3099 2273 3173 te portas, so tönt es angstvol
1732 3157 2264 3213 e Stadt voll Lebenslust un
1368 3199 1448 3252 Lieb
1888 3198 2047 3251 ten Tage
2029 3240 2068 3280 en
1847 3265 2054 3332 Einzug hal
1694 3308 2075 3371 Lebensfrende und Lie
1358 3311 1523 3365 Noch ein
1359 3349 2080 3401 Tollheit und Tragik zum Ausbruch ko
1358 3389 2134 3439 dramatisch und psychologisch zu gestälten,
1365 3429 2294 3481 dem Dichter vorgeschwebt zu haben. Und er hat
1357 3463 2291 3517 hierzu eine Handlung ersonnen, die in ihrer Ver¬
1367 3503 2278 3558 worrenheit und Zerstücklung nur schwer die Vor¬
1355 3544 2288 3618 gänge im Drama und die Absicht des Dichters
1357 3588 1645 3647 erkennen läßt.
1416 3604 2280 3684 Im Mittelpunkt steht der Dichter Filippo Loschi.
1362 3643 2276 3715 Er ist der Verlobte einer edien Bologneserin, aber
1361 3697 2273 3756 in der Stunde ihrer höchsten Noth verläßt er sie,
1349 3734 2275 3784 um sich ganz dem Zauber hinzugeben, der von
1358 3777 2272 3834 der 16 jährigen Beatrice Nardi ausgeht. Ihrei¬
1756 3811 2272 3872 allem, der Freundschaft,
1356 3824 1756 3879 wegen entsagt er
1359 3842 2273 3911 der Shen der Liebe und der Treue, allein in
1364 3894 1484 3929 dem
1476 3897 1673 3936 Moment,
1674 3901 1753 3938 da
1780 3896 1884 3937 seine
1878 3882 2281 3945 Empfindungen für
1360 3924 2282 3979 Beatriee am stürmischsten wallen, entsagt er
1354 3964 2272 4021 auch ihr, weil sie ihm von einem Traume erzählt,
1353 4001 2281 4053 in dem sie sich in den Armen Lionardo Benti¬
1359 4042 2268 4104 voglios, des Herzogs von Bologna, sah. Der
1349 4074 2272 4130 Traum wird zur Wirtlichkeit. In der letzten
1361 4113 1609 4166 Nacht vor
1621 4124 2038 4175 seinem Untergange,
2038 4123 2284 4181 vor dem
1347 4149 2272 4193 Untergange seiner Stadt, für die er kämpfen und
