3436 4448
666 186 1032 262 e
3076 239 3283 296 eine übe
744 238 1877 294 (Del=Ka=Sonderangebot!) Haferlschehe, braun, Box,
650 269 1886 338 mit Doppelsohle, doppelt weiß genäht, flexibel, Größe 21—22
3086 284 3298 353 Stich in
653 327 1883 375 Sch. 8.50 23—26 Sch. 10.50, 27—30 Sch. 12.50, 31—35 Sch. 16.50,
3076 327 3300 392 gebaut w
643 355 1893 425 3642 Sch. 20.50. Haferlsocken und Sportstrümpfe. Siehe
1927 329 3035 420 Erste Donau=Dampfschiffahrts-Gesellschaft
3071 371 3301 439 in Wider
642 397 1054 464 Inserat Seite 11.
3077 422 3306 483 echte Rer
689 423 1899 490 E (Beka=Sanitas.) Die größte österreichische Schuhfabrik
3074 465 3298 535 ästhetisch
653 466 1890 533 „Beka“ hat bekanntlich vor kurzem die Erzeugung eines ortho¬
2042 438 2917 590 Ufingstverkehr
650 509 1890 559 pädischen Schuhes mit besonderem Erfolg ausgenommen. Wie
3101 516 3227 576 schaft
647 547 1890 597 wir erfahren, ist „Sanitas“ der ideale Schuh für leidende
1887 559 3051 633 Zu den Pfingstfeiertagen wird der Personenschiffverkehr auf de
657 585 1881 665 Füße, von den ärztlichen Autoritäten begrüßt und von
1886 613 3080 694 Strecke Linz — Melk — Krems Wien — Hainburg wesentlich
650 623 1883 673 Tausenden Fußleidenden herbeigesehnt bereits bei den
2368 649 2605 709 verstärkt.
649 669 1896 726 führenden Schuhgeschäften zum Einheitspreis von Sch. 41.50
1977 669 3079 782 Außer den fahrplanmäßigen Fahrten werden (bei günsti¬
645 698 894 760 erhältlich.
1867 712 2689 798 gem Wetter) zu den Feiertagen folgende
699 716 1870 788 F (Vacuum Cleaner.) Vornehmste Teppichaufbewahrungs
652 775 1878 844 anstalt, 3. Bezirk, Ungargasse Nr. 4. Telephone 95405, 95406,
648 815 1017 893 Besuch kostenlos.
2165 781 2809 896 Sonderschiffe
1860 855 2769 941 verkehren: am Pfingstsamstag, den 30. Mai.
2200 915 2780 981 von Wien nach Meik:
924 898 1626 1006 Theater und Kunst.
1863 956 3057 1038 ab Wien Praterkai um 2100 und 2130 zwei Sonderschiffe vo¬
1972 999 2834 1085 dem fahrplanmäßigen Postschiff bis Melk;
1047 999 1481 1092 Burgtheater.
1859 1044 2545 1122 am Pfingstsonntag, den 31. Mai,
743 1066 1817 1155 Zum erstenmal: „Der Schleier der Beatrice.“
2220 1069 2773 1132 von Wien nach Meik:
1871 1115 3092 1208 ab Wien Praterkai 21½ ein (onderschiff vor dem fahrplan¬
771 1133 1792 1199 Schauspiel in fünf Akten von Artur Schnitzler.
3103 1113 3319 1203 Neu ei,
1987 1156 2590 1229 mäßigen Postschiff bis Melk:
741 1189 1888 1239 Tod und Liebe, der Jubelruf des Lebens und das
2211 1193 2762 1266 von Meik nach Wien:
3164 1112 3302 1282 a0
1870 1211 3080 1300 von Melk (Hauptstrom, 1### ein Sonderschiff vor dem Post¬
639 1217 1886 1291 grauenhafte Schweigen der ewigen Nacht — welcher Kontraft:
1987 1255 2345 1313 schiff bis Wien;
3071 1255 3301 1338 im Krieg
648 1277 1871 1332 Gleichwohl zwischen beiden innige Berührung, geheimnisvolle
1866 1276 2529 1358 am Pfingstmontag, den 1. Juni.
3071 1313 3307 1383 müssen. 2
646 1318 1886 1384 Verwandtschaft. Lebensblüte ist der Tod — Todesblüte ist das
2039 1306 2960 1391 von Marbach, bzw. Meik nach Wien:
3093 1365 3312 1421 sagen die
652 1361 1886 1421 Leben! Daher die glühende Sehnsucht der höchsten Liebes¬
1878 1367 3092 1427 ab Marbach 1220 ein Sonderschiff: alle Stationen bis Wien,
3087 1398 3320 1471 Gang de¬
642 1418 3096 1467 wonne nach dem erlösenden Erlöschen. Daher das bei aller jab Melk (Hauptstrom) 1340 ein Sonderschiff im Anschlusse an
1971 1451 2803 1487 das Pastschiff: alle Stationen bis Wien.
3084 1450 3320 1531 ihr Lokal
648 1443 1901 1530 Schauerlichkeit lockende Spiel zwischen dem Genius des Lebens
1971 1474 3082 1534 In der Wachau steht außer dem fahrplanmäßigen Lokal¬
3081 1504 3308 1579 Wirte un
643 1489 3086 1585 und dem des Todes. Artur Schnitzler hat diesem Spiel oft schiff für den Lotalverkehr zwischen Melk—Krems ein weiterer
3081 1546 3281 1610 man in
1874 1549 2398 1618 Dampfer zur Verfügung.
650 1554 1873 1610 nachgesonnen und es in künstlerischen Gegenwartsbildern auf¬
1971 1586 3092 1646 Auf der Strecke Wien—Hainburg—Budapest landet außer
3079 1578 3318 1664 trinkt, wi
641 1595 1871 1658 leuchten lassen. Aber das moderne Leben, selbst bei hohem
1874 1613 3084 1690 dem fahrplanmäßigen Budapester Postschiff auch das am
3077 1638 3323 1710 noch so se
651 1648 1868 1704 Wogenschlag, ist ohne farbigen Glanz. Darum trieb es den
1880 1672 3080 1731 Pfingstsonntag fahrplanmäßig von Wien Praterkai 700 ab¬
3089 1689 3309 1748 ist es ein
648 1689 1871 1753 Dichter, ein Bild aus der italienischen Renaissance zu ge¬
1870 1707 2802 1774 gehende Expreßschiff in der Station Hainburg.
3088 1739 3314 1810 sanft entf
643 1737 1879 1798 stalten, aus einer bunten, abenteuerhaften Zeit, wo der
1966 1728 3087 1800 Auskünfte und Fahrpläne sind bei der Direktion Wien
1875 1772 3088 1843 (Tel. 93=5=35 Serie) bei den beteiligten Stationen, sowie in
3084 1790 3329 1859 Reihe nal
638 1785 1878 1865 Gaukeltanz zwischen Tod und Liebe seinen vollen, wilden
1872 1806 2406 1868 den Reisebüros erhältlich.
653 1832 1164 1904 Zauber entfalten konnte.
3075 1830 3317 1898 auferstehe
1956 1862 2436 1925 Wien, im Mai 1925.
3080 1877 3322 1951 die glorre
3155 1921 3317 2000 Man
745 1905 1873 1998 Dieser Gaukeltanz flattert in dem Schauspiel „Der
3073 1964 3259 2036 ist die
650 1974 1880 2040 Schleier der Beatrice“ vorüber. Cesare Borgia steht mit seinen
3068 2000 3319 2099 Existenzen
1940 1972 2367 2102 BOIKO
652 2032 1879 2094 Truppen vor Bologna. Eine Nacht noch, und dann ein er¬
3059 2056 3327 2131 vorigen
2382 2048 3058 2137 OKKASIONSVERKAUF
2013 2068 2249 2137 G. M.B. H.
641 2076 1898 2142 barmungsloser Kampf. Cesare Borgia, der in dem jungen
3069 2116 3324 2174 Milien d¬
1887 2099 3061 2200 Orig. Pariser Modelle: Mäntel, Kostüme, Kleider (Preise S 50—150)
649 2128 1889 2184 Herzog von Bologna einen ihm ebenbürtigen Rivalen wittert,
3073 2160 3322 2227 Lebens vo
2230 2172 2738 2233 Wien, I. Kärntnerstraße 34
640 2162 1883 2235 wird keinen Pardon geben. Das ahnt, fühlt jeder. Nur einer
3058 2209 3320 2270 und den #
1893 2202 3077 2288 Karlsbader Geschäft: Haus „Sophie“ bereits eröffnet
649 2214 1889 2276 nicht, ein verlorener Träumer: Filippo, ein Grandseigneur
3054 2252 3330 2325 dieser Gest
634 2271 1878 2330 und Dichter zugleich, dessen Verse Ewigkeitsklang haben. Warum
1876 2306 3324 2369 wie einem phantasiereichen Märchenerzähler. Ein greller Zug zukommen.
640 2313 1873 2379 seine Weltentrücktheit? Weil er zu tief in die schönen Augen
1867 2354 3322 2402 trübt indes auch da unsern Genuß. Der Herzog verkündet in wirtin, gl
637 2366 1867 2419 eines sechzehnjährigen bürgerlichen Mädchens geblickt.
1871 2387 3326 2457 seinem überquellenden Glücksgefühl, daß heute Nacht sein Park deren einz
634 2400 1871 2470 Beatrice heißt sie wie jenes Weib, das Dante geliebt und ver¬
1858 2442 3333 2515 eine Freistätte der Liebe sei. Und sie strömen herbei: feurige Sentiment
644 2455 879 2528 klärt hat.
739 2511 3332 2551 Vor drei Tagen erst hatten sich beide zum erstenmal Jünglinge und glühende Mädchen. Sie folgen dem Rufe ihres Wenn man
3071 2535 3320 2613 das gefühl“
1868 2549 3078 2599 Fürsten, der jeglichem Bunde, der sich im Garten unter dem
652 2536 1872 2619 getrofsen. Nun erwartet er sie zu einem süßen, heimlichen Fest.
3080 2589 3305 2645 schaftlichst
1868 2587 3082 2652 Sternenhimmel bis zum grauenden Morgen schließt, die Weihe
650 2602 1874 2654 Er wird ihr allem Anscheine nach zuerst Verse aus seinem
3082 2630 3325 2700 Sentiment
1878 2639 3075 2696 erteilt. Dieses Lupanar unter den ewigen Sternen neben dem
646 2647 1883 2716 jüngsten Buche vorlesen. Hernach wird geschehen, wie es fein
3080 2677 3313 2740 aus Sacri
1881 2684 3075 2744 Brautgemach — das ist nicht Renaissance! Das ist Reigen¬
633 2681 1873 2758 und zart in der „Göttlichen Komödic“ heißt: „Verführer war
3079 2719 3324 2796 seinen Che
1872 2731 2115 2797 phantasie!
643 2750 1867 2817 das Buch und der's verfaßte. — An jenem Tage lasen sie nicht
1949 2751 3322 2851 Auch dazumal war allerdings eine derartige Phantasie zu verliebe
649 2788 826 2855 mehr.“
1863 2812 3328 2879 wirksam. Sie sprudelte in den Erzählungen des Aretino. Aber gefühlvolle
741 2818 1865 2899 Es kommt aber nicht zur Lektüre. Denn Beatrice erzählt
1867 2857 3326 2940 der Herzog von Bologna soll ja im Sinne des Dichters eine zuzutrauer
641 2868 1871 2947 ihm eine seltsame Mär. Der erzog ritt an ihrem Hause vor¬
1865 2914 3317 2970 vornehme Natur sein. Und er empfindet trotzdem nicht die empörter &
641 2937 1868 2997 bei und blickte sie lange an, nur sie allein. Dann umfing sie
1865 2956 3323 3022 Selbstbesudelung seines Ehebettes! Und Beatrice? Sie flieht drein „seel
645 2983 1868 3037 ein wunderlicher Traum: sie war die Gemahlin des Herzogs.
1860 2995 3094 3073 aus dem Brautgemach. Allein aus einem ganz andern Motiv.
3154 3007 3310 3071 Inde
639 3032 1879 3093 Und als sie erwachte, fühlte sie noch einen Hauch seines
1867 3040 3322 3104 Ihre Liebe zu Filippo ist jählings erwacht und treibt sie in dieser Rett
634 3067 1881 3141 Kusses. Das sagt sie in einem staunenden, kindlichen Ton.
1860 3094 2338 3173 das Heim des Dichters.
3051 3092 3327 3171 Akt sommt
636 3109 1876 3177 Filippo aber wird wild. So feinfühlig ist er, daß sie ihm schon
3046 3140 3304 3216 und um #
644 3160 1870 3224 durch diesen Traum allein beschmutzt erscheint. Darum jagt er
1937 3166 3313 3242 Filippo hat bereits erfahren, daß Beatrices Traum in pokern; ge
641 3217 1885 3289 sie davon. Und dann? Dann stürzt sich dieser feinfühlige Poet?
1863 3222 3302 3279 Erfüllung gegangen. Und nun erscheint sie, um das Haupt eben nur
637 3262 1871 3331 in die Arme von zwei Kurtisanen. So betäubi er sein Weh!...
1874 3278 3071 3332 einen wundersamen Schleier, als Herzogin in später Nachtstunde
3077 3281 3296 3347 Hier nun
742 3311 1882 3380 Beatrices Traum war ein Wahrtraum. Der Herzog sieht
1862 3327 3072 3380 bei ihm! Was will sie? Mit ihm sterben! Das ist wohl der
3077 3329 3296 3396 List und
648 3366 1868 3416 sie am selben Abend zum zweitenmal, ist wiederum von ihrer
1865 3370 3075 3427 höchste Beweis ihrer Liebe. Filippo ist gleichwohl noch skeptisch.
3068 3360 3316 3437 stören. M.
654 3406 3326 3473 Schönheit geblendet und ladet sie zu sich ins Schloß. Die Und so inszeniert er zunächst eine raffinierte Komödie, eine Könige in
645 3452 3311 3512 sechzehnjährige Beatrice ist klug und weise. Sie erklärt dem listige Generalprobe des Doppelselbstmordes. Sie glaubt, sie Strumpf. 5
644 3495 1867 3559 Herzog, daß sie nur als seine Gemahlin in sein Schloß einziehen
1861 3511 3339 3578 wäre vergiftet, erschrickt und fleht um Rettung. Es war nur mit der son
639 3542 1879 3603 werde. Er tritt denn auch im Handumdrehen mit ihr vor den
1869 3553 3327 3613 ein Spiel, das er getrieben. Jetzt stößt er sie wieder von sich! ins Gericht
639 3599 3324 3673 Traualtar. Angesichts des Todes, der ihm entgegengrinst, wenn Weil sie gelogen. Weil sie nicht sterben will. Er rät ihr, zurück neuerlich i
638 3625 1878 3709 morgen früh der Kampf entbrennt, will er einige Glücksstunden
1859 3654 3079 3701 ins Schloß zu eilen und durch irgendeine Lüge den Herzog zu
3061 3637 3333 3716 keinen false
646 3694 1173 3762 auskosten. Bis zur Neige.
1848 3677 3071 3754 beschwichtigen, falls er ihre Flucht bereits entdeckt hat. Dann
3074 3697 3330 3761 tönen oper
748 3730 1865 3796 Ist das jene lebensvolle, überzeugende Renaissance, die
1870 3730 3064 3793 leert er einen Becher Wein, der wirklich Gift enthält. Beatrice
3066 3743 3318 3805 den Strick
643 3784 3080 3861 Gobineau in seinen, dramatischen Momentbildern vorzaubert stürzt entsetzt davon und läßt ihren Schleier bei dem Toten. —
3064 3786 3330 3856 gräber in i
649 3824 1883 3904 Wir glauben nicht Allein wir lauschen doch willig dem Dichter
3026 3831 3342 3917 des alten, be¬
838 3913 1693 4115 K.hG
