3436 4320
1884 166 2335 261 box 20/4
239 170 1751 290 14. Der Schleier der Beatrice
736 1271 2521 1363 erste Bezirk sowie der neunzehnte Bezirk, die ## im
2594 1272 3305 1360 Wie heute offiziell mitgeteilt wird
1498 1339 2520 1399 zweiten Wahlkörper von Fortschrittlichen vertreten waren,
464 1319 1494 1408 Bealtke, von allen Haupipersonen des Stückes, die ja,
2527 1348 3306 1418 eigentliche Taufpatin die Fürstin Anng
1493 1390 2518 1452 sind somit verloren gegangen und die Christlich=Sozialen
452 1392 1493 1461 wie in jedem sogenannt lyrischen Stück, dem Zentrum der
2524 1390 3289 1468 lohe=Bartenstein zu gelten, d
1504 1438 2515 1496 besitzen nunmehr in allen Bezirken, bis auf die Leopoldstadt,
464 1435 1483 1501 Dichtung gleich nahe sind; und da man sie nicht sieht,
2520 1438 3253 1517 herzogin Alice telegraphisch ersuchte,
1500 1493 2509 1545 die Majorität. In der Inneren Stadt war die Wahl¬
467 1487 1495 1547 sondern immer nur hört, führt die Sellsamkeitsempfindung
2522 1489 3301 1552 Funktion einer Taufpatin zu überneh
1499 1539 2511 1592 beteiligung der fortschrittlichen Wähler eine auffallend
454 1543 1493 1606 zu einem Ueberschwang der Seltsamkeitsphraseologie, der
2519 1520 3306 1612 der Fürstin erhielt auch die neugeborn
1488 1587 2513 1649 schwache. Die liberalen Kandidaten erhielten 380 Stimmen,
466 1584 1086 1657 zur verräterischen Schwäche wird.
2522 1593 3301 1657 den Namen Anna, während Mo
1499 1623 2518 1680 während auf ihre Gegner bis zu 800 Stimmen entfielen.
558 1605 1490 1705 Ein ähnliches Schwächesymptom sehe ich in der
2528 1633 3307 1709 Heilige des Tages der Entbi
1496 1662 2535 1749 In Döbling ergab sich eine Differenz von 250 Stimmen
453 1684 1492 1744 starken Anlehnung an literarische Vorbilder. Ein Berliner
2603 1670 3317 1757 Zur Sicherheit sind in der Vil
1496 1724 2518 1787 zu ungensten der Fortschrittlichen. — Die Kandidatenliste
451 1732 1500 1787 Kritiker konnte sich in der Besprechung der „Beatrice“ den
2528 1714 3268 1810 Gendarmen untergebracht, die auch
1498 1774 2512 1834 der firtschrittlichen Parteien für die
462 1777 1498 1846 Scherz machen, daß er alle Rollen durch die auf die Muster
2512 1770 2928 1858 Taufe beiwohnten.
1501 1821 2521 1888 Samstag den 9. d. stattfindenden Wahlen aus dem
464 1821 1492 1904 zurückweisenden Namen charakterisierte; es kam eine bunte
2603 1802 3303 1898 Hofrat Leopold bleibt vorläufig
1497 1864 2516 1922 sersten Wahlkörper des 1. Bezirkes enthält folgende
453 1873 1500 1939 Sammlutig heraus. Grillparzer und Shalespe##e klingen
2524 1871 3305 1951 Es wird von dem Gutachten der Aerzt
1499 1918 2508 1976 Namen: Hermann Fischer, Privatbeamter, Franz
465 1926 1495 1978 in hundert Reminiszenzen mit. Und wenn m#n über das
2514 1922 3304 2008 wie lange die neugeborene Prinzes
1499 1962 2513 2024 Josefsquai 3: Dr. Oskar Hein, Hof= und Gerichts¬
459 1963 1498 2026 Einzelne hümeg auf den Stil des Ganzen biiet, auf
2514 1970 2859 2054 Mutter bleibt.
1494 2005 2521 2070 advokat, Gonzagagasse 1; Dr. Maximilian Höfinger,
458 2014 1494 2080 diesen ein wenig gequälten, ein wenig sophistischen und,
1505 2061 2522 2118 Hof= und Gerichtsadvokat, Bartensteingasse 13; Karl von
457 2065 1496 2124 wie schon angedeutet, mit so viel Geistreichtum arbeitenden
2524 2056 3306 2164 Der Konflikt in der Olmützer
1502 2105 2516 2170 Jurkovics, Oberlandesgerichtsrat i. P., Remer¬
465 2115 1506 2192 Stil, dann tritt einem unwisskürlich das Vorbilo Friedrich
2741 2137 3326 2231 Dr. Kohns Sturz bevorstehen
1497 2145 2525 2219 gasse 14; Leopold Langer, Bürger und Bankier,
456 2166 1499 2218 Hebbels vor Augen. Wie weit das auf angeborene Ver¬
1507 2198 2518 2264 Opernring 13; Jakob Möschl, Kaufmann und Armen¬
2827 2185 3322 2281 Olmütz, 6. Mai. (Privat
467 2213 1492 2267 wandtschaft, wie weit es darauf beruhen mag, daß
1497 2251 2525 2322 rat, Am Hof 13; Maximilian Swadosch, Kleider¬
2608 2228 3316 2317 Die hiesigen czechischen Blätter melden
465 2256 1493 2319 Schnitzler aus der Not eines mißglückten Stosses die
1494 2300 2506 2357 macher und Bezirksvorsteherstellvertreter, Jasomirgott¬
2521 2284 3320 2372 einstimmend, daß die Affaire „Rectu
466 2307 1505 2364 Tugend einer literarisch bereits von früher her geprägten
1509 2344 2512 2418 straße 8, und Dr. Isidor Samuely, praktischer Arzt,
2516 2355 3320 2418 einem für letzteren ungünstig
465 2352 1509 2436 Eigenart machte, das sei hier nicht untersucht. Die Tatsache
1501 2391 1794 2468 Fischerstiege 6.
462 2404 635 2476 genügt.
2496 2399 3319 2455 sentgegengehe. „Selske Listy“ teile
2515 2438 3310 2518 ihnen aus sehr vertrauenswürdiger Quelle
1576 2430 2519 2511 (Wiener Stadtrat.) Der Stadtrat hat in der
560 2425 1497 2516 Nur darum war es hier zu tun, das Berliner
2523 2494 3310 2576 strophe als nahe bevorsteh
1505 2493 2519 2556 Stadtbuchhaltung ernannt: Zum Rechnungsrat
469 2502 1502 2559 Theaterschicksal des Stückes zu erklären. Da mußte natur¬
2516 2538 3268 2627 zeichnet werde. Erzbischof Dr.
1498 2554 2512 2609 Franz Hartl, zu Oberrevidenten Josef Siegl und
465 2548 1487 2609 gemäß von seinem Lyrismus und seinem Eklektizismus die
2523 2585 3310 2653 am Ende angelangt. Das B
1500 2593 2511 2652 Ferdinand Fieber; zu Rechnungsrevidenten Kajetan
469 2591 1502 2651 Rede sein, und das umsomehr, als damit die beiden Eigen¬
2528 2641 3315 2707 schließlich, es werde hiebei auch der Domi
1507 2644 2510 2704 Wichfritz, Otto Eyer, Ludwig Krister und Karl
461 2639 1497 2713 schaften des Stückes genannt sind, die man in Berlin
2509 2685 3285 2753 serden ein entscheidendes
1507 2693 2518 2751 Ecker; zu Rechnungsoffizialen Adolf Walter, Anton
463 2692 1504 2759 geneigt ist, als die spezisisch wienerischen anzusehen. Mit
2517 2736 2823 2814 sprechen haben.
1504 2743 2515 2798 Stark, Karl Hirt, Josef Knauer, zu Rechnungs¬
463 2732 1502 2811 ihrer wienerischen Sentimentalität, mit ihrem wienerischen
2846 2753 3319 2846 Pilsen, 6. Mai. (Privat#
1496 2776 2526 2855 assisienten Rudolf Schneeweiß, Felix Paul, Rudolf
470 2790 1506 2843 Vorbilderreichtum ist die „Veatrice“ hier verunglückt. Viel¬
2599 2819 3318 2902 „Plzensky Obzor“ bringt eine telephoni
1489 2836 2525 2902 Cibich, Friebrich Trautmann, Emerich Schneider;
467 2838 1412 2904 leicht ergeht es ihr damit in ihrer Vaterstadt besser.
1486 2880 3322 2947 im Konzeptsstatus: Heinrich Müller zumaus Wien, nach welcher ein mit der N####
551 2889 962 2974 Berlin, im April.
1105 2925 3315 3004 Alfred Gold. Magistrats=Oberkommissär. — Ferner hal der Stadtrat in enger Fühlung stehender hervorragend
