3436 4448
263 174 1772 266 14. Der Schleien der Beatrice
138 1412 1550 1486 Drang zum  gangenen Vittorino noch blutet, Herzogin von Bologna, am
154 1469 360 1525 erbleichen
381 1473 1545 1525 Altare mit dem kostbaren Schleier umkleidet, den der Herzog aus
132 1512 357 1573 illen. Aber
380 1517 1549 1560 dem Morgenlande mitgebracht hat. So kommt sie, nach neuem
136 1550 358 1614 r ist dieser
368 1552 1543 1606 Leben fiebernd, zum zweiten Male zu Filippo Loschi. Gemein¬
379 1601 1541 1646 sam, fordert er, wollen sie beide den Giftbecher trinken. Aber
144 1601 369 1657 dem ersten
386 1635 1548 1700 ihr Lebensdrang, der sich an die künftige Stunde klammert,
150 1641 365 1704 mmen hat.
146 1683 359 1744 ischen Re¬
379 1687 1541 1737 schrickt vor dem Becher feige zurück. So stirbt der Geliebte
145 1720 369 1790 die Hand¬
371 1733 1544 1795 allein; bei ihm zurück bleibt nur der Schleier, den Beatrice
141 1764 361 1835 baren Tode
369 1779 1552 1832 auf der bebenden Flucht vor dem Tode bei dem Sterbenden
555 1818 1255 1877 Zum Herzog zurückgekehrt und
370 1813 549 1875 vergißt.
138 1819 366 1876 re Borgia,
1260 1825 1548 1877 für treulos
376 1847 1548 1925 erkannt, soll sie sterben, wenn sie den Schleier nicht
151 1865 356 1926 lechzt der
381 1915 1317 1969 wiederschafft. Und sie wagt, abermals aus
144 1902 254 1963 ens.
250 1908 358 1965 In
1315 1904 1551 1967 Lust zum
149 1946 357 2011 ines irren
374 1936 1307 1999 Leben, aus Furcht vor dem Tode, an der
1303 1953 1551 2007 Seite des
151 1995 357 2053 von kind¬
374 1994 1541 2039 Gemahls zum dritten Male den grausigen Gang. Schleier
144 2034 368 2096 ler Tragik.
372 2033 1549 2099 und Leichnam offenbaren dem Herzog endlich die Lösung ihres
370 2070 810 2148 verschleierten Wesens:
138 2079 372 2141 ngslosigkeit
552 2104 1271 2178 Parst du nicht, Beatrice, nur ein Kind,
134 2125 367 2186 ndersamen
557 2142 1421 2212 Das mit der Krone spielte, weil sie glänzte, —
138 2170 371 2231 dekindschen
557 2202 1443 2267 Mit eines Dichters Seel', weil sie voll Rätsel, —
141 2215 367 2271 der Wiener
554 2238 1338 2297 Mit eines Jünglings Herzen, weils dir just
127 2254 372 2318 tbrennt zu
544 2285 1335 2334 Geschenkt war? Aber wir sind allzu streng
141 2303 361 2359 chnell, wie
549 2308 1362 2375 Und leiden's nicht, und jeder von uns wollte
137 2342 365 2403 en Dichter
543 2352 1453 2419 Nicht nur das einz'ge Spielzeug sein — nein, mehr!
133 2381 370 2463 Kebensglut;
548 2397 1356 2438 Die ganze Welt. So nannten wir dein Tun
548 2432 1432 2486 Betrug und Frevel — und du warst ein Kind!...
143 2431 358 2491 unbewußte
466 2471 1546 2531 Von der Hand des Bruders der ein Horatier und Valentin
151 2478 354 2536 wendet er
142 2519 362 2578 er zurückge¬
366 2516 1536 2568 in einer Person, stirbt sie. Der poetische Träumer und der
136 2563 357 2621 llen. Aber
381 2563 1542 2617 gutgläubige Narr aus dem Volke gehen an ihr zu Grunde; der
141 2608 365 2664 . Schon
385 2609 1540 2681 adlige Herrenmensch schreitet über sie hinweg, zu neuem Leben,
377 2647 659 2718 wie er hofft:
131 2652 364 2708 Hand fürs
493 2667 1252 2753 Das Zeichen tönt, und mächt'ge Neubegier
145 2695 362 2753 Bologna,
490 2735 1262 2780 Wie nie zuvor beflügelt meinen Schritt ...
144 2739 363 2805 vorher ge¬
487 2761 1226 2824 Die frischen Morgenlüfte atm' ich durstig
142 2781 370 2840 ren. Nicht
486 2815 1249 2876 Und preise dieses Leuchten aus den Höhn,
199 2824 357 2883 in den
482 2843 1218 2911 Als wär er mir allein so reich geschenkt.
142 2870 367 2926 unter den
479 2884 1468 2933 Das Leben ist die Fülle, nicht die Zeit,
142 2913 357 2975 b fragen!
491 2927 1497 2990 Und noch der nächste Augenblick ist weit!
137 2956 369 3018 denn zwei
451 2955 1534 3029 Nur wenn es Schnitzler gelungen wäre, ein packendes und
142 3010 1528 3084 en Tod ge= zwingendes Gemälde der Sinnenwelt der Renaissance, des
1935 167 2360 262 box 20/4
2058 1430 3230 1523 „letzten Tages“ von Bologna vor uns hinzuzaubern, wäre diese
2050 1470 3222 1560 schreiend bunte Handlung durch höheren Sinn motiviert. Aber
2052 1524 3224 1608 gerade diese unheimliche Ausnahmestimmung bleibt aus. Es
2060 1557 3223 1651 sind und bleiben, auch beim Aufgebot so vieler Gestalten und
2051 1605 3209 1685 Typen aus Adel und Volk, lauter einzelne Steine und
2062 1650 3214 1735 Steinchen, die sich zu keinem künstlerischen Geschmeide zusammen¬
2056 1691 2254 1744 finden.
2248 1702 3224 1791 Den spielerischen Händen, die in niedlichen
2046 1736 3210 1827 Kostbarkeiten von Gedanken, Bildern und Worten wählen,
2056 1776 3219 1871 fehlte es an der Kraft, den Ernst der Dinge zu fassen.
2043 1818 3224 1914 Psychologie, allzu spitz und behende, um zu überzeugen, tauscht
2045 1867 3205 1950 ihre Rolle jeden Augenblick mit bleubender Taschenspielerei, die
2039 1906 3215 2002 Menschen und Gefühle bunt durcheinander wirbelt. Grill¬
2039 1959 3218 2041 parzers „Jüdin von Toledo“ schwebt durch die Gassen von
2039 1997 3213 2077 Bologna; Beatrice verrät mit ihr, der Herzog mit dem
2045 2042 3212 2133 König oft überraschende Aehnlichkeit. Aber diese Aehnlich¬
2045 2095 3207 2175 keit offenbart nur die Unfähigkeit Schnitzlers, aus schön
2036 2137 3202 2213 erdachten Einzeleinfällen den versonnenen Tiefsinn des Lebens
2042 2171 3194 2257 aufsteigen zu lassen, der uns bei Grillparzer oder bei Hebbel
2114 2233 3197 2305 denn auch er winkt herein — menschlich ergreift. Letzten
2044 2261 3202 2352 Endes ist dieser Mangel an Vermögen bei hohem Wollen eine
2041 2319 3200 2392 Schwäche des Charakters: der träumerisch weichen und weib¬
2036 2356 3197 2449 lichen Sinnlichkeit dieser Wiener Molluskenkunst wird sich das
2042 2400 2726 2463 Heroische immer und ewig versagen.
2124 2448 3182 2528 Die Darstellung des „Deutschen Theaters“ war so mäßig,
2037 2487 3196 2571 wie wir es bei hohen Versdramen hier nun schon gewohnt sind.
2027 2527 3186 2631 Nur Kayßler als Herzog, voll schlichter, herber Kraft gab eine
2022 2569 2536 2655 achtunggebietende Leistung.
2984 2597 3150 2660 F. D.
