3248 4256
2008 197 2467 284 box 20/1
345 196 1868 295 14. Der Schleien der Beatrice
1196 1002 2381 1067 + „Der Schleier der Beatrice.“ Wir erhalten über die
1147 1030 2393 1095 Angelegenheit Schlenther=Schnitzler einen Brief unseres Wiener
1154 1088 2392 1165 +=Korrespondenten, der unsere im gestrigen Abendblatt gemachten
1147 1120 2289 1180 Bemerkungen in der Hauptfache bestätigt. Die Zuschrift lautet:
1183 1164 2381 1225 Herr Dr. Schlenther mag wohl die beste Absicht gehabt
1140 1179 2374 1262 haben, das Stück aufzuführen, aber — seit dem „Grünen Kakadu“
1141 1241 2377 1285 sind die bekannten „maßgebenden Kreise“ dem Dichter nicht besonders
1137 1267 2372 1340 gewogen. Das erklärt wohl Alles, was an der Sache seltsam und
1139 1317 2361 1375 dunkel erscheinen mag. Im Uebrigen sind die alten Gebräuche“ des
1139 1345 2367 1404 Burgtheaters den Antoren gegenüber schon oft unliebsam empfunden
1140 1387 2372 1455 worden. Wird an unserer Hofbühne ein Stück angenommen, so er¬
1141 1420 2364 1487 hält der Verfasser einen Brief, der diese Verpflichtung ausspricht und
1137 1459 2367 1514 für ihre Nichteinhaltung nur einen Strafbetrag von fünfhundert
1143 1498 2375 1562 Gulden festsetzt. Ein Termin zur Aufführung wird nicht zugestanden,
1144 1544 2376 1602 und es ist wiederholt vorgekommen, daß angesehene Schriftsteller
1134 1575 2377 1637 Jahre lang ohne Aufführung hingezogen und schließlich mit der
1137 1613 2375 1677 lächerlichen Abfindungssumme abgethan wurden. Herr Ludwig
1141 1643 2374 1688 Fulda beispielsweise könnte manches Interessante über seine Er¬
1139 1685 2365 1744 fahrungen mit dem Burgtheater erzählen. Diese „unliebsamen
1143 1724 2366 1785 Gebräuche“, wie wir sagen wollen, um der Sache keine unhöfliche
1135 1755 2369 1799 Bezeichnung zu geben, herrschen indessen nur deutschen Autoren
1133 1799 2365 1857 gegenüber. Den Franzosen gegenüber verpflichtet man sich nicht blos
1136 1843 2374 1910 zu Aufführungsfristen, man zahlt ihnen auch ganz stattliche Ein¬
1137 1875 2130 1942 reichungshonorare. Es ist aber schon der Mühe werth!
1218 2175 2232 2236 = [Der Fall Schlenther.] In den Wiener Blättern
1109 2189 2220 2268 liegt jetzt der Wortlaut der bereits telegraphisch angekündigten
1120 2254 2227 2292 Erklärung vor, mit der sich die Wiener Kritiker Hermann
1128 2294 2222 2332 Bahr, Julius Bauer, J. J. David, Dr. Robert Hirsch¬
1118 2335 2221 2377 feld, Felix Salten und Ludwig Speidel gegen den Direktor
1115 2342 2486 2415 des Burgtheaters Herrn Dr. Schlenther wenden, weil dieser #####
1122 2411 2214 2459 ein neues Drama von Arthur Schnitzler: „Der Schleier der
1129 2451 2210 2503 Beatrice“ erst zur Aufführung angenommen und nach Monaten
1125 2493 2210 2537 unter Ausfluchten abgelehnt hat. Ohne uns in eine Diskussion
2213 2421 2487 2565 nta
1123 2532 2215 2576 über das Verhalten des Herrn Schlenther einzulassen, müssen wir
1125 2566 2214 2632 bekennen, daß wir das Vorgehen der sechs Wiener Herren für ganz
1127 2608 2216 2660 verfehlt halten. In die geschäftlichen Erörterungen zwischen
2224 2629 2488 2711 z
1130 2644 2209 2696 Autoren und Theaterleitern haben sich Kritiker nicht hineinzu¬
1132 2689 2209 2734 mischen. Das sind Privatsachen; der Nachweis, daß sie ein öffent¬
1120 2723 2214 2769 liches Interesse berühren, läßt sich schwer führen; Differenzen
1123 2764 2215 2811 solcher Art gehören vor die Civil= oder die Schiedsgerichte. Der
1129 2802 2217 2853 Schriftsteller, der ein Stück im Burgtheater einreicht, unter¬
1123 2843 2216 2893 wirft sich von selbst den amtlichen Bestimmungen, die hier gelien
1123 2879 2221 2916 und von denen die Wiener Erklärung selbst sagt, daß die drama¬
1120 2917 2214 2957 tischen Autoren ihnen wehrlos gegenüberstehen. Die Art,
1118 2952 2218 3013 wie man ihn im Burgtheater behandelt, ist für Arthur Schnitzler
1133 2995 2223 3048 gewiß nicht angenehm, aber schließlich ist gerade er auf Herrn
1126 3034 2216 3073 Schlenther nicht angewiesen und es wird genug andere gute Bühnen
1124 3067 2220 3119 geben, die nach seinen Stücken greisen. Wenn aber die Erklärung
1126 3115 2217 3161 der Wiener Herren insgeheim Einiges von der vielverbreiteten
1122 3155 2222 3203 Ansicht wiederspiegeln wollte, wonach die Berufung des Herrn
1122 3184 2210 3229 Schlenther nach Wien das größte Mißgeschick war, das die alte
1132 3226 2221 3285 berühmte Hofbühne treffen konnte, so wird dieses Vorgehen erst
1127 3258 2219 3309 recht keine Wirkung erzielen. Um einen unfähigen Funktionär,
1121 3305 2223 3349 den man aus einem Amt beseitigen möchte, für unabsehbare Zeiten
1128 3344 2211 3390 darin zu befestigen, gibt es in Oesterreich kein besseres Mittel als:
1127 3382 2223 3435 Angriffe in den Zeitungen. Herr Dr. Schlenther, der gerade jetzt in
1115 3424 2213 3475 dem Fall Schratt eine wahrscheinlich erfolgreiche Kraftprobe
1121 3457 2217 3506 abzulegen sich anschickt, wird aller Voraussicht nach noch lange
1129 3501 2126 3548 in der Lage sein, Autoren, Kritiker und Publikum zu ärgern.
1243 3528 2226 3583 [Von der Dominikaner=Lehranstalt in Freibura
1105 3567 1668 3641 (Schweiz).! Die kathaltsch-
