3392 4352
1830 238 2362 330 box 20/3
217 269 1746 357 14. Der Schleier der Beatrice
1418 1033 1928 1120 Notizen und Besprechungen.
2244 1033 2384 1133 167
973 1125 2389 1209 worden ist. Sie versucht, durch Lüge zu verhehlen, wo sie gewesen ist.
969 1208 2389 1274 Schließlich aber wird sie doch gezwungen, den Herzog zu des todten
964 1252 2378 1312 Filippo Hause zu führen. Der Herzog erkennt, was geschehen ist und
965 1329 1928 1389 warum es so geschah. Er versteht und verzeiht:
1204 1387 1935 1467 Warst Du nicht, Beatrice, nur ein Kind,
1207 1444 2016 1503 Das mit der Kione spielte, weil sie glänzte, —
1204 1500 2051 1566 Mit eines Dichters Seel', weil sie voll Räthsel, —
1200 1539 2001 1614 Mit eines Jünglings Herzen, weil's Dir just
1206 1602 1985 1662 Geschenkt war? Aber wir sind allzu streng
1205 1645 1989 1715 Und leiden's nicht, und jeder von uns wollte
1207 1699 2105 1754 Nicht nur das einz'ge Spielzeug sein — nein, mehr!
1202 1759 2032 1816 Die ganze Welt. So nannten wir Dein Thun
1197 1800 2044 1868 Betrug und Frevel — und Du warst ein Kind!
1056 1881 2366 1946 In diesen Versen dürfte wohl der Schlüssel der ganzen verschlungenen
962 1945 2366 1994 Geschehnisse zu suchen sein. Ich verzichte darauf, dieser Verschlungenheit
954 1989 2374 2057 weiter nachzugehen. Die Haupthandlung wird von allerlei Nebenhandlungen
961 2052 2380 2105 begleitet und gekreuzt. Das Grundmotiv, der Gegensatz zwischen Tod und
968 2102 2376 2168 Leben, wird mehrfach aufgenommen und variirt. Die Personenfülle ist
957 2156 2374 2209 erschreckend groß: mehr als fünfzig Nummern weist das Verzeichniß auf.
962 2210 2368 2261 Leider bedeutet diese Personenfülle kein Gestaltenfülle, obwohl aller Wahr¬
965 2272 2360 2340 scheinlichkeit nach Schnitzler vor Allem in die Figuren der beiden Gegen¬
968 2328 2369 2388 spieler, des Herzogs und des Dichters, etwas Besonderes hineingelegt zu
966 2379 2366 2429 haben wähnen dürfte. — Ich wiederhole nochmals: mit willkürlicher
969 2429 2372 2498 Phantasie ließe sich wohl in das Drama viel hineinlegen, und ich traue
955 2483 2362 2552 mir abstrakt konstruktive Begabung genug zu, um auch in diesem Falle
964 2544 2374 2610 alles Verschlungene und scheinbar Verworrene als in schönster Ordnung
957 2587 2358 2639 und von innerster Einheit darzustellen. Aber es lohnt nicht. Ich be¬
964 2641 2357 2711 zweifle auch gar nicht, daß der Dichter selber in Allem Sinn, Plan und
956 2708 2364 2765 Absicht sieht. Und ich glaube sogar zu wissen, welche Absicht ihn hier ge¬
964 2752 2372 2810 leitet hat. Die Sehnsucht, aus den Niederungen des Naturalismus emporzu¬
963 2807 2365 2869 kommen zu einer großzügigen Höhenkunst, haben wir Alle. Wir wollen
953 2873 2367 2928 Kraft und Leidenschaft, reine, elementare Leidenschaft. Da kann nur
968 2916 2357 2976 Shakespeare Vorbild sein. Auf Shakespeare's Spuren ist nun auch
968 2975 2363 3035 Schnitzler gegangen. Mit vollem Bewußtsein hat er eine Fülle neben
955 3028 2360 3096 einander laufender Handlungen erfunden. Mit vollem Bewußtsein hat er
956 3083 2358 3141 mehr als fünfzig Personen aufgeboten. Mit vollem Bewußtsein hat er
966 3139 2355 3208 auch Personen nach Art Shakespeare's sich geberden und sprechen lassen.
961 3177 2354 3249 Man nehme z. B. die Szenen zwischen Autonio und Tito einerseits und
955 3236 2361 3298 den Courtisanen Isabella und Lucrezia andererseits, und man höre, wie
967 3301 2353 3369 Tito redet: „Und diese hier sind junge Mädchen aus Florenz. Sie sind
968 3354 2358 3411 nach Bologna gekommen, um zehn oder zwölf lustige Tage mit uns zu
956 3397 2360 3473 verbringen. Für die Lustigkeit haben wir bestens gesorgt, nur die Zahl
957 3460 2381 3530 der Tage steht nicht bei uns. Jeden ihrer Wünsche haben wir ihnen
