3484 4384
1975 313 2431 409 box 20/1
283 302 1820 424 14. Der Schleier der Beatrice
1205 565 1625 648 Telefon 12801.
745 686 2110 761 Alex. Weigl's Unternehmen für Zeitungs-Ausschnitte
1775 729 1964 789 Ausschnftt
689 750 1002 868 & 105
1782 750 2108 887 Nr. 39
1028 761 1742 898 „OBSERVER“
1157 860 1277 913 —
693 871 2148 976 I. österr. behördl. conc. Bureau für Zeitungsberichte u. Personalnachrichten
879 953 1989 1043 Wien, IX Türkenstrasse 17.
1097 1025 1759 1122 Filiale in Budapest: „Figyelé“
701 1117 2152 1186 Vertretungen in Berlin, Chicago, Genf, London, Newyork, Paris, Rom, Stockholm.
697 1235 1243 1330 Ausschnitt aus:
1357 1298 2036 1458 Pomtwner Nachrieben
706 1359 1368 1499 von 4 50 7 0 00
861 1508 1878 1609 * Vor acht Tagen machte ein ing die Oesseutlichkeit
865 1576 1840 1628 getragener Streit zwischen Arthur Schnitzler, dem
873 1625 1848 1698 Dichter der „Liebelei“ und des „Grünen Kakadu“,
882 1669 1841 1739 und Panl Schlenther, dem Director des Burg¬
882 1714 1850 1781 theaters, großes Aufsehen. Sie haben schon von der
875 1756 1842 1820 Affaire kurz Notiz genommen, und ich darf sie in
882 1809 1802 1857 ihren=wesentlichen Zügen als bekannt voraussetzen.
914 1847 1841 1892 Schnitzler hatte sein neues Stück: „Der Schleier
875 1891 1840 1961 der Berenice“ im vorigen Winter bei der Direction
874 1944 2803 2009 des Burgtheaters eingereicht, Schleuther hatte an= har nicht Schnitzler, mit dem das Burg=Theater schonf
1832 1990 2784 2047 so viele Erfolge hatte, der sich mit den drei Einactern#
880 1993 1840 2064 fänglich halb und halb zugegriffen. Allmählich waren
887 2040 1831 2095 ihm jedoch Bedenken gekommen, und das Ende war,
1833 2033 2780 2100 „Paracelsus“, „Die Gefährtin" und „Der grüne
1823 2063 2793 2140 Kakadu“ in die vorderste Reihe der modernen
879 2082 1821 2129 daß er am 2. September d. J. das Werk unzwei¬
877 2125 2784 2180 deutig ablehnte. Darob ward der Dichter empört. deutschen Dramatiker gestellt hat, ein gutes Recht zk
888 2170 2789 2221 Er hatte das anfängliche Entgegenkommen Schleuthersfordern, daß nicht ein einzelner Mann, sondern das!
758 2208 872 2279 Für
881 2212 2790 2275 Ffür mehr gehalten, als es war, und ein Publikum über sein neues Werk urtheile? Hat denn
868 2252 2789 2314 1 Reihe von Burgtheaterkritikern ergriff für Schnitzler der Director sonst in allen Fällen die untrügliche
858 2295 2775 2368 2 Partei, indem sie in einer öffentlichen Erklärung Sicherheit, daß ein von ihm angenommenes Stück
879 2347 2783 2402 Schleuther Hinterhältigkeit, Wankelmuth, Zweidentig= vom Publikum günstig beurtheilt werden wird?
774 2375 872 2442 „
876 2393 2780 2448 keit zum Vorwurf machten, und überhaupt die salalen Riskirt er nicht zumeist alles? Wenn man nun oben¬
873 2436 2772 2488 Verhältnisse im Burgtheater anklagten: es habe alle drein, wie Schreiber dieses Briefes, das Schnißzer'sche
740 2467 1827 2533 Abonn Rechte, aber keine Pflichten; die Dichter seien seiner
1828 2480 2763 2523 Werk ebenso wie Director Schleuther gelesen hat —
743 2511 881 2563 Abonn
1836 2499 2783 2574 auch ich will die gebotene Discretion nicht über¬
877 2510 1817 2569 Willkür vollständig ausgeliefert, da das Burgtheater
1823 2549 2773 2624 schreiten und nichts mehr als absolut nöthig davon
873 2569 1818 2614 bei Annahme neuer Stücke sich niemals zu einem
1822 2608 2772 2666 ausplaubern — dann stellt man sich vollends auf
874 2603 1829 2680 bestimmten Termine der Aufführung verpflichten
742 2605 892 2684 Inhalt
753 2657 2767 2711 blät wolle. Schleuther blieb darauf die Antwort nicht Seiten des Dichters, denn Schlenthers drama¬
758 2706 2769 2746 wodure schuldig und veröffentlichte eine Erklärung, in der er turgische Bedenken sind für den Kenner der
754 2749 2778 2802 des Inssein Zögern mit einem unzweideutig klaren Bescheid Dichtung durchaus nicht stichhaltig. Das Stück hat
760 2796 2772 2846 werdemmit seinem (nie bezweifelten) Wohlwollen für wohl seine Schwächen, aber am allerwenigsten, an
1835 2830 2777 2890 jenen Stellen, die Schlenther hervorhob, wenn er
884 2838 1821 2891 Schnitzler rechtiertigte, seine Ablehnung des „Schlriers
1833 2867 2776 2929 sagt: „Im „Schleier“ zersplittert und zerstreut sich
880 2884 1825 2934 der Berenice" aber mit rein dramaturgischen Bedenken
1834 2919 2772 2976 das Interesse an dem Dualismus der beiden Contrasts
879 2925 1826 2983 gegen die Wirksamkeit des Stückes auf dem Hofburg¬
1804 2952 2779 3020 figuren, Dichter und Fürst, weil diese beide zu wenig
875 2963 1732 3028 Stheater begründete. So ist der Sachverhalt.
920 3006 2789 3059 Die Wirkung dieser zwei Erklärungen auf unser plebendig werden. Sie sind Begriffe, aus dem#
878 3037 2787 3106 Publikum war nun ganz merkwürdig: genau ent-#theoretischen Contrast geboren. Damit aber ist dems
1835 3095 2777 3148 Drama das Rückgrat gebrochen, und das, wovon ein
879 3101 1823 3157 gegengesetzt den Erwartungen, welche die Unterzeichner
877 3144 1827 3204 der ersten Erklärung gehegt haben mögen. Allgemein
1833 3126 2791 3194 Bühnenerfolg leben konnte, liegt im Reiz des
1834 3174 2784 3244 Details". .. Das ist absolut nicht richtig, die ek¬
891 3190 1831 3241 wurde ihr Vorgehen verurtheilt und die Freiheit des
1824 3224 2786 3279 wähnten Gestalten sind voll dichterischen Lebens, der
885 3223 1828 3277 Theaterdirectors in der Wahl der aufzuführenden
888 3269 2783 3321 Stücke in Schutz genommen. Das Ueberraschendste Einwand überhaupt so subjectiv als nur möglich!
888 3311 2780 3364 trat zu Tage: Schlenther, der von allen litera= Die Gefahr des Stückes liegt einzig und allein in
884 3363 2776 3418 rischen Gegner so vielsach angegriffen wird, dem seit der kühn gezeichneten weiblichen Hauptfigur selbst, in
1830 3392 2787 3459 der Berenice, sie allein ist sein „Rückgrat". Ihret¬
880 3403 1837 3458 seiner Berufung das Leben hier so sauer als möglich
1839 3449 2782 3504 wegen ist das Stück aber geschrieben worden. Das!
879 3444 1834 3504 gemacht wird, besitzt jetzt schon zweifellos die Gunst
1833 3484 2782 3542 fällt schon bei der ersten Lectüre auf! Und als
870 3502 1829 3549 des Publikums. Die Zähigktit, mit der er sich allen
1838 3517 2778 3597 Ganzes bezeugt diese Tragödie einen so großen
882 3537 1839 3602 Intrignen zum Trotz festhält und beispielsweise auch
1839 3564 2773 3631 weiteren Fortschritt Schnitzlers über sein bisheriges
887 3571 1835 3635 einflußreichen, aber allernden Schauspielerinnen, die
886 3608 2790 3663 seine Rathschläge verschmähen und gegen ihn intri= Schaffen hinaus, daß man in der That nicht umhin
886 3660 2603 3718 fguiren. Widerstand leistet, hat ihm, scheint es, diese kann, Schleuthers Ablehnung zu bedauern.
1862 3699 2776 3772 So sehr ich Schleuther die jetzt erwachten Sympa¬
892 3709 1841 3760 Sympathieen erworben. Das Publikum ist ander¬
1837 3750 2784 3816 thien des Wiener Publikums für ihn gönne, da mir
883 3753 1835 3803 seits der wetterwendischen Rezensentenlaunen salt,
891 3796 1823 3843 von denen manches Stücklein noch in Aller Er¬
1830 3799 2782 3841 das Kessektreiben der Kritik gegen ihn stets als eine
1827 3828 2789 3898 Gefahr mehr für das Burgtheater, als für seine Person
890 3836 1835 3898 innerung iebt und stellt sich auf Seiten des Directors,
880 3883 1835 3931 der aus eben denselben Gründen von seiner höheren
1830 3884 2784 3946 erschien, so wenig kann ich ihm diesmal Recht geben.
882 3922 1644 3994 Behörde gehalten und unterstützt wird...
1831 3920 2778 3982 Ich bin fest überzeugt, daß sein Urtheil von der nahe
915 3972 1829 4025 Und dennoch, wenn man mit ruhiger Sachlichkeit
1828 3959 2778 4031 bevorstehenden Aufführung der „Verenice“ in Breslau
877 4029 2779 4061 den Streit zwischen Dichter Jund Direktor betrachtet, und anderwärts desavouirt werden wird. Sollte es
887 4053 2784 4135 muß man sich auf Schnitzler's Seite stellen. Denn den erwarleten Erfolg nicht haben, so wird es gewiß nicht
1817 4096 2786 4204 aus den von Schleuther angeführten Gründen dls
1816 4139 2017 4230 Tschehen.
