3436 4320
1931 185 2390 278 box 20/5
272 161 1785 278 14. Der Schleier der Beatrice
1920 1042 2774 1123 Zrepeirgoseichen Gumttie #ie U#.
529 1064 1145 1144 den Staatsdienst vorbereitet.
1841 1081 3140 1171 haben, daß auch ein Verbleiben der Prinzessin Luise mit ihrem
585 1126 1829 1198 Wie gesagt: Ganz unser Urteil über Herrn Joe Chamber¬
1831 1142 3136 1200 Töchterlein möglich sein wird, muß vorläufig dahingestellt bleiben.
533 1175 1829 1252 lain! Was will man schließlich von einem Menschen, der nichts
1832 1185 3140 1265 Der Park der Villa Toscana prangt gegenwärtig im herrlichsten
540 1234 1825 1296 Gediegenes gelernt, sondern in seinem Leben bloß Glück ge¬
1839 1232 3134 1300 Frühlingsgrün. Das dichte Laub entzieht die einsamen Be¬
1833 1270 3139 1350 wohner der Villa nun gänzlich den Blicken etwaiger Neugieriger,
538 1273 1821 1360 habt hat, anderes erwarten, als hohle Großsprecherei und Wichtig¬
1834 1314 3136 1388 und der See, der in den letzten Wochen durch die Schneeschmelze
534 1327 1830 1400 tueret, hinter der nichts, aber auch gar nichts von Eigenwert
1835 1360 3127 1434 beträchtlich gestiegen ist, bringt seine Wellen bis zur Ufermauer
535 1370 848 1447 dahintersteckt?
1833 1406 3135 1458 des Parkes. So ist die Villa Toscana in ihrer herrlichen Lage
1823 1440 3125 1501 der großartigen Alpenwelt gegenüber ein völlig abgeschlossenes
1944 1495 2074 1567 OT
2163 1496 2255 1566 S
505 1537 1811 1623 prächtiger Siegfried, das erquickende Bild eines reckenhaften Knaben,
1830 1558 3132 1640 befriedigte nur, weil ihrem Wachstume zum leidenschaftlichen, in stürmischer
516 1588 1815 1664 der stimmlich eine hervorragende, eine glänzende Leistung schuf. Wäre
1832 1611 3127 1680 Liebe entbrennenden Weibe, die richtige Entwickelung und die fortreißende
511 1629 1817 1707 dem Künstler das Pathos nicht zum einzigen Stützpunkt für seinen Gesang
1818 1643 3130 1721 Größe fehlte und hrem Erwachen, dem allmählichen Erinnern dessen,
504 1666 1815 1750 und seine Gebärde geworden, also zur zweiten Natur, so hätte er das
1826 1699 3132 1766 was geschah und dessen, was geschehen muß, jenes feine künstlerische
519 1711 1827 1799 vortreffliche Aeußere des Bildes durch die Natürlichkeit des seelischen
1822 1729 3117 1805 Empfinden, das bestrickt und den Zuhörer völlig in seinen Bannkreis zieht.
515 1765 1814 1838 Gehaltes in Ton und Darstellung zu einem unübertrefflichen Gemälde
1880 1789 3126 1865 Ist der Schein überwunden, so tritt jede Gestalt, wie Wagner es
503 1805 1818 1891 vollenden können. So ist Herr Urlus wohl nach Gestalt und Stimme
1825 1829 3124 1905 will, lebensvoll in die Erscheinung. Mimes und Alberichs eigentümliche
505 1841 1820 1931 ein auserwählter Jungsiegfried, aber nicht in gesanglicher und dar¬
1815 1886 3123 1956 Ton= und Wortsprache und Gebärden müssen deshalb als natürlich
510 1897 1808 1971 stellerischer Hinsicht und das bedaure ich aufrichtigen Herzens. Was
1821 1919 3120 1993 empfunden werden. Dem über alles Lob erhabenen Mime des Herrn
513 1935 1806 2019 Wagner für die Siegfriedpartie außer Stimme und Gestalt noch fordert,
1819 1956 3115 2038 Marion war der Alberich des Herrn Kunze bis auf Kleinig¬
501 1985 1826 2059 ist Natur und Poesie, und die besitzt leider Herr Urlus nicht. Im
1815 1998 3123 2073 keiten ebenbürtig. Wäre der tötliche Haß des Schwarzalben gegen
498 2009 1807 2104 ersten Aufzuge, als er mit Mime zankte und dann sein Schwert schmiedete,
1811 2053 3123 2126 Wotan ohne Lücken und wilder fauchend und die Habgier seinem Bruder
496 2062 1808 2150 wurden die Mängel nicht so offenbar, da er sie durch seine stimmliche Frische
1814 2088 3126 2158 Mime gegenüber noch tierischer im Anspringen zum Ausdruck gekemamen,
507 2103 1805 2194 und Krafi, mit der er vor allem die Schmiedelieder sang, zu überdecken ver¬
1808 2133 3123 2214 hätte der Leistung nichts an der Vollendung gemangelt. Herrn Kunzes
502 2160 1811 2234 mochte. Dafür traten sie im zweiten Akte um so schärfer hervor. Herr Urlus
1808 2168 3119 2244 Alberich war nach Ton und Bewegung der beste, den ich bis jetzt auf
509 2206 1812 2278 war nicht der Knabe, der noch nichts von der Welt weiß und dennoch von einem
1808 2215 3123 2302 der hiesigen Bühne gesehen habe. Im Vergleich zu dieser Leistung fällt
514 2248 1803 2330 unbezähmbaren Tatendrang erfüllt ist, nicht das träumerische große Kind
1816 2271 3125 2347 die von Fräulein Samek als Erda auf den Nullpunkt der Bewertung
509 2290 1804 2365 nit der gewissen Unbeholfenheit in Ausdruck und Haltung, er war schon
1805 2314 3117 2390 herunter. Herr Schütz als Wanderer und Fräulein Untucht als
507 2338 1802 2413 vie im ersten Aufzuge der Jüngling, der von seinem Heldentume über¬
1814 2367 3113 2428 Waldvogel boten Lobenswertes, nicht so die Regie mit der Beleuchtung.
516 2375 1805 2457 eugt ist. Der Knabe Siegfried, der nur die Natur kennt und liebt,
1812 2397 3121 2479 Das Orchester spielte gut, aber ohne rechte Liebe. Die Begeisterung der
519 2424 1813 2506 ürde sich wohl kaum in der von Herrn Urlus eingenommenen Stellung
1809 2445 3127 2505 Zuhörer dagegen war groß und wuchs von Akt zu Akt und mit ihr
524 2466 1800 2542 nter den Baum gelegt haben, um von Vater und Mutter zu träumen.
1816 2489 3128 2555 steigerte sich in gleichem Maße der Beifall. Gut bleibt eben gut und
520 2507 1802 2591 st es denn so schwer, auf der Bühne natürlich zu sein? — Die lang
1809 2525 2269 2612 deutsch bleibt heutsch.
2772 2546 3063 2630 Paul Merkel.
517 2559 1803 2644 usgestreckte Lage, dazu die Hände über dem Kopf gefaltet, kann als
524 2600 1797 2675 ie richtige nur in Betracht kommen. Auch in Leipzig habe ich Jung¬
1875 2631 2826 2738 00 Leipziger Schauspielhaus.
515 2642 1801 2720 egfriede gesehen und gehört, die Herrn Urlus im zweiten Aufzuge
510 2675 1799 2765 i der Natürlichkeit und Schönheit des Gesanglichen und Darstellerischen
2039 2689 3004 2777 Gastspiel von Irene Triescht4
506 2722 1815 2811 edeutend über waren. Den schlimmsten Streich spielte dem Sänger das
2156 2742 2762 2821 „Der Schleier der Beatrice“.
505 2767 1804 2847 zathos im zweiten Teile des dritten Aufzuges, als Siegfried auf Brünn¬
1970 2784 2921 2895 Schauspiel in 5 Akten von Artur Schnitzler.
513 2811 1806 2889 ildenstein kommt und Brünnhilde mit einem Kuß zum menschlichen
1916 2826 2750 2907 Warst Du nicht, Beatrice, nur ein Killd,
2974 2824 3143 2919 4
511 2863 1806 2932 eben erweckt, weil es ihn verhinderte, das Reifen des Knaben zum
1916 2887 2886 2964 Das mit der Krone spielte, weil sie glänzte, —
507 2905 1799 2969 iebe fühlenden Jüngling lebenswahr zu zeichnen. Siegfried muß Brünn¬
1916 2925 2877 3015 Mit eines Dichters Scel', weil sie voll Rätsel, —
504 2953 1806 3010 ilde mit verzehrenden Blicken aufsaugen und in seinen Augen muß das
1916 2977 2824 3059 Mit eines Jünglings Herzen, weils Dir just
507 2992 1802 3074 euer lodern, das Brünnhilde so ängstigt, daß sie vor ihm niederkniet
1916 3011 2792 3088 Geschenkt war? Aber wir sind allzu streng
510 3037 1806 3108 nd ihn anfleht: „Siegfried, sieh meine Angst!“ Herr Urlus aber
1915 3051 2853 3130 Und leidens nicht, und jeder von uns wollte
502 3077 1798 3171 and gemütlich mit verschränkten Armen zur Seite und harrte ruhig der
1907 3088 2987 3192 Nicht nur das einz'ge Spielzeug sein — nein, mehr!
494 3123 1802 3208 inge, die da kommen mußten. Daß seine Schwertschmiederei, seine
1898 3157 2839 3219 Die ganze Welt. So nannten wir Dein Tun
494 3174 1793 3245 Ingriffe auf den Drachen, das Zerschlagen des Speeres von Wotan nicht
1909 3193 2861 3263 Betrug und Frevel — und Du warst ein Kind!
491 3213 1790 3296 lit der Musik zeitlich übereinstimmten, soll ihm gern nachgesehen sein,
1848 3226 3085 3319 So läßt Artur Schnitzler den Herzog Bentivoglio sprechen. In
493 3256 1795 3337 aß er aber mit dem Kuß zu spät kam, wird ihm Brünnhilde kaum ver¬
1793 3276 3095 3357 kürzere Worte als der Dichter dies hier selbst tut, kann Niemand
489 3301 1781 3387 eihen, wie ich ihm kaum verzeihe, daß er durchgängig die Fälle ver¬
1793 3314 3099 3398 den Sinn seines Schauspiels zusammenfassen. Ja, Beatrice, Du
484 3339 1787 3419 oechselte und statt mir immer mich und umgekehrt sang. Trotz aller
1790 3364 3089 3444 warst ein Kind, ein Weibkind. Den Jüngling verrietst Du um des
484 3384 1793 3467 Nängel bleibt Herrn Urlus Jungsiegfried eine rühmenswerte Leistung.
1785 3416 3094 3491 Dichters willen. Den Dichter verließest Du, um die Hand des
484 3420 1782 3519 licht den gleichen Eindruck vermochte Fräulein Sengern mit der
1781 3455 3093 3536 Herzogs zu erringen. Den Herzog wiederum verrietest Du, um
487 3470 1789 3562 darstellung der Brünnhilde zu erwecken. Für diese Partie fehlt ihr die
1786 3501 3095 3588 zum Dichter zurückzukehren. Und die Männer, denen Du Dein
489 3527 3125 3640 trahlende Höhe in der Stimme und der Zauber der Persönlichkeit. Sie Herz teiltest? Sie gaben sich Dir ganz Sie vermochten das
