3484 4320
330 194 1831 291 14. Der Schleier der Beatrice
1899 187 2448 283 box 20/4
991 1053 2463 1125 im „Deutschen Theater“ aufgeführt stalten Hebbels an die Mariamne¬
985 1092 1158 1158 wurde.
1737 1108 2460 1172 tragödie z. B. erinnert. Die Ver¬
1046 1131 1723 1216 In die Welt der Renaissance ist
1725 1155 2457 1213 wandtschaft ist da, nur ist sie nicht
986 1192 1715 1266 wohl die Handlung verlegt; es bleibt
1732 1209 2462 1279 innig. Hebbels morgenländischer Fürst
983 1248 1713 1304 aber nur beim Renaissance=Kostüm.
1729 1258 2467 1329 in der Mariamne leidet, so will mir
986 1288 1724 1359 Im übrigen fügt sich das Drama dem
1731 1317 2464 1378 scheinen, im letzten Grunde an schwerem
983 1349 1723 1408 leisen, elegischen Grundcharakter der
1737 1353 2462 1421 Geblüt. Seine dunkle Tragik greift
990 1403 1722 1462 gegenwärtigen Wiener Poesie ein. Mehr
1728 1402 2462 1481 ganz anders an das Gemüt, als die
992 1448 1715 1512 nervöse Sensibilität als rechtschaffene
1733 1457 2464 1520 Unruhe des geistreichen Melancholikers,
986 1486 1722 1563 Blutwärme; vielerlei Raffinement im
1729 1497 2469 1573 des unbefriedigten Jünglings aus Bo¬
994 1539 1726 1607 Denken und Sinnen, aber man stößt
1732 1543 1882 1629 logna.
993 1598 1710 1657 nicht entschlossen bis auf den Grund
989 1628 1716 1703 einer tragischen Idee. So erhält die
988 1685 1705 1746 jüngste Elegie von Schnitzler auch etwas
996 1745 1710 1799 von der „Schönheit der Bleichsüchtigen“,
992 1791 1713 1854 wiewohl Schnitzler in dem „Schleier
982 1841 1709 1912 der Beatrice“ gewiß nicht mit ihr ko¬
979 1876 1271 1952 kettieren will.
1040 1930 1711 2000 Ihn hat der Gegensatz zwischen den
987 1990 1719 2055 sorglos Lebenden und den Grüblern
982 2027 1714 2100 mit ihren scheuen, ewig fragenden Augen
975 2078 1710 2150 gereizt. Beatrice, das blühende Erden¬
978 2125 1716 2190 lind, kann zu manchem Augenblicke
984 2180 1718 2249 sagen: Verweile doch, du bist so schön.
987 2230 1717 2296 Ihrem Dichter, dem jungen Edelmann
974 2274 1719 2344 aus Bologna, ist's verwehrt. Den
982 2320 1714 2400 Ueberfeinerten stört ein Hauch. Er
984 2372 1709 2441 zerpflückt seine und der anderen Ge¬
983 2423 1721 2492 fühle, Illusion um Illusion verrinnt
974 2472 1718 2541 und ihm, dem Peinlichen wird alle Lust
988 2529 1720 2589 vergällt. Nach seinem selbstherrlichen
986 2572 1711 2644 Mädchenideal mißt er, immer ängst¬
986 2622 1711 2690 lich prüfend, seine Beatrice, und da
985 2666 1716 2741 dies lebhafte, begehrliche Kind dem
984 2729 1704 2792 ersehnten Idealbild nicht nahe kommen
979 2777 1704 2839 kann, liegt für den Dichter die Welt
978 2812 1705 2881 in Trümmern. Er war stets von dem
977 2863 1702 2937 Gefühl besessen, den barmherzigen
984 2917 1709 2986 Schleier, der die Erdendinge umgibt,
984 2964 1709 3053 zu zerreißen; und dies Gefühl ver¬
968 3010 1221 3077 nichtet ihn.
1034 3060 1709 3137 Gerade die irdisch=derbe, die naive
982 3116 1702 3182 Gestalt der Beatrice huscht mehr sche¬
986 3172 1701 3224 mengleich über die Bretter. Das er¬
979 3205 1700 3289 höht den Eindruck nachdenklichen Raf¬
978 3261 1697 3311 finements und schädigt, ja verwirrt
975 3313 1704 3375 mitunter die sinnlich=künstlerische Be¬
977 3349 1709 3424 deutung der Tragödie. Der schwer¬
981 3416 1706 3482 mütige Renaissance=Dichter bei Schnitz¬
969 3461 1712 3524 ler hat manchen an verwandte Ge¬
