3248 4256
445 2815 518 2870 Ab
340 162 1851 290 14. Der Schleien der Reatrice
1994 184 2454 284 box 20/1
935 923 1362 1027 Telefon 12801.
464 1023 1843 1120 Alex. Weigl's Unternehmen für Zeitungs-Ausschnitte
1481 1087 1705 1158 Ausschnitt
807 1136 1823 1250 „GBSERVEN N. 97
406 1227 1875 1325 I. österr. Behördl. conc. Bureau für Zeitungsberichte u. Personalnachrichten
604 1300 1726 1403 Wien, IX/ Türkenstrasse 17.
805 1389 1515 1474 — Filiale in Budapest: „Figyeló“ —
415 1454 1889 1563 Vertretungen in Berlin. Chicago, Genf, London, Newyork, Paris, Rom, Stockholm.
412 1519 1714 1673 Ausschnitt aus: Monlags-Sialt (uder Gratte) Wien
751 1684 1087 1794 1619 5
420 1733 815 1859 vom
1925 1975 3025 2047 „Lieber Dr. Schleuther! Ihr lobenswerther Wissens¬
922 1930 1505 2061 Feuilleton.
3113 1999 3244 2066 Auf
1801 1993 3011 2101 drang gibt mir erwünschteste Gelegenheit, Ihnen heute in
2999 2022 3254 2106 Gebieter w
1808 2052 3007 2143 Form einer Vorlesung (nicht zum Besten der „Concordia“,
2997 2091 3258 2150 mehr etwas
747 2050 1657 2176 Die Schlenter-Vorlesung.
1804 2099 3264 2186 sondern zum Besten des so schwer an Ihnen leidenden Burg=Muster von
808 2121 1597 2223 (Kein Bericht des „Montagblatt“.)
1800 2142 3023 2229 theaters!) Alles das zu sagen, mir seit längerer Zeit — un¬
3000 2175 3263 2242 in Hamburg
1791 2187 3253 2279 gefähr so lange als Sie Director sind — auf dem Herzen liegt. die „Richtur
703 2188 3263 2339 Also gestern hat die mit allem bei den Veranstaltungen Sie mögen über das „antike Drama“ recht viel studirt haben machen wer
579 2200 1816 2321 der „Concordia“ üblichen Aufwand an Voranzeigen, Notizen
1795 2277 3008 2360 und auch die „moderne Bühne“ recht gründlich gekannt haben,
574 2262 1798 2362 2c. angekündigte Vorlesung des „geistvollen Kritikers und
2993 2304 3254 2371 der „drama
1794 2323 3008 2407 als Sie noch für die „Vossische Zeitung“ ihre Kritiken schrieben
580 2312 1796 2402 Directors des Burgtheaters Dr. Paul Schlenther“ im Bösen¬
3001 2356 3259 2413 der Sie am
578 2356 1798 2453 dorfersaale stattgefunden und die Auguren des Abends haben
1800 2362 3012 2465 und bald nach seinen ersten Erfolgen Gerhard Hauptmann
2990 2398 3265 2471 Blumenthal
577 2391 1800 2498 das Schütteln der kritischen Köpfe für kurze Zeit eingestellt
1795 2408 3008 2504 für die Mitwelt noch einmal entdeckten, aber als Bühnen¬
3099 2438 3262 2505 Wo is
1803 2453 3003 2542 leiter sind Sie — verzeihen Sie das harte Wort! — nicht
572 2434 1809 2543 und wie der antike Chor ihr „Ave“ und „Heil“ gerufen.
2990 2460 3255 2551 der Glorie ih
1799 2499 2995 2585 auf dem Platze, den man Ihnen so weich und wohlig gebettet
574 2487 1801 2584 Das Unglaubliche ist wahr geworden, die Herren von der
2994 2532 3254 2590 Bühne“, die
573 2534 1803 2634 Presse und Frau Thalia's Droschkenkutscher (Standplatz am
1791 2541 2998 2637 hat! Sie kamen als kritischer Obergott mit all dem Ansehen
2999 2565 3257 2635 Bühne ist?
576 2574 1793 2681 Franzensring) haben sich gesunden, trotzdem die ersteren lange
1791 2587 2997 2677 nach Wien, dessen sich — Gott sei's geklagt! — bei uns nur
2988 2615 3262 2682 tischen Schrif
1792 2628 2996 2728 der „richtige Berliner“ sowie jeder andere „Zuag'raste“ erfreut.
571 2633 2998 2763 mit ihm in den Haaren gelegen und erst kürzlich im Falle Man empfing Sie als den Propheten der modernen Kunst,
2986 2662 3258 2731 vor die Thür
570 2666 3004 2809 Schnitzler eine Collectivnote an den bösen Mann sandten, die doch dieser Prophet war nur der — Jeremias, dessen Klage¬
2990 2713 3262 2769 mann, Sude
575 2727 1808 2816 energischer klang, als die Collectivnoten der Diplomaten in
2982 2757 3263 2814 an andere T
1785 2762 2992 2854 lieder bald ertönten, als Sie an Werk gingen. Man hoffte
565 2753 1798 2838 Peking. Die Herren haben also ihr kritisches Rüstzeug, respec¬
2977 2799 3261 2864 sitzt, der nach
1777 2813 2997 2901 auf neue Stücke — diese blieben aus! Man hoffte auf neue
573 2801 1793 2896 tive Entrüstzeug abgelegt. Doktor Paul, der immer ein
2986 2845 3263 2909 hat, als die
1779 2852 2986 2941 Künstler — diese kamen, leider! Oder wollen Sie die Frank's,
566 2849 1790 2942 fideles „altes Haus“ war, war durch so viel Liebe rasch ge¬
2986 2886 3250 2951 den Mann, d
1780 2896 2990 2983 Biesantze, Paulsen's 2c. als Gewinn für das Burgtheater
2977 2927 3265 2998 kam, aber All
551 2906 2986 3030 wonnen und so durfte er denn zum Besten der „Concordia“ ausgeben? Man, ffte auf Auffrischung des alten Repertoires,
551 2933 2377 3050 am Sonntag all seine profunde Weisheit über „Antikes Drama das arg vernachlässigt war
2989 2977 3250 3033 des hohen C
562 2976 1789 3078 und moderne Bühne" „zum Besten“ geben, und es ist noch
2358 3003 2979 3075 — es ist heute noch mehr im
2985 3007 3262 3088 literarisches
1775 3024 2988 3112 Argen und wenn man ein classisches Stück erträglich dar¬
560 3031 2977 3161 nicht ganz klar, wer damit „zum Besten“ gehalten worden. gestellt sehen will, so muß man am Donnerstag in's Volks¬
3079 3067 3262 3124 „Das,
2893 3086 2947 3139 711
556 3071 2974 3160 Das antike Drama“ ist eine schöne Sache und Dr. Schlenther theater oder am Samstag in's Jubiläumstheater gehen! Sie
2972 3083 3264 3168 Schlenther sa
557 3101 1783 3204 mag seine Gymnasialzeit und spätere Studienjahre mit Nutzen
2972 3160 3259 3209 modernen Bü
1777 3161 2984 3256 haben Kainz und die Witt von ihrem Vorgänger über¬
2971 3199 3256 3259 Bühnenleiters
550 3156 2973 3295 an Dieses gewendet haben, aber wie er mit der „modernen nommen, doch was haben Sie aus diesen beiden Star's zu
546 3197 1782 3290 Bühne“ steht, das hätte er statt bei Bösendorfer, besser in
2976 3236 3260 3298 bin ich nicht
1767 3250 2980 3332 machen verstanden? Nichts! Oder noch weniger als das denn
542 3241 1783 3336 seinem Haus am Franzensring zeigen sollen, wo er schon all¬
2972 3281 3263 3357 Privatissimun
1761 3297 2978 3390 Kainz ist nicht einmal mehr der Cassenmagnet, der er Anfangs
541 3286 1775 3382 zulange das Directionsscepter führt oder wenigstens führen soll.
3078 3334 3254 3388 Aber di
1773 3337 2970 3429 war, weil das Publikum von dem großen Künstler große
669 3323 1769 3429 Wir waren gestern im Saale im Parquet, während
2966 3348 3254 3433 still zuhörend
538 3370 1773 3476 Dr. Schlenther auf der Estrade saß — wenn es nach meinem
1769 3382 2975 3468 Leistungen sehen will und diese können Sie ihm nicht bieten!
2967 3416 3244 3478 der Estrade
1763 3427 2973 3516 Die Lotte Witt, von der allein eine andere Bühne leben
539 3421 1766 3512 Willen gegangen wäre, so hätte es umgekehrt sein müssen
2963 3456 3264 3529 Hofburgtheate
1762 3467 2963 3559 könnte, haben Sie glücklich bis zu der Hosenrolle in
2959 3504 3264 3566 „Antikes Drat
529 3456 3265 3625 und ich hätte für und an Dr. Schlenther folgende Vor= „Renaissance“ gebracht, für dessen Talmi=Poesie Bau=Zeit am Fran
519 3511 923 3596 lesung gehalten:
1734 3543 2680 3660 lmeister'sches Gold verschwendet wird ...
2962 3578 3264 3666 morschen Bret
