3436 4448
4 1821 55 1879 lem
-5 1966 75 2020 dem
323 180 518 281 14
513 201 1873 286 Der Schleier der Beatrice
867 793 1979 883 Dogani  t „ Cr —  0
220 833 859 916 hat und nunmehr dem Sozialdemo¬
864 864 1973 945 in die Pontons stieg, um auf das serbische Ufer zu über¬
221 904 869 953 die Hakenkreuzler sofort
223 912 1974 992 esen hat, als er das Eigentumsrecht setzen, da gelangte Major Hiltl nur bis zur Türkeninsel.
868 1012 1979 1071 Verwirrung getrieben wird, nicht wissend, daß sie selbst in
870 1050 1973 1117 Tode treibt, von Untreue zu Untreue schreitet, von Philippo
211 1032 755 1150 nd Wissen.
865 1100 1979 1171 Loschi zum Herzog, zum ehrsamen, beschränkten Handwerks¬
871 1140 1981 1215 gesellen Vittorino=Brackenburg, und wieder zum Herzog
213 1167 651 1262 ier der Beatrice.
875 1187 1981 1277 und wieder zu Philippo, dem selbstquälerisch und anspruchsvoll
223 1216 794 1314 rung im Burgtheater.)
876 1244 1984 1311 analysierenden Dichter, und wieder zurück zum Herzog aus
866 1299 1978 1359 dem Hause der grausamen, prächtigen und hochgemuten Beuti¬
210 1274 860 1361 ollte mit dieser um fast ein Viertel¬
877 1338 1985 1407 voglio. Keinerlei Absicht ist in dieser Beatrice. Aber Weibtrieb
210 1346 865 1414 Erstaufführung von Artur Schnitz¬
867 1390 1973 1454 nach der Liebe des hohen Geistes, nach der Wollust des Glanzes,
223 1399 860 1452 l erweisen, daß es sich noch Dinge
879 1439 1985 1504 Sehnsucht nach treuer Sorglichkeit — wenn sie müde ist,
210 1441 869 1513 ithers Zeit nicht wagte. Freilich
874 1484 1980 1554 zerbricht eine Dichterleidenschaft, eine Jünglingstreu# eint#
223 1487 865 1556 der Beatrice“ war nämlich um die
877 1544 1976 1603 Fürsten Genußfreude, versinkt ein Weib in Wahnsinn, gang
209 1532 844 1608 Burgtheater fest angenommen —
884 1585 1978 1643 ohne Laster und Frevelhaftigkeit, tötet drei Männer und sich
213 1576 861 1654 beil damals in diesem reichen Pracht¬
876 1628 1984 1705 selbst durch die Hand des Bruders Francesco=Valentin, der
205 1634 871 1699 #er durch Schnitzler, Weininger und
879 1680 1336 1761 „ein Soldat und brav“.
206 1668 869 1744 shenen Renaissance manches als sehr
205 1725 871 1784 unden wurde, was heute dieses Reizes
975 1710 1979 1794 Schon in dem Augenblick, da die hochbegabte Hilde
206 1782 865 1835 flungen von Renaissance sind heute
876 1793 1984 1859 Wagener als Beatrice so ahnungslos munter von der
198 1833 861 1890 vor fünfundzwanzig Jahren in einer
874 1829 1987 1893 geistigen Umnachtung ihres Vaters plaudert, deren dunkle, bei
204 1884 861 1948 obineau beeindruckten Zeit, Theorien
881 1877 1982 1945 ihrer Mutter und deren Freund liegenden Ursachen sie nicht
207 1930 864 1989 echtswesenhaftigkeit des Weibes er¬
875 1936 1991 1997 ahnt, hatte die Künstlerin die jenseits von Gut und Böse
210 1969 866 2035 ertriebenheit veraltet, Sexualwunsch¬
887 1975 1984 2050 stehende Naturhaftigkeit dieses Uncharakters erfaßt und aus¬
204 2006 875 2086 zlos altbekannte Wahrscheinlichkeit.
893 2030 1989 2093 gedrückt und hielt sie mit sicherer Kunst bis zum letzten Augen¬
210 2062 864 2135 it ist uns heute aber auch Artur
889 2081 1985 2152 blick fest. Nur etwas zu deutsch, ein klein wenig zu tief ins
219 2109 869 2183 hende Auffassung von der erotischen
884 2128 1987 2185 Traumhafte ins Transzendentale übersetzt war Hilde
214 2161 869 2232 r, die der Triebhaftigleit des Weibes
884 2156 1985 2229 Wageners liebliche, unleidenschaftliche Beatrice. Raoul Aslan,
203 2221 864 2283 dhaftigkeit andichtet, am Manne aber
885 2221 1984 2287 dessen Sprachkunst eine einschmeichelnde Dolmetscherin
215 2269 865 2327 hkeit in seinen erotischen Forderungen
889 2266 1984 2337 jambischer Verse war, hatte als Herzog das große Format in
216 2313 875 2384 ue aufweist und die landläufige
896 2314 1983 2375 renaissancehaften Maßlosigkeiten, auch in denen der Geckerei,
889 2367 1999 2428 nich aber in der Leidenschaft der Erotik, wie denn überhaupt
208 2381 870 2472 g, den das Schauspiel im Burgtheater
883 2408 1989 2490 leider, leider, auch das Orgiastische der letzten Liebesnacht des
209 2453 877 2521 dankt es also der ganzen Sachlage
885 2457 1997 2519 Volkes von Bologna im vierten Akt herzlich schlecht gelingt.
209 2495 879 2562 er Problematik, sondern deren rein
888 2496 1995 2584 Ein hochgeistiger Selbstgeißler und überfeinerter Schöngeist
195 2548 878 2619 ponierung, seinem Reichtum an
889 2561 1995 2616 war Ludwig Andersen als Dicher, fein abgestimmt in
205 2598 881 2667 die im farbenfreudigen Gewande der
891 2613 1999 2680 Glück und Qual, und Frev Hennings gab den Andrea in
199 2644 874 2710 nd durch das Milieu selbst, aber auch
897 2646 1998 2728 seiner einzigen großen Szene mil prachtvoller Geschliffenheit.
212 2690 878 2763 Milieu künstlerisch gemäßen strengen
891 2702 1997 2774 Noch wären Viln.a Aknays hyst-rische Courtisane Zukrezia,
208 2737 883 2803 er Architektur gehoben wird. Nicht
893 2746 1998 2818 Fritz Straßni, Hilde Wall und Phlipp Zeska zu er¬
200 2787 880 2870 höne Erfolg bedingt durch den ernsten,
887 2802 1999 2857 wähnen. Alfred Lohners Bruder Fran#esco war wohl etwas
211 2832 883 2906 der aus dem persönlichen Einstehen
889 2848 1983 2922 zu eintönig knallig. Sonst aber sind da nur noch viese schöne,
222 2881 894 2963 n Dichters für das alte Werk seiner
895 2896 1811 2972 stattliche und reich kostümierte Figuren im Spiel.
205 2942 286 3007 chs.
989 2940 1990 3030 Auf das Optische hat sich diese Erstaufführung des
214 2951 882 3048 er ist Requisit zur Aufdeckung ihrer
888 2997 1999 3072 Burgtheaters ja mit großer Sorgfalt und auch mit besonderem
209 3021 885 3096 ist aber auch Symbol der geheimnis¬
904 3048 1994 3116 Geschick verlect. Remigins Verling schuf Bühnenbilder,
200 3061 889 3143 er kindlichen Unverantwortlichkeit, mit
212 3105 2000 3185 nicht ahnend, daß sie vom Dichter inüppig, leuchtend, raumtief und dem inneren Aufbau des Werkes
216 3301 491 3472 Cr
1996 184 2474 290 box 20/6
1980 802 3087 895 Decke in die Badewanne. Die Glühlampe
1981 871 3095 951 zerbrach und es entstand Kurzschluß, wobei der Badende
1981 920 2755 980 vom Strom sogleich getötet wurde.
1981 998 3100 1070 entsprechend mit reicher Architektur. Nicht wie man einmal
1986 1051 3091 1099 Illusion schuf am Burgtheater, etwa durch Aufbau eines
1986 1095 3092 1166 archäologisch nachgeahmten, detailfrohen gebäudeprangenden
1991 1154 3092 1212 Forums, sind diese reichen und prangenden Bilder Palazzo und
1994 1194 3090 1256 Straße, Schloßhof und Wohngemach gestellt, und die Illusion,
1980 1235 3101 1306 die sie schaffen, kommt nicht aus dem Musealen, sondern aus
1981 1288 3104 1358 dem echt Musischen, das Stimmung und Rhythmus der
1993 1341 3107 1398 Dichtung sichtbar gestaltet, des Dichters letzter Weisheit vom
1995 1388 2638 1464 innersten Fühlen der Renaissance:
2133 1450 2915 1528 „Des Lebens Maß ist Fülle und nicht Zeit,
2127 1483 2982 1574 Der nächste Augenblick noch ist unendlich weit“
1988 1548 3073 1646 liebevoll nachspürend vor Augen stellt. Otto Koenig.
2089 1670 3094 1747 Eine wienerisch=chinesische Oper. Der Wiener Kom¬
1999 1735 3098 1793 ponist Rudolf Tlascal hat in sibirischer Kriegsgefangen¬
1997 1784 3111 1858 schaft nach einem chinesischen Märchenstoff eine drejaktige Oper
2004 1833 3107 1897 „Sang=Po“ geschrieben. Betrachtet man das Werk, das im
1998 1884 3101 1938 großen Konzerthaussaal jetzt seine szenische Uraufführung er¬
2004 1931 3111 1985 lebte, von dem Standpunkt aus, daß es die Arbeit eines
2004 1978 3104 2038 Künstlers ist, der nur unter den allergrößten äußeren und
1999 2023 3109 2089 inneren Schwierigkeiten schaffen konnte, ist es aller Aner¬
2002 2074 3112 2142 kennung wert. Verlangt man aber ein Kunstwerk, das in das
2000 2117 3105 2186 zeitgenössische Opernschaffen eingereiht werden soll, so kommt
2003 2173 3114 2226 Tlascals Oper dafür nicht in Betracht. Der Stoff, die Ge¬
1999 2223 3102 2287 schichte eines Don Juans im Osten, ist wenig dramatisch.
1998 2262 3121 2334 Sang=Po liebt Lu, deren Gatte das Paar überrascht und das
2006 2318 3107 2371 ehebrecherische Weib tötet. Im Tempel der Gottheil erscheint
2008 2367 3111 2431 die Gestalt der Getöteten dem verzweifelten Liebhaber, der
1997 2417 3111 2469 Dämonen zum Opfer fällt. Diese dürftige, von R. E.
1992 2456 3113 2531 Burgssun in drei Akte auseinandergezogene Handlung
2015 2513 3107 2581 ist von einer Musik umkleidet, die weniger im chinesischen,
2000 2562 3112 2630 sondern im japanischen Kolorit gehalten ist, das Puccinis
2006 2614 3113 2669 „Butterfly“ (die übrigens öfter wörtlich zitiert wird) der
2004 2651 3113 2713 europäischen Musik dienstbar gemacht hat. Tlascal liebt viel
2002 2704 3112 2771 Klanggebimmel, häuft Celesta, Harse und Schlägtherk in un¬
2009 2755 3112 2811 erträglichem Maße, zeigt dagegen wenig Erfindung. Zwei
2008 2806 3111 2864 Themen, die einprägsam sind, sollen chinesisches Volksgut sein.
1999 2859 3107 2919 Bei Szenen dramatischer Erregung denkt man an Wagner;
2010 2901 3104 2955 allerdings fällt der Komponist stets bald wieder in süßliche
2007 2957 3120 3010 und weiche Lyrismen zurück. Manche Stelle klingt gut, manchmal
2013 3005 3118 3054 ist ein Ansatz zu einer Melodie, aber fehlender Formensinn
2009 3041 3110 3116 läßt seinen geschlossenen Eindruck entstehen. Immerhin wirkt
1996 3077 3121 3184 das Stück eben wegen seines cxotischen Rahmens auf den
