3436 4224
1970 122 2407 219 box 20/2
305 119 1851 244 14. Der Schleiender Restrice
940 971 1072 1046 112
1396 987 1957 1066 Aus dem Breslauer Kunstleben.
944 1073 2400 1169 feineren Instinkten durch Schnitzler's Dichtergnaden? In der That, der rechte Durch¬
939 1141 2406 1214 schnitt, das ist Schnitzler's Welt. Seine Helden, in denen doch nur das bischen Jugend¬
938 1173 2404 1269 blut rumort, sind niemals aus den Grenzen des Philisteriums ausgebrochen. Niemals
927 1234 2410 1323 repräsentieren sie ein klein wenig die Träger einer feinen Kulturhöhe; die gährenden
930 1284 2395 1353 Probleme ihrer Zeit haben sie niemals mächtig gerüttelt. In dieser vielbejubelten Tragi¬
929 1327 2396 1400 komödie „Der grüne Kakadu“ sehe ich nur die ungeheuer bezeichnende Art, die Welt¬
926 1357 2401 1466 geschichte wienerisch in's Kleine zu zerren. Hermann Bahr dichtet einen Napoleon in
932 1438 2407 1519 Unterhosen, und Schnitzler rahmt die größte That der modernen Historie in eine Welt
925 1471 1465 1541 von Komödianten und Huren!
1041 1527 2387 1620 Nun endlich wollte er, den die Kritiklosigkeit der Reporter für das eigene Ver¬
929 1578 2400 1650 mögen blind gemacht hat, uns das übermächtige Kulturbild der Renaissance entrollen.
928 1621 2390 1714 Es ist von vornherein bezeichnend, daß ein Weib diese Welt um sich konzentrieren soll.
928 1670 2392 1762 Was ihn überhaupt zu diesem Drama und diesem Stil gereizt haben mag, ist wohl
912 1714 2387 1809 jener Rätseltypus: halb Kind, halb Hure. Hier voll quellend kindlicher Naivetät, dort
911 1764 2384 1852 voll starrer Verlogenheit! Verderbt im tiefsten Kerne und doch mit dem zaubervoll süßen
922 1815 2384 1907 Lächeln lockend, lockend. Etwa jener Weibtypus, den in einfach synthetischer Genialität
916 1853 2382 1957 Frank Wedekind im „Erdgeist“ verkörpert hat, womit ich aber diesen cynischen Welt¬
914 1920 2375 2007 betrachter beileibe kein Genie, sondern höchstens einen Spezialisten von unfehlbarer Sicher¬
913 1977 2379 2057 heit heißen will. Dieser Weibcharakter könnte nun wirklich seine besonderen Reize haben.
919 2013 2386 2113 Noch jeder Mann hat voll dunkler Angstigung vor diesen absurden Seelentiefen, vor
915 2069 2390 2141 diesen schaurigen Abgründen gestanden. Hieße der Dichter dieses Frauenbildes zufällig
918 2121 2385 2205 Strindberg, dann wären in mächtigen Linien die Horizonte in's Unabsehbare gestreckt.
909 2170 2371 2253 Das Urweib stünde vor uns, voll ihrer Rätsel, Laster, Süßigkeiten. Schauder vor
906 2216 2370 2308 der tiefsten Weibnatur wehten uns an. Das Menschliche in den Urlauten der Menschlich¬
900 2272 2383 2358 keit, der großen, furchtbaren Weibmenschlichkeit spräche auf uns in flammenden, großen,
902 2316 2354 2406 unvergeßlichen Worten ein. Wir wären in unserer tiefsten Mannesnatur aufgerüttelt ...
903 2366 2374 2453 So würde es Strindberg, der Große und Reiche, gedichtet haben. Das Werk Schnitzler's
895 2408 2369 2487 ist verworren, kläglich und durch und durch armselig. Eine arme Seele hat hier ihre
907 2453 2376 2545 kleinen Schmerzen stammeln wollen. Seine Welt bewegt sich um ein kleines, hohles
900 2520 2365 2596 Mädel, das er übrigens schattenhaft, unlebendig und urgewöhnlich zeichnet. Das Ur¬
910 2569 2357 2642 gewöhnliche und Alltägliche, das ist Schnitzlers Signatur. Seine Männer sind von der
908 2605 2362 2694 sträflichsten Banalität. Und am Ende entpuppt sich die sentimentale Ursache des
896 2649 2365 2748 Werkes, wenn man als letzte Tragik hört, daß diese Dirne sogar einen „Dichter“ ver¬
893 2695 2364 2785 dorben hat. Diese Sentimentalität, echt wienerischer Observanz, fällt arg unangenehm
909 2752 1196 2812 auf die Nerven.
1012 2800 2365 2881 Dieses Theaterstück hat kein Dichter, auch nicht der allerkleinste, simpelste Poet
896 2857 2365 2937 geschrieben. Armselig und leer und duftlos, hat Schnitzler sich an das Gemälde der
904 2907 2369 2987 großen Renaissancekultur gewagt. Die Frauen jener Zeit mögen ausgesehen haben ähnlich
895 2964 2370 3022 wie Jacobsens „Frau Marie Grubbe“, groß und mächtig, sicher nicht wie diese Beatrice,
891 3013 2357 3082 deren Seelchen dürr und zusammengeflickt in den buntschillernden Bildchen herumwankt ...
1003 3058 2357 3140 Unsere „Freie Litterarische Vereinigung“, die seit Jahren dem Publikum
884 3116 2364 3187 die persönliche Bekanntschaft mit den besten Schriftstellern vermittelt, pflegt nun auch
888 3134 2363 3225 das Theater. Sie will Dramen aufführen, denen die öffentliche Bühne selten offen steht.
884 3207 2356 3283 Wir sahen früher Hofmannsthals „Abenteurer und die Sängerin“ und jetzt Jacobsens
879 3257 2354 3304 „Sturm". Eine Verwechslung mit seinem berühmteren und begabteren dänischen Namens¬
883 3290 2362 3380 vetter wird Jacobsen nicht befürchten müssen. Sein Drama, für das ich nicht die leiseste
871 3345 2362 3438 seelische Ursache gefunden habe, hat wenig mit der Kunst zu thun. Denn noch ist ein
