3484 4256
869 885 1272 958 Telefon 12801.
382 978 1745 1088 Alex. Weigl's Unternehmen für Zeitungs-Ausschnitte
1399 1070 1603 1128 Ausschnitt
535 1071 1732 1212 103 „OBSERVER“ Nr. 81
326 1183 1774 1278 I. österr. behördl. conc. Bureau für Zeitungsberichte u. Personalnachrichten
508 1258 1603 1362 Wien. IX Türkenstrasse 17.
716 1346 1382 1434 Filiale in Budapest: „Figyelé“
318 1398 1752 1506 Vertretungen in Berlin. Chicago, Genf, London, Newyork, Paris, Rom, Stockholm.
316 1512 1548 1621 Ausschnitt aus: Beilder Bersencoufter
313 1663 950 1763 von 17% 16 #
594 1946 1588 2026 Aus Wien meldet uns unser Correspondent: Die
515 1971 1579 2062 Behandlung, welche Director Schienther Herrn Arthur
530 2011 1580 2111 Schnitzler zu Theil werden ließ, hat in den hiesigen
517 2043 1396 2121 lliterarischen Kreisen Mißstimmung erregt.
1391 2087 1575 2141 In der
508 2089 1569 2185 Erklärung, welche die hervorragendsten Wiener
517 2151 1465 2213 Kritiker veröffentlichten, wird mitgetheilt,
1462 2172 1576 2226 daß
497 2195 1574 2264 =Schlenther im December keinerlei Bedenken gegen
510 2242 1564 2299 Die Aufführbarkeit des „Schleier der Beatrice"
531 2267 1571 2344 kußerte. Er besprach vielmehr mit dem Autor die
512 2310 1566 2388 Besetzungsfrage. Im Februar reclamirte Schlenther
512 2359 1573 2439 das Erstaufführungsrecht für das Burgtheater und
513 2397 1568 2478 erklärte bei dieser Gelegenheit, „nur das Burgtheater
529 2436 1564 2512 Könne dieses Stück spielen.“ Er warnte Schnitzler
529 2473 1567 2550 vor einer etwa geplanten Erstaufführung im Berliner
314 2473 437 2545 Für
412 2535 508 2581 100
520 2518 1702 2611 „Deutschen Theater“, da dieses ohne Kainz und die piusire
524 2571 1572 2637 Sorma einer solchen Riesenaufgabe nicht gewachsen:
394 2574 503 2621 200
1568 2594 1673 2649 0rt0
399 2613 507 2662 500
527 2596 1684 2687 sei. Schnitzler gab die Zustimmung zu verschiedenen snibar
517 2647 1565 2712 Streichungen und ertheilte dem Burgtheater das Erst¬
330 2652 499 2716 „ 1000
1567 2673 1718 2737 Voraus.
518 2680 1562 2749 aufführungsrecht. Vier Monate ließ nun Schleuther
409 2704 497 2763 Im
523 2720 1559 2807 den Dichter ohne Antwort. Am 18. Juni äußerte
1574 2736 1728 2803 ist das
292 2726 525 2804 Abonnement
532 2764 1562 2842 Schleuther Zweifel darüber, daß das Stück Erfolg
282 2786 516 2852 Abonnenten
1577 2790 1725 2846 es den
523 2806 1560 2885 haben werde, und erst am 2. September verständigte
519 2845 1560 2914 er den Dichter, daß das „Burgtheater“ den „Schleier
394 2885 1729 2979 Der der „Beatrice" ablehne. Das Verfahren Schlenther'skend die
282 2903 1307 2993 Inhaltsangz wird als durchaus unstatthaft bezeichnet.
1515 2961 1720 3010 orgen¬
274 2962 1719 3043 blütter ue „ee Fresse“ und „Wiener Zeitung“)
288 2997 1724 3090 wodurch eine Uebersicht über das gesammte politische und wirthschaftliche Leben
284 3029 1732 3140 des In- und Auslandes in drastischer Kürze geboten wird. Diese Mittheilungen
281 3074 1084 3145 werden in Wien um 9 Uhr Früh verschickt.
580 3158 1398 3256 Prospecte gratis und franco
2020 99 2163 182 I3
2245 127 2885 218 „OBSENVEN
2952 123 3252 221 Nr. 45
1853 228 3291 294 I. österr. behördl. conc. Bureau für Zeitungsberichte u. Personalnachrichten
2043 288 3128 378 Wien. IX Türkenstrasse 17.
2246 357 2934 446 Filiale in Budapest: „Figyeló“ —
1867 433 3299 500 Vertretungen in Berlin. Chicago, Genf, London, Newyork, Paris, Rom, Ste#llm.
2505 495 3097 611 ##
1850 550 2389 637 Ausschnitt aus:
1854 666 2465 806 asr 119 49%0
2174 873 3222 969 Eine Erklärung von Burgtheaterreferenten. Von
2067 927 3219 1009 den Herren Hermann Bahr, Julius Bauer, J. J. David,
2070 960 3219 1021 Dr. Robert Hirschfeld, Felix Salten und Ludwig
2069 992 2243 1049 Speid
2367 1010 3218 1071 durchwegs Referenten bei Wiener Blättern über
2059 1033 2393 1088 das Burgtheater
2389 1053 3216 1105 — wird uns eine Erklärung" übermittelt, die
2056 1074 3222 1146 sich gegen das Vorgehen des Burgtheaterdirektors Dr. Schlenther
2059 1122 3223 1182 gegenüber einem von Arthur Schnitzler eingereichten Stücke
2054 1166 3214 1219 wendet. Nach der ungemein weitschweifigen Darstellung ist der
2060 1192 3221 1256 Thatbestand folgender: Herr Schnitzler, von dem, wie bekannt,
2065 1224 3222 1294 im Burgtheater einige Werke aufgeführt worden sind, reichte dem
2066 1262 3217 1324 Burgtheater im Dezember vorigen Jahres sein soeben vollendetes
2063 1303 3209 1367 Werk „Der Schleier der Beatrice" im Manuskript ein. Herr
2057 1344 3207 1402 Dr. Schlenther nahm das Stück an und verhandelte im
2056 1373 3192 1445 Februar dieses Jahres mit dem Verfasser bereits über technische
2061 1409 3207 1481 Fragen. Er verlangte damals, daß dem Burgtheater das Recht
2053 1448 3204 1512 der ersten Aufführung gesichert werde, womit sich der Verfasser
2051 1484 3209 1558 wie mit etwaigen Strichen und Aenderungen einverstanden erklärte.
1886 1519 1984 1580 Für
2002 1519 3237 1594 50 Nur erbat er sich, wie sich das in solchen Fällen von selbst versteht, se
1979 1553 3219 1637 100 gleichzeitig einen Aufführungstermin, vor allem aber, zur Er¬
1979 1594 3208 1665 200 ledigung der zur Darstellung des Werkes nöthigen Besetzungs¬
1974 1653 3282 1724 500 und Aenderungsfragen, eine baldige Unterredung mit dem Direktor, jus.
1963 1686 3191 1771 1000 Den weiteren Verlauf der Angelegenheit schildert die „Erklärung“
2057 1708 2364 1773 folgendermaßen:
1976 1727 2073 1784 Im
3197 1719 3309 1796 das
3209 1785 3297 1846 den
2201 1759 3198 1843 Vier Monate lang ist Herr Schnitzler auf dieses in der
1861 1816 2073 1871 Abonnent
2077 1798 3197 1886 Zwischenzeit erneuerte Ansuchen ohne Antwort geblieben, mit
2082 1854 3190 1936 Ausnahme einer einzigen, erst Anfangs Juni eingelangten Karte,
1979 1891 2068 1957 De
2085 1894 3198 1958 in der der Direktor mittheilt, er werde sich „dieser Tage zum
3197 1907 3294 1958 die
2090 1917 3004 1984 drittenmal an das Studium des Stückes machen,
1867 1940 2066 1997 Inhaltsaj
3064 1947 3203 2004 d den
3202 1947 3307 2005 en¬
2088 1964 3304 2046 Autor ersucht, „seine hart auf die Probe gestellte Geduld noch lag“)
1861 1985 2058 2035 blätte
2087 2004 2608 2054 einige Tage laufen zu lassen“.
1859 2022 2046 2072 wodurch
3193 2032 3294 2084 ben
1860 2061 2041 2109 des In¬
2196 2034 3308 2118 Erst am 18. Juni erhielt Herr Arthur Schnitzler ein igen
2087 2089 3200 2155 Schreiben des Direktors worm dieser nunmehr Bedenken!
1864 2099 2049 2151 werden in
2086 2128 3196 2194 gegen die Erfolgsmöglichkeit des Stückes erhebt und nach deren
2085 2169 3199 2218 ausführlicher Darlegung dem Verfasser propomirt: „Warten bis
2082 2206 3193 2270 zum Frühjahr! Sehen, wie dann die Konstellation am Burg¬
2074 2231 3184 2311 theater ist.“ Das vier Monate innegehabte Recht der ersten
2086 2268 3137 2344 Aufführung wurde in diesem Schreiben zurückgelegt mit de
2074 2320 3194 2394 Beisatz: „Ich müßte es mir selbstverständlich gefallen lassen, daß
2087 2352 2862 2422 eventuell Berlin oder München vorangehen.
2192 2394 3194 2456 Diese für das Schicksal des Stückes so wichtigen Er¬
2070 2438 3114 2502 öffnungen entzogen sich, eben durch den Umstand, daß sie
2073 2475 3180 2533 knapp vor Eintritt der Ferien an den Verfasser gelangten, einer
2081 2517 3192 2577 sachgemäßen Entgegnung, weshalb Herr Schnitzler erst zu Be¬
2073 2552 3184 2617 ginn des neuen, gegenwärtigen Spieljahres an die Direktion
2081 2582 3181 2653 des Burgtheaters einen Brief richtete, in dem er im Zusammen¬
2078 2617 3181 2688 halte der beiden ihm vermittelten Bescheide vom 13. Februar
2077 2666 3177 2726 und vom 17. Juni die Anfrage stellte, ob sein Stück innerhalb
2082 2695 3190 2776 der jetzt laufenden Saison, also über den proponirten Zeitpunkt
2066 2726 3176 2813 der zu erwartenden „Konstellation“ hinaus, angenommen sei
2084 2771 2295 2830 oder nicht.
2186 2802 3175 2904 Auf dieses Schreiben vom 1. September erfolgte die
2075 2870 3089 2928 ablehnende Antwort am 2. September d. J.
2141 2921 3182 2981 So weit der Thatbestand, und jedermann wird mit den
2044 2964 3179 3019 „erklärenden Herren der Ansicht sein, daß das Vorgehen des
2041 2999 3171 3066 Herrn Dr. Schlenther unstatthaft ist, daß es weder dem Ver¬
2034 3041 3167 3094 fasser des betreffenden Dramas noch dem Burgtheater an¬
2041 3070 3178 3132 gemessen ist. Aber auch wenn es sich nicht um Herrn Schnitzler
2038 3108 3177 3176 handelte, sondern um einen unbekannten Schriftsteller, wäre
2031 3151 3172 3200 eine solche Unverläßlichkeit, wie sie Herr Dr. Schlenther hier
2037 3187 3178 3243 offenbart, höchst tadelnswerth. Bei einem unbekaunten Autor wäre
2029 3218 3166 3279 die Sache natürlich weit ärger, weil es ja nicht so ganz gewiß ist,
2038 3261 3176 3329 ob dann die Herren Referenten zu einem so ausführlichen Protest
2028 3293 3172 3368 die Neigung gehabt hätten. Herr Dr. Schlenther wird sich der
2039 3328 3158 3418 Pflicht nicht entzichen können, der Oeffenttichkeit über seine selt¬
2034 3368 2813 3438 same Wankelmüthigkeit Aufklärung zu geben.
2135 3408 3175 3486 Warum sich Herr Schnitzler nicht selbst zur Wehr setzt, sondern
2027 3448 3175 3523 die unterfertigenden Herren bestimmt hat, in fremder Sache mit so
2020 3482 3186 3548 ontrirtem Pathos vorzugehen, sollte freilich auch aufgeklärt werden.
2020 3524 3164 3598 Die Erkläung reprroduzirt auch einen privaten Brief, den
2029 3566 3175 3638 Herr Schnitzler von Herrn Dr. Schlenther empfangen hat — ein
2015 3605 3175 3676 Vorgehen, an dessen Zulässigkeit wir ernstlich zweifeln —: es ist
2029 3648 3159 3711 also selbstverständlich, daß Herr Schutler an dieser Aktion mit¬
2017 3678 3161 3750 gewirkt hat, es hat geradezu den Anschein, als ob er sie hervor¬
2026 3727 3165 3785 gerufen hätte. Es will uns aber scheinen, daß es der Würde des
2027 3763 3161 3824 Schriftstellers besser entsprochen hätte, wenn er seibst die Thatsache
2021 3799 3159 3861 der öffentlichen Beurtheilung überaeben hätte, anstatt es sich von
2018 3847 3163 3901 gefälligen, demonstrationslüsternen Bekannten besorgen zu lassen.
2022 3873 3169 3937 Wir erinnern uns, daß zwei junge Schriftsteller — die Herren
2020 3904 2384 3955 Scheu und Stöß
2443 3919 3166 3972 - von einem Wiener Theaterdirektor eine
2018 3942 3166 4009 weit ärgere Unbill erlitten hatten, es ist uns aber nicht bekannt,
2014 3988 3157 4049 daß sich die Herren Referenten — obwohl der Thatbestand durch
2018 4012 3168 4093 die ganze Presse ging — damals zu einem Protest „bestimmt
2008 4051 2214 4109 fanden“.
