<?xml version="1.0" encoding="UTF-8" standalone="yes"?>
<PcGts xmlns="http://schema.primaresearch.org/PAGE/gts/pagecontent/2013-07-15" xmlns:xsi="http://www.w3.org/2001/XMLSchema-instance" xsi:schemaLocation="http://schema.primaresearch.org/PAGE/gts/pagecontent/2013-07-15 http://schema.primaresearch.org/PAGE/gts/pagecontent/2013-07-15/pagecontent.xsd">
    <Metadata>
        <Creator>prov=University of Rostock/Institute of Mathematics/CITlab/Gundram Leifert/gundram.leifert@uni-rostock.de:name=ONB_Newseye_GT_M1+(htr_id=10810)::::v=2.4.2
prov=University of Rostock/Institute of Mathematics/CITlab/Tobias Gruening/tobias.gruening@uni-rostock.de:name=de.uros.citlab.module.baseline2polygon.B2PSeamMultiOriented:v=2.4.2
prov=University of Rostock/Institute of Mathematics/CITlab/Tobias Gruening/tobias.gruening@uni-rostock.de:name=/mnt/transkribus/LA/DEA/URO/LA_news_onb_att.pb:de.uros.citlab.segmentation.CITlab_LA_ML:v=2.4.2
Transkribus</Creator>
        <Created>2019-10-07T11:36:43.297+02:00</Created>
        <LastChange>2019-10-08T09:34:57.693+02:00</LastChange>
        <TranskribusMetadata docId="223979" pageId="9500976" pageNr="115" tsid="16510244" status="IN_PROGRESS" userId="40391" imgUrl="https://files.transkribus.eu/Get?id=JZPLXEMHKSHCXLZPXLBXWACC&amp;fileType=view" xmlUrl="https://files.transkribus.eu/Get?id=XAJYDAGDUOLQCLPZKMRXGQPQ" imageId="6191198"/>
    </Metadata>
    <Page imageFilename="223979_0115.jpeg" imageWidth="3248" imageHeight="4256">
        <ReadingOrder>
            <OrderedGroup id="ro_1711449002197" caption="Regions reading order">
                <RegionRefIndexed index="0" regionRef="r1"/>
                <RegionRefIndexed index="1" regionRef="r2"/>
            </OrderedGroup>
        </ReadingOrder>
        <TextRegion orientation="0.0" id="r1" custom="readingOrder {index:0;}">
            <Coords points="394,956 394,3581 1838,3581 1838,956"/>
            <TextLine id="r1l1" custom="readingOrder {index:0;}">
                <Coords points="591,996 618,1003 636,987 645,993 664,984 680,985 697,997 723,990 735,998 745,991 755,999 764,993 784,1000 786,947 747,935 732,942 716,939 707,932 681,953 670,949 654,959 628,956 610,963 592,957"/>
                <Baseline points="600,985 625,980 650,979 675,979 700,981 725,984 750,986 775,986"/>
                <TextEquiv>
                    <Unicode>2</Unicode>
                </TextEquiv>
            </TextLine>
            <TextLine id="r1l2" custom="readingOrder {index:1;}">
                <Coords points="590,1121 899,1155 1743,1114 1743,1063 1586,1033 590,1049"/>
                <Baseline points="600,1117 656,1119 713,1121 770,1122 826,1123 883,1124 940,1125 996,1125 1053,1125 1110,1125 1167,1124 1223,1124 1280,1123 1337,1123 1393,1122 1450,1121 1507,1121 1563,1120 1620,1120 1677,1120 1734,1119"/>
                <TextEquiv>
                    <Unicode>Theater, Kunst und Literatur.</Unicode>
                </TextEquiv>
            </TextLine>
            <TextLine id="r1l3" custom="readingOrder {index:2;}">
                <Coords points="848,1198 1142,1228 1232,1206 1301,1204 1341,1231 1476,1211 1476,1173 1422,1150 1296,1159 1249,1141 1203,1159 1167,1137 1106,1165 1034,1143 954,1165 848,1143"/>
                <Baseline points="856,1200 886,1201 917,1202 947,1202 978,1203 1008,1203 1039,1203 1069,1203 1100,1202 1130,1202 1161,1202 1192,1201 1222,1201 1253,1201 1283,1201 1314,1200 1344,1200 1375,1201 1405,1201 1436,1202 1467,1203"/>
                <TextEquiv>
                    <Unicode>Ein literarischer Scandal.</Unicode>
                </TextEquiv>
            </TextLine>
            <TextLine id="r1l4" custom="readingOrder {index:3;}">
                <Coords points="652,1264 1727,1275 1768,1260 1768,1206 652,1234"/>
                <Baseline points="660,1265 717,1266 775,1266 833,1266 891,1266 949,1266 1007,1266 1064,1266 1122,1265 1180,1265 1238,1264 1296,1263 1354,1263 1411,1262 1469,1261 1527,1260 1585,1260 1643,1259 1701,1258 1759,1257"/>
                <TextEquiv>
                    <Unicode>Einer unserer Mitarbeiter hatte heute Vormittags</Unicode>
                </TextEquiv>
            </TextLine>
            <TextLine id="r1l5" custom="readingOrder {index:4;}">
                <Coords points="577,1328 1762,1313 1686,1267 821,1297 577,1268"/>
                <Baseline points="586,1319 644,1320 702,1320 761,1320 819,1320 878,1320 936,1320 994,1319 1053,1319 1111,1318 1170,1318 1228,1317 1286,1316 1345,1315 1403,1314 1462,1314 1520,1313 1578,1312 1637,1312 1695,1311 1754,1311"/>
                <TextEquiv>
                    <Unicode>Gelegenheit, mit Director Schlenther über die Er¬</Unicode>
                </TextEquiv>
            </TextLine>
            <TextLine id="r1l6" custom="readingOrder {index:5;}">
                <Coords points="565,1365 1727,1386 1775,1330 565,1333"/>
                <Baseline points="574,1373 633,1372 693,1372 752,1371 812,1371 872,1370 931,1370 991,1370 1050,1369 1110,1369 1170,1369 1229,1369 1289,1369 1348,1369 1408,1368 1468,1368 1527,1368 1587,1368 1646,1368 1706,1368 1766,1368"/>
                <TextEquiv>
                    <Unicode>klärung der jüdischen Kritikerclique anläßlich der Ablehnung</Unicode>
                </TextEquiv>
            </TextLine>
            <TextLine id="r1l7" custom="readingOrder {index:6;}">
                <Coords points="413,1431 1773,1418 1772,1384 1666,1373 412,1368"/>
                <Baseline points="422,1413 489,1417 556,1420 623,1422 690,1424 757,1425 824,1425 891,1425 958,1425 1025,1424 1093,1423 1160,1423 1227,1421 1294,1420 1361,1419 1428,1419 1495,1418 1562,1417 1629,1417 1696,1418 1764,1419"/>
                <TextEquiv>
                    <Unicode>Für 50 des Arthur Schnitzlerschen Machwerkes „Der</Unicode>
                </TextEquiv>
            </TextLine>
            <TextLine id="r1l8" custom="readingOrder {index:7;}">
                <Coords points="504,1462 520,1465 540,1460 558,1468 572,1465 576,1469 587,1468 592,1472 596,1468 608,1473 610,1444 597,1441 582,1424 545,1424 542,1428 522,1419 506,1419"/>
                <Baseline points="513,1456 541,1458 570,1460 599,1460"/>
                <TextEquiv>
                    <Unicode>100</Unicode>
                </TextEquiv>
            </TextLine>
            <TextLine id="r1l9" custom="readingOrder {index:8;}">
                <Coords points="504,1500 1706,1488 1774,1467 1774,1418 1536,1459 860,1424 504,1465"/>
                <Baseline points="513,1493 575,1488 638,1484 700,1481 763,1479 826,1477 888,1476 951,1475 1013,1475 1076,1475 1139,1475 1201,1476 1264,1476 1326,1476 1389,1476 1452,1476 1514,1476 1577,1475 1639,1473 1702,1471 1765,1469"/>
                <TextEquiv>
                    <Unicode>200 Schleier der Beatrice“ Rücksprache zu pflegen und den</Unicode>
                </TextEquiv>
            </TextLine>
            <TextLine id="r1l10" custom="readingOrder {index:9;}">
                <Coords points="490,1533 1648,1556 1787,1501 490,1505"/>
                <Baseline points="499,1534 562,1533 626,1533 690,1532 754,1531 818,1531 882,1530 946,1529 1010,1529 1074,1528 1138,1528 1201,1527 1265,1527 1329,1527 1393,1527 1457,1527 1521,1528 1585,1528 1649,1529 1713,1530 1777,1531"/>
                <TextEquiv>
                    <Unicode>500 Standpunkt des Directors in der Angelegenheit kennen zu</Unicode>
                </TextEquiv>
            </TextLine>
            <TextLine id="r1l11" custom="readingOrder {index:10;}">
                <Coords points="437,1605 512,1581 543,1591 577,1584 609,1605 721,1593 738,1578 756,1584 757,1537 722,1553 676,1539 655,1551 583,1535 563,1544 509,1537 438,1561"/>
                <Baseline points="447,1581 472,1577 497,1574 522,1574 547,1574 572,1574 597,1576 622,1578 647,1579 672,1581 697,1581 722,1581 747,1579"/>
                <TextEquiv>
                    <Unicode>„ 1000 lernen.</Unicode>
                </TextEquiv>
            </TextLine>
            <TextLine id="r1l12" custom="readingOrder {index:11;}">
                <Coords points="499,1641 517,1645 530,1638 542,1646 549,1646 593,1635 594,1610 581,1610 566,1594 548,1588 542,1594 535,1595 519,1585 510,1592 501,1592"/>
                <Baseline points="508,1631 533,1630 558,1632 584,1633"/>
                <TextEquiv>
                    <Unicode>Im</Unicode>
                </TextEquiv>
            </TextLine>
            <TextLine id="r1l13" custom="readingOrder {index:12;}">
                <Coords points="662,1650 1829,1640 1693,1572 1619,1600 662,1592"/>
                <Baseline points="671,1640 728,1639 785,1638 843,1638 900,1637 958,1636 1015,1636 1072,1635 1130,1634 1187,1634 1245,1633 1302,1633 1359,1633 1417,1633 1474,1633 1532,1633 1589,1633 1646,1634 1704,1635 1761,1636 1819,1638"/>
                <TextEquiv>
                    <Unicode>Herr Dr. Schlenther wies darauf hin, daß nunmehr das</Unicode>
                </TextEquiv>
            </TextLine>
            <TextLine id="r1l14" custom="readingOrder {index:13;}">
                <Coords points="384,1676 1081,1714 1847,1679 1681,1637 384,1645"/>
                <Baseline points="394,1668 466,1673 538,1678 610,1681 682,1684 755,1686 827,1687 899,1688 971,1688 1043,1688 1116,1688 1188,1687 1260,1687 1332,1686 1404,1685 1477,1684 1549,1683 1621,1683 1693,1682 1765,1682 1838,1683"/>
                <TextEquiv>
                    <Unicode>Abonneme von den Mitgliedern des jüdischen Literaturringes die Auf=ien</Unicode>
                </TextEquiv>
            </TextLine>
            <TextLine id="r1l15" custom="readingOrder {index:14;}">
                <Coords points="388,1720 429,1717 438,1724 473,1714 481,1723 503,1725 512,1716 530,1722 554,1717 584,1730 604,1725 605,1672 585,1683 388,1676"/>
                <Baseline points="396,1709 424,1709 452,1709 481,1709 509,1709 538,1710 566,1711 595,1712"/>
                <TextEquiv>
                    <Unicode>Abonnente</Unicode>
                </TextEquiv>
            </TextLine>
            <TextLine id="r1l16" custom="readingOrder {index:15;}">
                <Coords points="577,1749 1585,1757 1755,1740 1773,1704 577,1715"/>
                <Baseline points="587,1746 645,1744 704,1743 763,1742 822,1740 881,1740 940,1739 998,1739 1057,1739 1116,1739 1175,1739 1234,1739 1293,1739 1352,1739 1410,1739 1469,1739 1528,1739 1587,1738 1646,1738 1705,1737 1764,1736"/>
                <TextEquiv>
                    <Unicode>fassung verbreitet werde, das Verhalten des Burgtheater¬</Unicode>
                </TextEquiv>
            </TextLine>
            <TextLine id="r1l17" custom="readingOrder {index:16;}">
                <Coords points="504,1802 1838,1821 1838,1771 1730,1741 504,1754"/>
                <Baseline points="512,1795 577,1794 643,1794 709,1793 775,1793 841,1792 907,1792 973,1792 1039,1791 1105,1791 1171,1791 1236,1791 1302,1792 1368,1792 1434,1793 1500,1793 1566,1795 1632,1796 1698,1797 1764,1799 1830,1801"/>
                <TextEquiv>
                    <Unicode>Dei directors dem Schnitzlerschen Stück gegenüber sei eigentlich jie</Unicode>
                </TextEquiv>
            </TextLine>
            <TextLine id="r1l18" custom="readingOrder {index:17;}">
                <Coords points="388,1834 1840,1856 1557,1795 388,1805"/>
                <Baseline points="396,1836 467,1839 539,1842 611,1844 683,1845 754,1846 826,1846 898,1846 970,1846 1041,1846 1113,1845 1185,1844 1257,1844 1328,1844 1400,1843 1472,1843 1544,1843 1615,1844 1687,1845 1759,1847 1831,1849"/>
                <TextEquiv>
                    <Unicode>Inhaltsar nichts als das caché eines höheren Befehles. Die in dem n¬</Unicode>
                </TextEquiv>
            </TextLine>
            <TextLine id="r1l19" custom="readingOrder {index:18;}">
                <Coords points="387,1874 767,1923 1568,1890 1770,1928 1771,1839 387,1845"/>
                <Baseline points="396,1870 464,1878 532,1884 600,1889 669,1893 737,1897 805,1899 873,1900 942,1901 1010,1901 1078,1901 1146,1900 1215,1899 1283,1899 1351,1898 1419,1897 1488,1897 1556,1896 1624,1897 1692,1897 1761,1899"/>
                <TextEquiv>
                    <Unicode>blütte Stück niedergelegten socialen, religiösen oder sittlichen</Unicode>
                </TextEquiv>
            </TextLine>
            <TextLine id="r1l20" custom="readingOrder {index:19;}">
                <Coords points="386,1933 419,1921 441,1921 473,1935 497,1921 520,1928 547,1921 574,1929 575,1896 535,1890 523,1881 503,1890 490,1884 477,1888 461,1878 441,1887 434,1883 416,1889 409,1883 387,1890"/>
                <Baseline points="395,1915 423,1914 452,1915 480,1915 509,1916 537,1916 566,1917"/>
                <TextEquiv>
                    <Unicode>wodurch</Unicode>
                </TextEquiv>
            </TextLine>
            <TextLine id="r1l21" custom="readingOrder {index:20;}">
                <Coords points="1781,1935 1797,1934 1818,1942 1836,1940 1834,1906 1825,1907 1819,1903 1814,1907 1808,1902 1806,1904 1803,1903 1799,1899 1792,1900 1788,1896 1779,1897"/>
                <Baseline points="1790,1930 1826,1928"/>
                <TextEquiv>
                    <Unicode>n</Unicode>
                </TextEquiv>
            </TextLine>
            <TextLine id="r1l22" custom="readingOrder {index:21;}">
                <Coords points="583,1963 1843,1971 1843,1930 1625,1898 583,1907"/>
                <Baseline points="591,1949 653,1951 715,1953 777,1954 839,1954 902,1954 964,1953 1026,1952 1088,1950 1150,1949 1213,1948 1275,1947 1337,1946 1399,1945 1461,1945 1524,1946 1586,1948 1648,1950 1710,1954 1772,1958 1835,1964"/>
                <TextEquiv>
                    <Unicode>Tendenzen hätten nicht den Beifall der obersten Hoftheater= sn</Unicode>
                </TextEquiv>
            </TextLine>
            <TextLine id="r1l23" custom="readingOrder {index:22;}">
                <Coords points="387,1954 401,1953 435,1968 443,1963 466,1967 484,1951 500,1964 520,1965 542,1953 558,1953 559,1924 521,1929 498,1921 465,1931 444,1921 388,1923"/>
                <Baseline points="396,1951 421,1952 447,1953 472,1953 498,1954 523,1954 549,1956"/>
                <TextEquiv>
                    <Unicode>des In¬</Unicode>
                </TextEquiv>
            </TextLine>
            <TextLine id="r1l24" custom="readingOrder {index:23;}">
                <Coords points="385,2002 1780,2004 1731,1959 385,1959"/>
                <Baseline points="394,1989 462,1994 531,1999 600,2002 669,2004 738,2006 807,2007 875,2007 944,2007 1013,2006 1082,2005 1151,2004 1220,2003 1289,2002 1357,2001 1426,2000 1495,2000 1564,2001 1633,2001 1702,2003 1771,2006"/>
                <TextEquiv>
                    <Unicode>werden in behörde gefunden, und so habe denn diese ihres Amtes als</Unicode>
                </TextEquiv>
            </TextLine>
            <TextLine id="r1l25" custom="readingOrder {index:24;}">
                <Coords points="588,2079 1435,2047 1784,2081 1784,2005 588,2011"/>
                <Baseline points="597,2058 655,2059 714,2059 773,2059 832,2059 891,2058 950,2058 1008,2057 1067,2056 1126,2055 1185,2054 1244,2053 1303,2053 1362,2052 1420,2052 1479,2052 1538,2052 1597,2053 1656,2054 1715,2056 1774,2058"/>
                <TextEquiv>
                    <Unicode>Censurbehörde gewaltet und Herr Director Schlenther habe</Unicode>
                </TextEquiv>
            </TextLine>
            <TextLine id="r1l26" custom="readingOrder {index:25;}">
                <Coords points="578,2124 1698,2126 1779,2081 578,2086"/>
                <Baseline points="587,2114 646,2113 705,2112 764,2111 823,2111 882,2110 941,2110 1001,2109 1060,2109 1119,2109 1178,2108 1237,2108 1296,2108 1355,2108 1415,2108 1474,2108 1533,2108 1592,2108 1651,2108 1710,2108 1770,2109"/>
                <TextEquiv>
                    <Unicode>„von oben“ einen Wink bekommen, daß die Aufführung des</Unicode>
                </TextEquiv>
            </TextLine>
            <TextLine id="r1l27" custom="readingOrder {index:26;}">
                <Coords points="581,2177 1443,2153 1573,2193 1735,2170 1773,2126 581,2135"/>
                <Baseline points="591,2166 649,2167 708,2167 767,2167 825,2166 884,2166 943,2165 1001,2165 1060,2164 1119,2164 1178,2163 1236,2162 1295,2162 1354,2161 1412,2160 1471,2160 1530,2159 1588,2159 1647,2159 1706,2158 1765,2158"/>
                <TextEquiv>
                    <Unicode>Stückes an hoher Stelle nicht gewünscht werde und er</Unicode>
                </TextEquiv>
            </TextLine>
            <TextLine id="r1l28" custom="readingOrder {index:27;}">
                <Coords points="589,2229 1345,2235 1401,2207 1401,2182 588,2180"/>
                <Baseline points="597,2216 636,2216 676,2216 716,2216 756,2216 796,2216 835,2216 875,2216 915,2216 955,2215 995,2215 1034,2215 1074,2215 1114,2215 1154,2214 1194,2214 1233,2213 1273,2213 1313,2212 1353,2211 1393,2210"/>
                <TextEquiv>
                    <Unicode>daher von einer solchen abzusehen habe.</Unicode>
                </TextEquiv>
            </TextLine>
            <TextLine id="r1l29" custom="readingOrder {index:28;}">
                <Coords points="663,2272 1736,2291 1776,2268 1776,2206 663,2229"/>
                <Baseline points="673,2268 727,2269 782,2269 837,2269 891,2269 946,2269 1001,2269 1055,2269 1110,2269 1165,2268 1220,2268 1274,2268 1329,2268 1384,2267 1438,2267 1493,2267 1548,2267 1602,2267 1657,2267 1712,2267 1767,2267"/>
                <TextEquiv>
                    <Unicode>Wie Dr. Schlenther unseren Mitarbeiter versicherte, ist</Unicode>
                </TextEquiv>
            </TextLine>
            <TextLine id="r1l30" custom="readingOrder {index:29;}">
                <Coords points="579,2314 729,2348 1770,2328 1704,2276 579,2293"/>
                <Baseline points="589,2324 647,2324 706,2323 764,2323 823,2323 882,2322 940,2322 999,2322 1057,2322 1116,2321 1175,2321 1233,2321 1292,2321 1350,2320 1409,2320 1468,2320 1526,2319 1585,2319 1643,2318 1702,2318 1761,2317"/>
                <TextEquiv>
                    <Unicode>an diesen Aeußerungen kein wahres Wort. Der</Unicode>
                </TextEquiv>
            </TextLine>
            <TextLine id="r1l31" custom="readingOrder {index:30;}">
                <Coords points="583,2377 1685,2370 1776,2401 1775,2325 583,2340"/>
                <Baseline points="593,2373 651,2373 710,2374 769,2374 827,2375 886,2375 945,2375 1003,2376 1062,2376 1121,2376 1180,2376 1238,2376 1297,2376 1356,2376 1414,2376 1473,2375 1532,2374 1590,2374 1649,2373 1708,2372 1767,2371"/>
                <TextEquiv>
                    <Unicode>Director des Burgtheaters sah sich ausschließlich</Unicode>
                </TextEquiv>
            </TextLine>
            <TextLine id="r1l32" custom="readingOrder {index:31;}">
                <Coords points="590,2445 1596,2416 1784,2453 1784,2359 1684,2392 590,2393"/>
                <Baseline points="599,2430 657,2430 716,2429 775,2429 834,2429 893,2428 951,2428 1010,2428 1069,2428 1128,2428 1187,2428 1245,2428 1304,2428 1363,2428 1422,2427 1481,2427 1539,2427 1598,2426 1657,2425 1716,2424 1775,2423"/>
                <TextEquiv>
                    <Unicode>aus literarischen, künstlerischen und</Unicode>
                </TextEquiv>
            </TextLine>
            <TextLine id="r1l33" custom="readingOrder {index:32;}">
                <Coords points="582,2472 689,2504 1778,2499 1778,2452 1626,2426 582,2443"/>
                <Baseline points="592,2482 650,2483 709,2484 768,2484 827,2484 886,2484 944,2484 1003,2484 1062,2483 1121,2483 1180,2482 1238,2481 1297,2480 1356,2479 1415,2479 1474,2478 1532,2478 1591,2477 1650,2477 1709,2477 1768,2477"/>
                <TextEquiv>
                    <Unicode>dramaturgischen Gründen verpflichtet, das</Unicode>
                </TextEquiv>
            </TextLine>
            <TextLine id="r1l34" custom="readingOrder {index:33;}">
                <Coords points="586,2541 1709,2552 1801,2539 1801,2476 586,2506"/>
                <Baseline points="595,2536 654,2537 714,2537 774,2538 834,2538 894,2538 954,2538 1013,2538 1073,2538 1133,2538 1193,2538 1253,2537 1313,2537 1373,2536 1432,2536 1492,2535 1552,2535 1612,2534 1672,2533 1732,2532 1792,2531"/>
                <TextEquiv>
                    <Unicode>Schnitzlersche Stück nicht zur Aufführung zu bringen, und</Unicode>
                </TextEquiv>
            </TextLine>
            <TextLine id="r1l35" custom="readingOrder {index:34;}">
                <Coords points="559,2630 1749,2655 1807,2643 1809,2560 561,2545"/>
                <Baseline points="569,2614 630,2615 691,2615 753,2616 814,2617 876,2618 937,2619 999,2620 1060,2622 1122,2623 1183,2624 1244,2625 1306,2626 1367,2627 1429,2628 1490,2629 1552,2630 1613,2631 1675,2631 1736,2631 1798,2631"/>
                <TextEquiv>
                    <Unicode>iser übernimmt die Verantwortung für die verdiente</Unicode>
                </TextEquiv>
            </TextLine>
            <TextLine id="r1l36" custom="readingOrder {index:35;}">
                <Coords points="613,2676 1797,2705 1799,2638 1083,2658 1017,2626 960,2658 614,2623"/>
                <Baseline points="622,2669 680,2671 738,2672 797,2673 855,2674 913,2676 972,2677 1030,2678 1088,2678 1147,2679 1205,2680 1263,2681 1322,2682 1380,2682 1438,2683 1497,2684 1555,2685 1613,2686 1672,2686 1730,2687 1789,2689"/>
                <TextEquiv>
                    <Unicode>Ablehnung ganz allein auf sich; ein Einfluß „von</Unicode>
                </TextEquiv>
            </TextLine>
            <TextLine id="r1l37" custom="readingOrder {index:36;}">
                <Coords points="602,2744 1486,2730 1773,2761 1790,2709 603,2677"/>
                <Baseline points="612,2723 670,2724 728,2724 787,2725 845,2726 904,2726 962,2727 1021,2728 1079,2728 1138,2729 1196,2730 1254,2731 1313,2732 1371,2733 1430,2734 1488,2735 1547,2736 1605,2737 1664,2738 1722,2739 1781,2741"/>
                <TextEquiv>
                    <Unicode>oben“ ist schon aus dem einfachen Grund ganz und gar</Unicode>
                </TextEquiv>
            </TextLine>
            <TextLine id="r1l38" custom="readingOrder {index:37;}">
                <Coords points="614,2786 1680,2811 1798,2780 1695,2744 615,2743"/>
                <Baseline points="623,2778 681,2778 739,2778 797,2779 856,2779 914,2779 972,2780 1031,2781 1089,2781 1147,2782 1206,2783 1264,2784 1322,2784 1380,2786 1439,2787 1497,2787 1555,2788 1614,2790 1672,2790 1730,2791 1789,2792"/>
                <TextEquiv>
                    <Unicode>ausgeschlossen, weil dort das Schnitzlersche „Werl“, welches</Unicode>
                </TextEquiv>
            </TextLine>
            <TextLine id="r1l39" custom="readingOrder {index:38;}">
                <Coords points="610,2834 1800,2855 1800,2815 1743,2801 610,2783"/>
                <Baseline points="618,2831 676,2831 735,2831 793,2831 852,2832 911,2832 969,2833 1028,2833 1087,2834 1145,2834 1204,2835 1263,2836 1321,2837 1380,2838 1439,2839 1497,2840 1556,2842 1615,2843 1673,2845 1732,2846 1791,2848"/>
                <TextEquiv>
                    <Unicode>nur in der eingereichten Handschrift vorhanden ist,</Unicode>
                </TextEquiv>
            </TextLine>
            <TextLine id="r1l40" custom="readingOrder {index:39;}">
                <Coords points="601,2892 968,2885 1097,2913 1215,2887 1274,2910 1325,2894 1326,2849 1192,2835 1100,2865 1048,2837 950,2850 887,2828 753,2850 601,2840"/>
                <Baseline points="610,2886 645,2885 680,2883 715,2883 751,2882 786,2881 821,2881 857,2881 892,2881 927,2881 963,2882 998,2882 1033,2883 1068,2884 1104,2885 1139,2885 1174,2887 1210,2888 1245,2888 1280,2890 1316,2891"/>
                <TextEquiv>
                    <Unicode>gänzlich unbekannt ist.</Unicode>
                </TextEquiv>
            </TextLine>
            <TextLine id="r1l41" custom="readingOrder {index:40;}">
                <Coords points="685,2942 1787,2956 1786,2889 1515,2915 686,2890"/>
                <Baseline points="694,2929 748,2932 802,2934 856,2936 910,2938 965,2940 1019,2941 1073,2942 1127,2943 1181,2943 1236,2944 1290,2944 1344,2944 1398,2944 1452,2944 1507,2945 1561,2945 1615,2945 1669,2946 1723,2946 1778,2947"/>
                <TextEquiv>
                    <Unicode>Das Mitspielen eines äußeren Motivs</Unicode>
                </TextEquiv>
            </TextLine>
            <TextLine id="r1l42" custom="readingOrder {index:41;}">
                <Coords points="603,2987 1723,3022 1795,3000 1796,2962 604,2936"/>
                <Baseline points="612,2983 670,2984 729,2986 788,2988 846,2989 905,2990 964,2991 1022,2992 1081,2993 1140,2994 1199,2995 1257,2995 1316,2996 1375,2997 1433,2998 1492,2999 1551,2999 1609,3000 1668,3001 1727,3002 1786,3003"/>
                <TextEquiv>
                    <Unicode>in den literarischen Scandal, welchen die jüdische Keitikerclique</Unicode>
                </TextEquiv>
            </TextLine>
            <TextLine id="r1l43" custom="readingOrder {index:42;}">
                <Coords points="613,3054 1787,3056 1787,3027 1676,3006 614,3000"/>
                <Baseline points="622,3041 679,3041 737,3040 795,3040 853,3041 910,3041 968,3042 1026,3043 1084,3044 1141,3046 1199,3047 1257,3048 1315,3050 1372,3051 1430,3052 1488,3053 1546,3054 1603,3055 1661,3056 1719,3056 1777,3056"/>
                <TextEquiv>
                    <Unicode>heraufbeschworen hat, bestreitet Director Schlen¬</Unicode>
                </TextEquiv>
            </TextLine>
            <TextLine id="r1l44" custom="readingOrder {index:43;}">
                <Coords points="603,3100 1793,3118 1790,3052 604,3059"/>
                <Baseline points="613,3092 671,3093 730,3094 788,3095 847,3096 906,3097 964,3097 1023,3098 1081,3099 1140,3100 1199,3100 1257,3101 1316,3102 1374,3103 1433,3103 1492,3104 1550,3105 1609,3105 1667,3106 1726,3107 1785,3108"/>
                <TextEquiv>
                    <Unicode>ther auf das entschiedenste, und er ersuchte</Unicode>
                </TextEquiv>
            </TextLine>
            <TextLine id="r1l45" custom="readingOrder {index:44;}">
                <Coords points="603,3148 1801,3172 1801,3133 1691,3113 604,3106"/>
                <Baseline points="613,3149 671,3148 730,3147 789,3147 848,3147 907,3147 966,3148 1025,3149 1084,3150 1143,3151 1202,3152 1260,3154 1319,3155 1378,3156 1437,3157 1496,3158 1555,3159 1614,3159 1673,3159 1732,3159 1791,3158"/>
                <TextEquiv>
                    <Unicode>unseren Mitarbeiter ausdrücklich, von dieser seiner persön¬</Unicode>
                </TextEquiv>
            </TextLine>
            <TextLine id="r1l46" custom="readingOrder {index:45;}">
                <Coords points="601,3209 1797,3213 1767,3168 602,3158"/>
                <Baseline points="610,3201 668,3200 727,3200 786,3200 845,3200 904,3201 963,3201 1021,3202 1080,3203 1139,3204 1198,3205 1257,3206 1316,3207 1375,3208 1433,3210 1492,3211 1551,3212 1610,3214 1669,3215 1728,3216 1787,3217"/>
                <TextEquiv>
                    <Unicode>lichen Stellung in der neuesten „Affaire“ in dem Fall</Unicode>
                </TextEquiv>
            </TextLine>
            <TextLine id="r1l47" custom="readingOrder {index:46;}">
                <Coords points="612,3260 1737,3281 1798,3229 613,3202"/>
                <Baseline points="621,3250 679,3251 737,3252 796,3253 854,3254 912,3255 971,3256 1029,3256 1087,3257 1146,3257 1204,3258 1262,3259 1321,3259 1379,3260 1437,3261 1496,3263 1554,3264 1612,3266 1671,3268 1729,3271 1788,3273"/>
                <TextEquiv>
                    <Unicode>Gebrauch zu machen, als ein solches von dem Kritikerring</Unicode>
                </TextEquiv>
            </TextLine>
            <TextLine id="r1l48" custom="readingOrder {index:47;}">
                <Coords points="601,3306 1791,3342 1792,3260 602,3263"/>
                <Baseline points="610,3300 668,3301 727,3302 785,3304 844,3305 903,3305 961,3306 1020,3307 1078,3308 1137,3309 1196,3309 1254,3310 1313,3311 1371,3312 1430,3313 1489,3314 1547,3315 1606,3316 1664,3317 1723,3319 1782,3321"/>
                <TextEquiv>
                    <Unicode>in der Oeffentlichkeit behauptet wird. Schnitzlers „Schleier</Unicode>
                </TextEquiv>
            </TextLine>
            <TextLine id="r1l49" custom="readingOrder {index:48;}">
                <Coords points="609,3355 1766,3399 1794,3343 609,3315"/>
                <Baseline points="617,3356 675,3355 733,3355 792,3355 850,3355 908,3356 967,3356 1025,3357 1083,3358 1142,3359 1200,3360 1258,3361 1317,3362 1375,3364 1433,3365 1492,3366 1550,3367 1608,3368 1667,3369 1725,3371 1784,3371"/>
                <TextEquiv>
                    <Unicode>der Beatrice“ mußte aus künstlerischen Gründen</Unicode>
                </TextEquiv>
            </TextLine>
            <TextLine id="r1l50" custom="readingOrder {index:49;}">
                <Coords points="614,3418 1793,3454 1794,3393 1646,3376 615,3376"/>
                <Baseline points="624,3408 682,3409 740,3409 798,3409 856,3409 914,3410 972,3410 1030,3411 1088,3411 1146,3412 1204,3413 1262,3413 1320,3414 1378,3415 1436,3416 1494,3417 1552,3418 1610,3419 1668,3420 1726,3421 1785,3423"/>
                <TextEquiv>
                    <Unicode>zurückgewiesen werden, das klang aus jedem Wort Doctor</Unicode>
                </TextEquiv>
            </TextLine>
            <TextLine id="r1l51" custom="readingOrder {index:50;}">
                <Coords points="603,3469 1803,3485 1719,3433 604,3416"/>
                <Baseline points="613,3455 672,3456 731,3458 790,3459 849,3460 908,3461 967,3462 1026,3463 1085,3464 1144,3465 1203,3466 1262,3467 1321,3468 1380,3469 1439,3470 1498,3471 1557,3472 1616,3473 1675,3475 1734,3477 1793,3478"/>
                <TextEquiv>
                    <Unicode>Schlenthers deutlich heraus; alle anderen Versionen, welche</Unicode>
                </TextEquiv>
            </TextLine>
            <TextLine id="r1l52" custom="readingOrder {index:51;}">
                <Coords points="599,3513 1799,3566 1801,3479 600,3471"/>
                <Baseline points="607,3511 666,3512 725,3513 784,3514 843,3514 903,3516 962,3517 1021,3518 1080,3519 1139,3521 1199,3522 1258,3524 1317,3525 1376,3526 1435,3528 1495,3529 1554,3531 1613,3532 1672,3533 1731,3535 1791,3536"/>
                <TextEquiv>
                    <Unicode>in der Judenpresse verbreitet werden und noch verbreitet</Unicode>
                </TextEquiv>
            </TextLine>
            <TextLine id="r1l53" custom="readingOrder {index:52;}">
                <Coords points="572,3578 653,3597 697,3576 1240,3604 1241,3537 1144,3525 1048,3522 1026,3541 663,3514 573,3531"/>
                <Baseline points="581,3564 613,3563 646,3563 678,3562 711,3562 743,3563 776,3563 808,3564 841,3564 873,3565 906,3566 939,3567 971,3567 1004,3568 1036,3569 1069,3569 1101,3570 1134,3570 1166,3570 1199,3570 1232,3569"/>
                <TextEquiv>
                    <Unicode>Ewerden dürften sind eitel Rüge</Unicode>
                </TextEquiv>
            </TextLine>
            <TextEquiv>
                <Unicode>2
Theater, Kunst und Literatur.
Ein literarischer Scandal.
Einer unserer Mitarbeiter hatte heute Vormittags
Gelegenheit, mit Director Schlenther über die Er¬
klärung der jüdischen Kritikerclique anläßlich der Ablehnung
Für 50 des Arthur Schnitzlerschen Machwerkes „Der
100
200 Schleier der Beatrice“ Rücksprache zu pflegen und den
500 Standpunkt des Directors in der Angelegenheit kennen zu
„ 1000 lernen.
Im
Herr Dr. Schlenther wies darauf hin, daß nunmehr das
Abonneme von den Mitgliedern des jüdischen Literaturringes die Auf=ien
Abonnente
fassung verbreitet werde, das Verhalten des Burgtheater¬
Dei directors dem Schnitzlerschen Stück gegenüber sei eigentlich jie
Inhaltsar nichts als das caché eines höheren Befehles. Die in dem n¬
blütte Stück niedergelegten socialen, religiösen oder sittlichen
wodurch
n
Tendenzen hätten nicht den Beifall der obersten Hoftheater= sn
des In¬
werden in behörde gefunden, und so habe denn diese ihres Amtes als
Censurbehörde gewaltet und Herr Director Schlenther habe
„von oben“ einen Wink bekommen, daß die Aufführung des
Stückes an hoher Stelle nicht gewünscht werde und er
daher von einer solchen abzusehen habe.
Wie Dr. Schlenther unseren Mitarbeiter versicherte, ist
an diesen Aeußerungen kein wahres Wort. Der
Director des Burgtheaters sah sich ausschließlich
aus literarischen, künstlerischen und
dramaturgischen Gründen verpflichtet, das
Schnitzlersche Stück nicht zur Aufführung zu bringen, und
iser übernimmt die Verantwortung für die verdiente
Ablehnung ganz allein auf sich; ein Einfluß „von
oben“ ist schon aus dem einfachen Grund ganz und gar
ausgeschlossen, weil dort das Schnitzlersche „Werl“, welches
nur in der eingereichten Handschrift vorhanden ist,
gänzlich unbekannt ist.
Das Mitspielen eines äußeren Motivs
in den literarischen Scandal, welchen die jüdische Keitikerclique
heraufbeschworen hat, bestreitet Director Schlen¬
ther auf das entschiedenste, und er ersuchte
unseren Mitarbeiter ausdrücklich, von dieser seiner persön¬
lichen Stellung in der neuesten „Affaire“ in dem Fall
Gebrauch zu machen, als ein solches von dem Kritikerring
in der Oeffentlichkeit behauptet wird. Schnitzlers „Schleier
der Beatrice“ mußte aus künstlerischen Gründen
zurückgewiesen werden, das klang aus jedem Wort Doctor
Schlenthers deutlich heraus; alle anderen Versionen, welche
in der Judenpresse verbreitet werden und noch verbreitet
Ewerden dürften sind eitel Rüge</Unicode>
            </TextEquiv>
        </TextRegion>
        <TextRegion orientation="0.0" id="r2" custom="readingOrder {index:1;}">
            <Coords points="2116,174 2116,4046 3219,4046 3219,174"/>
            <TextLine id="r2l1" custom="readingOrder {index:0;}">
                <Coords points="2257,199 3120,227 3216,206 3216,163 2257,180"/>
                <Baseline points="2265,196 2312,197 2359,198 2406,199 2453,199 2500,200 2547,201 2594,201 2641,202 2688,203 2735,203 2782,203 2829,204 2876,204 2923,204 2970,204 3017,204 3064,203 3111,203 3158,202 3206,201"/>
                <TextEquiv>
                    <Unicode>London, 14. Septciuber. Dord Mober?</Unicode>
                </TextEquiv>
            </TextLine>
            <TextLine id="r2l2" custom="readingOrder {index:1;}">
                <Coords points="2154,237 3111,271 3220,238 3220,207 2154,201"/>
                <Baseline points="2162,242 2214,243 2266,244 2319,245 2371,245 2424,246 2476,247 2528,248 2581,249 2633,250 2686,251 2738,252 2790,252 2843,253 2895,254 2948,254 3000,254 3052,254 3105,254 3157,254 3210,254"/>
                <TextEquiv>
                    <Unicode>berichtet weiters aus Machadodorp vom Gestrigen:</Unicode>
                </TextEquiv>
            </TextLine>
            <TextLine id="r2l3" custom="readingOrder {index:2;}">
                <Coords points="2165,300 3209,311 3186,256 2165,251"/>
                <Baseline points="2174,289 2225,290 2276,291 2327,292 2379,293 2430,294 2481,295 2532,296 2584,296 2635,297 2686,298 2737,298 2789,299 2840,299 2891,300 2942,300 2994,300 3045,299 3096,299 3147,299 3199,298"/>
                <TextEquiv>
                    <Unicode>General Hart nahm am 11. d. Polchefstroom</Unicode>
                </TextEquiv>
            </TextLine>
            <TextLine id="r2l4" custom="readingOrder {index:3;}">
                <Coords points="2165,339 2801,341 2994,373 3174,355 3213,310 2165,300"/>
                <Baseline points="2174,333 2225,335 2277,336 2328,337 2380,338 2431,339 2483,339 2534,340 2586,340 2637,341 2689,341 2740,341 2792,342 2843,342 2895,342 2946,342 2998,342 3049,343 3101,343 3152,343 3204,344"/>
                <TextEquiv>
                    <Unicode>wieder ein, nachdem er die Buren durch einen</Unicode>
                </TextEquiv>
            </TextLine>
            <TextLine id="r2l5" custom="readingOrder {index:4;}">
                <Coords points="2166,393 2892,407 3017,380 3219,409 3208,344 2989,372 2878,342 2840,373 2600,334 2166,343"/>
                <Baseline points="2174,381 2225,382 2277,383 2329,383 2381,384 2433,385 2484,386 2536,386 2588,387 2640,388 2692,388 2743,389 2795,389 2847,390 2899,390 2951,390 3002,391 3054,391 3106,391 3158,390 3210,390"/>
                <TextEquiv>
                    <Unicode>Handstreich überrumpelt hatte. General</Unicode>
                </TextEquiv>
            </TextLine>
            <TextLine id="r2l6" custom="readingOrder {index:5;}">
                <Coords points="2159,425 3220,448 3220,407 3010,387 2160,393"/>
                <Baseline points="2169,431 2221,431 2273,430 2325,430 2377,430 2429,430 2481,430 2533,431 2585,431 2637,432 2689,432 2741,433 2793,434 2845,434 2897,435 2949,435 3001,435 3053,435 3105,435 3157,435 3210,434"/>
                <TextEquiv>
                    <Unicode>Botha ist durch Krankheit gezwungen, das Kom¬</Unicode>
                </TextEquiv>
            </TextLine>
            <TextLine id="r2l7" custom="readingOrder {index:6;}">
                <Coords points="2148,493 2398,479 2486,513 2571,488 2883,511 2939,490 3006,513 3007,451 2980,442 2149,433"/>
                <Baseline points="2157,478 2199,477 2241,475 2283,475 2325,475 2367,475 2409,475 2451,475 2493,476 2535,477 2577,477 2619,478 2661,479 2703,480 2745,481 2787,481 2829,482 2871,482 2913,482 2955,482 2998,481"/>
                <TextEquiv>
                    <Unicode>mando an Viljoen abzugeben.</Unicode>
                </TextEquiv>
            </TextLine>
            <TextLine id="r2l8" custom="readingOrder {index:7;}">
                <Coords points="2270,595 3052,597 3088,585 3089,522 2970,510 2811,550 2735,522 2529,536 2479,509 2439,533 2271,534"/>
                <Baseline points="2279,580 2319,579 2359,579 2399,580 2439,580 2479,581 2519,581 2559,582 2599,583 2639,584 2679,585 2719,586 2759,586 2799,587 2839,587 2879,587 2919,587 2959,586 2999,585 3039,584 3079,582"/>
                <TextEquiv>
                    <Unicode>Die Finanzkrise in Brasilien.</Unicode>
                </TextEquiv>
            </TextLine>
            <TextLine id="r2l9" custom="readingOrder {index:8;}">
                <Coords points="2232,646 3162,666 3209,661 3210,605 2997,594 2953,628 2865,588 2792,626 2233,584"/>
                <Baseline points="2241,641 2289,641 2337,641 2385,642 2433,642 2481,642 2529,643 2577,643 2625,644 2673,645 2721,645 2769,646 2817,646 2865,646 2913,646 2961,647 3009,646 3057,646 3105,646 3153,645 3201,644"/>
                <TextEquiv>
                    <Unicode>London, 14. September. Die „Times“</Unicode>
                </TextEquiv>
            </TextLine>
            <TextLine id="r2l10" custom="readingOrder {index:9;}">
                <Coords points="2144,698 3137,711 3215,700 3216,659 2269,659 2145,627"/>
                <Baseline points="2153,687 2205,687 2258,688 2311,688 2363,689 2416,689 2469,689 2521,690 2574,690 2627,691 2680,691 2732,692 2785,692 2838,692 2890,693 2943,693 2996,693 3048,694 3101,694 3154,695 3207,695"/>
                <TextEquiv>
                    <Unicode>melden aus Rio de Janeiro vom Gestrigen:</Unicode>
                </TextEquiv>
            </TextLine>
            <TextLine id="r2l11" custom="readingOrder {index:10;}">
                <Coords points="2147,722 2286,757 3213,752 3164,697 2147,697"/>
                <Baseline points="2156,733 2208,734 2260,736 2313,737 2365,738 2418,739 2470,740 2522,741 2575,741 2627,741 2680,741 2732,741 2784,741 2837,741 2889,741 2942,741 2994,741 3046,741 3099,741 3151,741 3204,741"/>
                <TextEquiv>
                    <Unicode>Die Lage des hiesigen Geldmarktes ist unverändert.</Unicode>
                </TextEquiv>
            </TextLine>
            <TextLine id="r2l12" custom="readingOrder {index:11;}">
                <Coords points="2147,787 2962,811 3173,800 3210,764 2148,729"/>
                <Baseline points="2157,782 2209,782 2261,783 2313,784 2365,785 2417,786 2469,787 2522,788 2574,789 2626,790 2678,790 2730,791 2782,792 2834,792 2887,792 2939,792 2991,791 3043,790 3095,789 3147,787 3200,786"/>
                <TextEquiv>
                    <Unicode>[Die Banco Rural Hypothecaria</Unicode>
                </TextEquiv>
            </TextLine>
            <TextLine id="r2l13" custom="readingOrder {index:12;}">
                <Coords points="2136,853 3156,835 3216,866 3216,801 3155,788 2287,808 2136,761"/>
                <Baseline points="2145,830 2198,831 2251,832 2304,833 2357,834 2410,834 2463,835 2516,836 2569,836 2622,837 2675,837 2728,837 2781,837 2834,837 2887,837 2940,837 2993,836 3046,836 3099,835 3152,834 3206,833"/>
                <TextEquiv>
                    <Unicode>sund zwei andere nationale Banken</Unicode>
                </TextEquiv>
            </TextLine>
            <TextLine id="r2l14" custom="readingOrder {index:13;}">
                <Coords points="2138,868 2664,903 3215,884 3157,835 2138,836"/>
                <Baseline points="2147,877 2202,877 2258,878 2314,879 2369,879 2425,880 2481,880 2537,881 2592,881 2648,881 2704,881 2760,881 2815,882 2871,882 2927,882 2983,882 3038,882 3094,882 3150,882 3206,882"/>
                <TextEquiv>
                    <Unicode>lverlangen ebenfalls einen Zah¬</Unicode>
                </TextEquiv>
            </TextLine>
            <TextLine id="r2l15" custom="readingOrder {index:14;}">
                <Coords points="2144,935 2614,918 3194,959 3229,907 3036,874 2795,901 2145,870"/>
                <Baseline points="2154,925 2207,925 2260,925 2313,924 2367,925 2420,925 2473,925 2526,925 2580,926 2633,926 2686,927 2739,927 2793,928 2846,929 2899,930 2952,931 3006,932 3059,933 3112,934 3165,936 3219,937"/>
                <TextEquiv>
                    <Unicode>lungsaufschub von sechzig Tagen,</Unicode>
                </TextEquiv>
            </TextLine>
            <TextLine id="r2l16" custom="readingOrder {index:15;}">
                <Coords points="2145,986 3032,996 3033,955 2146,935"/>
                <Baseline points="2154,974 2197,973 2240,972 2284,972 2327,972 2371,972 2414,972 2458,973 2501,973 2545,974 2588,975 2631,975 2675,976 2718,977 2762,978 2805,978 2849,979 2892,979 2936,979 2979,978 3023,978"/>
                <TextEquiv>
                    <Unicode>swie die Banco da Republica.</Unicode>
                </TextEquiv>
            </TextLine>
            <TextLine id="r2l17" custom="readingOrder {index:16;}">
                <Coords points="2138,1114 2264,1079 3180,1111 3206,1037 2456,1021 2414,1053 2138,1022"/>
                <Baseline points="2146,1086 2198,1085 2251,1085 2303,1085 2356,1085 2408,1085 2461,1085 2513,1086 2566,1087 2618,1087 2671,1088 2723,1089 2776,1090 2828,1090 2881,1091 2933,1091 2986,1091 3038,1091 3091,1091 3143,1090 3196,1089"/>
                <TextEquiv>
                    <Unicode>Der neue englische Botschafter in Wien.</Unicode>
                </TextEquiv>
            </TextLine>
            <TextLine id="r2l18" custom="readingOrder {index:17;}">
                <Coords points="2222,1155 3208,1156 3194,1100 2997,1133 2576,1101 2529,1139 2394,1093 2222,1099"/>
                <Baseline points="2231,1151 2279,1152 2327,1153 2376,1154 2424,1155 2473,1155 2521,1156 2570,1157 2618,1157 2667,1158 2715,1158 2763,1158 2812,1158 2860,1158 2909,1158 2957,1158 3006,1158 3054,1157 3103,1156 3151,1156 3200,1155"/>
                <TextEquiv>
                    <Unicode>London, 14. September. Wie das „Amts¬</Unicode>
                </TextEquiv>
            </TextLine>
            <TextLine id="r2l19" custom="readingOrder {index:18;}">
                <Coords points="2135,1209 2603,1208 2633,1236 3211,1207 3177,1161 2258,1175 2135,1133"/>
                <Baseline points="2143,1204 2198,1203 2254,1202 2310,1202 2365,1203 2421,1203 2477,1203 2533,1204 2588,1205 2644,1205 2700,1206 2756,1207 2811,1207 2867,1208 2923,1208 2979,1208 3034,1208 3090,1207 3146,1207 3202,1206"/>
                <TextEquiv>
                    <Unicode>[blatt“ meldet wurde Sir Francis Plunkett</Unicode>
                </TextEquiv>
            </TextLine>
            <TextLine id="r2l20" custom="readingOrder {index:19;}">
                <Coords points="2145,1268 2285,1242 2339,1270 3223,1285 3224,1199 2631,1237 2556,1208 2146,1212"/>
                <Baseline points="2155,1252 2210,1251 2266,1250 2322,1250 2377,1249 2433,1249 2489,1250 2545,1250 2600,1251 2656,1252 2712,1253 2768,1254 2823,1254 2879,1255 2935,1256 2991,1256 3046,1256 3102,1256 3158,1256 3214,1255"/>
                <TextEquiv>
                    <Unicode>zum Botschafter am Wiener Hofe</Unicode>
                </TextEquiv>
            </TextLine>
            <TextLine id="r2l21" custom="readingOrder {index:20;}">
                <Coords points="2142,1317 2204,1314 2218,1321 2260,1301 2294,1298 2312,1305 2332,1294 2344,1296 2345,1266 2330,1266 2307,1253 2274,1255 2247,1267 2216,1253 2198,1262 2142,1265"/>
                <Baseline points="2151,1297 2177,1295 2203,1294 2229,1295 2256,1295 2282,1296 2308,1296 2335,1295"/>
                <TextEquiv>
                    <Unicode>ernannt.</Unicode>
                </TextEquiv>
            </TextLine>
            <TextLine id="r2l22" custom="readingOrder {index:21;}">
                <Coords points="2180,1449 3179,1444 3179,1385 3109,1362 2181,1364"/>
                <Baseline points="2189,1426 2238,1427 2287,1428 2336,1428 2385,1429 2434,1429 2483,1430 2532,1430 2581,1430 2630,1431 2679,1431 2728,1431 2777,1432 2826,1432 2875,1433 2924,1433 2973,1434 3022,1436 3071,1437 3120,1439 3169,1441"/>
                <TextEquiv>
                    <Unicode>Theater, Kunst und Literatur.</Unicode>
                </TextEquiv>
            </TextLine>
            <TextLine id="r2l23" custom="readingOrder {index:22;}">
                <Coords points="2175,1537 2665,1534 2743,1501 2782,1531 3104,1542 3184,1511 3185,1383 2884,1344 2830,1381 2763,1344 2603,1463 2176,1464"/>
                <Baseline points="2185,1507 2234,1507 2284,1508 2333,1509 2383,1510 2432,1511 2482,1512 2531,1513 2581,1513 2630,1514 2680,1515 2729,1515 2779,1516 2828,1516 2878,1517 2927,1518 2977,1518 3026,1519 3076,1519 3125,1520 3175,1520"/>
                <TextEquiv>
                    <Unicode>Snlie. Selenhe die ie age</Unicode>
                </TextEquiv>
            </TextLine>
            <TextLine id="r2l24" custom="readingOrder {index:23;}">
                <Coords points="2229,1565 2982,1603 3179,1591 3203,1542 2229,1540"/>
                <Baseline points="2237,1570 2284,1571 2332,1572 2380,1572 2428,1573 2476,1574 2524,1574 2571,1575 2619,1576 2667,1577 2715,1577 2763,1578 2811,1578 2859,1579 2906,1579 2954,1579 3002,1579 3050,1579 3098,1579 3146,1578 3194,1577"/>
                <TextEquiv>
                    <Unicode>Eine der häusigen Differenzen zwischen Theaterdirektor</Unicode>
                </TextEquiv>
            </TextLine>
            <TextLine id="r2l25" custom="readingOrder {index:24;}">
                <Coords points="2132,1626 3212,1644 3213,1597 3108,1585 2133,1581"/>
                <Baseline points="2141,1621 2194,1620 2247,1620 2300,1620 2353,1620 2406,1621 2459,1621 2513,1622 2566,1623 2619,1624 2672,1625 2725,1625 2778,1626 2831,1627 2885,1628 2938,1629 2991,1630 3044,1631 3097,1631 3150,1631 3204,1631"/>
                <TextEquiv>
                    <Unicode>und dramatischem Autor hat durch den Rang der Bühne,</Unicode>
                </TextEquiv>
            </TextLine>
            <TextLine id="r2l26" custom="readingOrder {index:25;}">
                <Coords points="2132,1657 2253,1685 3210,1685 3178,1637 2133,1622"/>
                <Baseline points="2141,1672 2194,1670 2247,1670 2300,1669 2353,1669 2406,1669 2459,1670 2512,1670 2565,1671 2618,1672 2671,1673 2724,1674 2777,1675 2830,1675 2883,1676 2936,1677 2989,1677 3042,1677 3095,1677 3148,1677 3201,1676"/>
                <TextEquiv>
                    <Unicode>um dessen Direktor, durch die Bedeutung des Autors, um</Unicode>
                </TextEquiv>
            </TextLine>
            <TextLine id="r2l27" custom="readingOrder {index:26;}">
                <Coords points="2130,1716 3203,1733 3203,1690 3117,1673 2252,1686 2131,1656"/>
                <Baseline points="2139,1717 2191,1716 2244,1716 2297,1716 2350,1716 2403,1716 2455,1716 2508,1716 2561,1717 2614,1717 2667,1717 2719,1718 2772,1718 2825,1719 2878,1719 2931,1720 2983,1720 3036,1721 3089,1721 3142,1721 3195,1721"/>
                <TextEquiv>
                    <Unicode>dessen Stück es sich handelt, und durch die nicht sehr glückliche</Unicode>
                </TextEquiv>
            </TextLine>
            <TextLine id="r2l28" custom="readingOrder {index:27;}">
                <Coords points="2136,1756 3209,1770 3170,1730 2137,1711"/>
                <Baseline points="2145,1762 2197,1761 2250,1761 2303,1761 2356,1761 2408,1762 2461,1762 2514,1763 2567,1763 2619,1764 2672,1764 2725,1765 2778,1766 2830,1767 2883,1767 2936,1768 2989,1768 3041,1769 3094,1769 3147,1769 3200,1769"/>
                <TextEquiv>
                    <Unicode>und nicht sehr korrekte Einmischung einiger publizistischer</Unicode>
                </TextEquiv>
            </TextLine>
            <TextLine id="r2l29" custom="readingOrder {index:28;}">
                <Coords points="2144,1806 3208,1825 3209,1771 3002,1794 2145,1762"/>
                <Baseline points="2153,1809 2205,1809 2257,1808 2309,1808 2362,1808 2414,1808 2466,1808 2519,1809 2571,1809 2623,1810 2676,1810 2728,1811 2780,1812 2832,1812 2885,1813 2937,1814 2989,1815 3042,1816 3094,1816 3146,1817 3199,1818"/>
                <TextEquiv>
                    <Unicode>Sachwalter des gekränkten Dramatikers mehr Lärm in</Unicode>
                </TextEquiv>
            </TextLine>
            <TextLine id="r2l30" custom="readingOrder {index:29;}">
                <Coords points="2140,1854 2653,1881 2816,1846 3077,1882 3207,1873 3208,1846 3134,1819 2617,1839 2141,1804"/>
                <Baseline points="2149,1855 2201,1854 2254,1854 2306,1854 2359,1854 2411,1855 2464,1856 2516,1856 2569,1857 2621,1859 2674,1860 2726,1861 2779,1862 2831,1863 2884,1864 2936,1865 2989,1865 3041,1865 3094,1865 3146,1865 3199,1864"/>
                <TextEquiv>
                    <Unicode>der Wiener Theaterwelt aufgejagt, als der sachlichen</Unicode>
                </TextEquiv>
            </TextLine>
            <TextLine id="r2l31" custom="readingOrder {index:30;}">
                <Coords points="2143,1891 2297,1920 2411,1892 2549,1921 3212,1916 3191,1872 2144,1857"/>
                <Baseline points="2152,1905 2204,1904 2257,1904 2309,1903 2362,1903 2414,1904 2467,1904 2519,1904 2572,1905 2624,1906 2677,1906 2730,1907 2782,1908 2835,1909 2887,1910 2940,1911 2992,1911 3045,1912 3097,1913 3150,1913 3203,1913"/>
                <TextEquiv>
                    <Unicode>Prüfung und Beurtheilung der Angelegenheit zuträglich</Unicode>
                </TextEquiv>
            </TextLine>
            <TextLine id="r2l32" custom="readingOrder {index:31;}">
                <Coords points="2137,1962 3124,1980 3202,1957 3203,1916 2291,1921 2137,1892"/>
                <Baseline points="2145,1952 2197,1950 2249,1949 2302,1949 2354,1949 2407,1949 2459,1949 2511,1950 2564,1951 2616,1952 2669,1954 2721,1955 2773,1956 2826,1957 2878,1958 2931,1959 2983,1959 3035,1959 3088,1959 3140,1958 3193,1957"/>
                <TextEquiv>
                    <Unicode>sist. Arthur Schnitzler, der mit seinem Schau¬</Unicode>
                </TextEquiv>
            </TextLine>
            <TextLine id="r2l33" custom="readingOrder {index:32;}">
                <Coords points="2122,1991 3200,2013 3172,1964 2236,1965 2122,1937"/>
                <Baseline points="2130,1999 2183,1997 2236,1996 2289,1995 2342,1995 2395,1995 2448,1995 2501,1995 2554,1996 2607,1997 2660,1998 2713,1999 2766,2001 2819,2002 2872,2003 2925,2004 2978,2005 3031,2005 3084,2006 3137,2006 3191,2005"/>
                <TextEquiv>
                    <Unicode>piel „Liebelei“, dem Burgtheater=Repertoire pul¬</Unicode>
                </TextEquiv>
            </TextLine>
            <TextLine id="r2l34" custom="readingOrder {index:33;}">
                <Coords points="2129,2057 3211,2060 3211,2018 3073,2006 2130,2012"/>
                <Baseline points="2138,2047 2191,2045 2244,2045 2297,2044 2350,2044 2404,2045 2457,2045 2510,2046 2563,2047 2616,2048 2670,2049 2723,2050 2776,2051 2829,2052 2882,2053 2936,2053 2989,2054 3042,2054 3095,2053 3148,2053 3202,2051"/>
                <TextEquiv>
                    <Unicode>sirendstes Wiener Blut zugeführt hat, dessen „Grüner</Unicode>
                </TextEquiv>
            </TextLine>
            <TextLine id="r2l35" custom="readingOrder {index:34;}">
                <Coords points="2125,2117 2364,2080 2408,2113 3209,2110 3132,2056 2125,2055"/>
                <Baseline points="2134,2095 2187,2094 2240,2093 2293,2093 2347,2093 2400,2093 2453,2094 2506,2094 2560,2095 2613,2096 2666,2097 2719,2097 2773,2098 2826,2099 2879,2100 2932,2101 2986,2102 3039,2102 3092,2103 3145,2104 3199,2104"/>
                <TextEquiv>
                    <Unicode>[Kakadu“ einen Nachhall des Bastillensturmes auf die</Unicode>
                </TextEquiv>
            </TextLine>
            <TextLine id="r2l36" custom="readingOrder {index:35;}">
                <Coords points="2145,2143 3209,2157 3209,2110 3178,2107 2145,2104"/>
                <Baseline points="2153,2143 2205,2142 2257,2141 2310,2140 2362,2140 2414,2140 2467,2140 2519,2141 2571,2141 2624,2142 2676,2144 2728,2145 2781,2146 2833,2147 2885,2148 2938,2148 2990,2149 3042,2149 3095,2149 3147,2149 3200,2148"/>
                <TextEquiv>
                    <Unicode>Hofbühne brachte und der mit solchen Erfolgen ein bleibendes</Unicode>
                </TextEquiv>
            </TextLine>
            <TextLine id="r2l37" custom="readingOrder {index:36;}">
                <Coords points="2134,2193 3156,2219 3212,2211 3213,2160 2135,2141"/>
                <Baseline points="2143,2189 2196,2188 2249,2187 2302,2187 2355,2187 2408,2187 2461,2187 2514,2188 2567,2189 2620,2190 2673,2191 2726,2192 2779,2193 2832,2194 2885,2195 2938,2196 2991,2197 3044,2197 3097,2198 3150,2198 3204,2198"/>
                <TextEquiv>
                    <Unicode>Aufführungsrecht im Burgtheater erworben zu haben glauben</Unicode>
                </TextEquiv>
            </TextLine>
            <TextLine id="r2l38" custom="readingOrder {index:37;}">
                <Coords points="2137,2246 3206,2249 3206,2211 3136,2203 2137,2194"/>
                <Baseline points="2145,2236 2197,2235 2250,2234 2302,2234 2355,2234 2408,2234 2460,2234 2513,2235 2565,2235 2618,2236 2671,2237 2723,2238 2776,2239 2828,2241 2881,2242 2934,2243 2986,2244 3039,2244 3091,2245 3144,2245 3197,2245"/>
                <TextEquiv>
                    <Unicode>machte, ist wegen seines neuesten Stückes „Der Schleierder</Unicode>
                </TextEquiv>
            </TextLine>
            <TextLine id="r2l39" custom="readingOrder {index:38;}">
                <Coords points="2135,2294 3208,2292 3127,2245 2135,2246"/>
                <Baseline points="2143,2282 2195,2281 2248,2281 2301,2281 2354,2281 2407,2281 2459,2282 2512,2282 2565,2283 2618,2284 2671,2285 2723,2286 2776,2287 2829,2288 2882,2289 2935,2290 2987,2291 3040,2292 3093,2293 3146,2294 3199,2294"/>
                <TextEquiv>
                    <Unicode>[Beatrice“ mit Direktor Schlenther in Konflikt gerathen.</Unicode>
                </TextEquiv>
            </TextLine>
            <TextLine id="r2l40" custom="readingOrder {index:39;}">
                <Coords points="2139,2331 3205,2342 3205,2297 2140,2295"/>
                <Baseline points="2149,2329 2201,2328 2253,2328 2306,2328 2358,2329 2410,2329 2463,2330 2515,2331 2567,2332 2620,2333 2672,2333 2724,2334 2777,2335 2829,2336 2881,2337 2934,2338 2986,2338 3038,2338 3091,2338 3143,2338 3196,2337"/>
                <TextEquiv>
                    <Unicode>Der Kernpunkt des Streites besteht derin, daß Schnitzler</Unicode>
                </TextEquiv>
            </TextLine>
            <TextLine id="r2l41" custom="readingOrder {index:40;}">
                <Coords points="2134,2365 2227,2397 3089,2404 3199,2384 3200,2342 2134,2325"/>
                <Baseline points="2143,2376 2195,2376 2247,2376 2300,2376 2352,2376 2405,2376 2457,2377 2509,2377 2562,2378 2614,2379 2667,2380 2719,2381 2771,2382 2824,2383 2876,2383 2929,2384 2981,2385 3033,2386 3086,2386 3138,2387 3191,2387"/>
                <TextEquiv>
                    <Unicode>behauptet und aus brieflichen Aeußerungen des Direktors</Unicode>
                </TextEquiv>
            </TextLine>
            <TextLine id="r2l42" custom="readingOrder {index:41;}">
                <Coords points="2141,2425 3191,2439 3191,2403 3002,2389 2142,2387"/>
                <Baseline points="2150,2421 2201,2422 2253,2422 2304,2423 2356,2424 2407,2424 2459,2425 2510,2426 2562,2427 2613,2428 2665,2429 2717,2429 2768,2430 2820,2431 2871,2432 2923,2433 2974,2434 3026,2434 3077,2435 3129,2435 3181,2436"/>
                <TextEquiv>
                    <Unicode>den Beweis deduzirt, sein Stück sei in aller Form an¬</Unicode>
                </TextEquiv>
            </TextLine>
            <TextLine id="r2l43" custom="readingOrder {index:42;}">
                <Coords points="2123,2476 3179,2501 3202,2444 2208,2443 2124,2404"/>
                <Baseline points="2132,2474 2185,2473 2238,2473 2291,2473 2344,2473 2397,2474 2450,2474 2503,2475 2556,2475 2609,2476 2662,2477 2715,2477 2768,2478 2821,2479 2874,2480 2927,2480 2980,2481 3033,2481 3086,2481 3139,2482 3193,2481"/>
                <TextEquiv>
                    <Unicode>genommen und ihm trotzdem vier Monate später zurück¬</Unicode>
                </TextEquiv>
            </TextLine>
            <TextLine id="r2l44" custom="readingOrder {index:43;}">
                <Coords points="2123,2545 2444,2517 3196,2552 3196,2496 3164,2486 2123,2480"/>
                <Baseline points="2132,2522 2184,2522 2237,2521 2290,2521 2342,2521 2395,2521 2448,2521 2500,2521 2553,2521 2606,2521 2659,2522 2711,2522 2764,2522 2817,2523 2869,2524 2922,2525 2975,2525 3027,2527 3080,2528 3133,2529 3186,2531"/>
                <TextEquiv>
                    <Unicode>gegeben worden, während Direktor Schlenther auf das</Unicode>
                </TextEquiv>
            </TextLine>
            <TextLine id="r2l45" custom="readingOrder {index:44;}">
                <Coords points="2135,2565 2984,2595 3192,2572 3109,2531 2136,2531"/>
                <Baseline points="2144,2567 2198,2567 2253,2568 2308,2568 2362,2568 2417,2569 2472,2569 2526,2570 2581,2570 2636,2571 2690,2572 2745,2572 2800,2573 2854,2574 2909,2575 2964,2575 3018,2576 3073,2577 3128,2577 3183,2578"/>
                <TextEquiv>
                    <Unicode>Entschiedenste die Auffassung von sich weist, daß die Mit¬</Unicode>
                </TextEquiv>
            </TextLine>
            <TextLine id="r2l46" custom="readingOrder {index:45;}">
                <Coords points="2133,2610 3191,2646 3191,2590 3155,2582 2133,2565"/>
                <Baseline points="2142,2614 2194,2614 2246,2614 2298,2615 2350,2615 2402,2615 2454,2616 2506,2616 2558,2616 2610,2617 2662,2617 2714,2618 2766,2618 2818,2619 2870,2620 2922,2621 2974,2622 3026,2624 3078,2626 3130,2628 3182,2630"/>
                <TextEquiv>
                    <Unicode>theilungen, welche er an den Dichter habe gelangen lassen,</Unicode>
                </TextEquiv>
            </TextLine>
            <TextLine id="r2l47" custom="readingOrder {index:46;}">
                <Coords points="2133,2672 3204,2685 3204,2642 3136,2630 2134,2611"/>
                <Baseline points="2142,2663 2194,2662 2247,2661 2299,2661 2352,2661 2405,2661 2457,2662 2510,2662 2562,2663 2615,2664 2668,2664 2720,2665 2773,2666 2825,2668 2878,2669 2931,2670 2983,2671 3036,2672 3088,2673 3141,2673 3194,2674"/>
                <TextEquiv>
                    <Unicode>jemals eine definitive Annahme in sich geschlossen hätten,</Unicode>
                </TextEquiv>
            </TextLine>
            <TextLine id="r2l48" custom="readingOrder {index:47;}">
                <Coords points="2142,2721 3115,2736 3200,2713 3201,2675 2142,2670"/>
                <Baseline points="2150,2713 2202,2711 2254,2710 2306,2709 2358,2709 2410,2709 2462,2709 2514,2710 2566,2710 2618,2711 2670,2712 2722,2713 2774,2714 2826,2715 2878,2716 2930,2717 2982,2717 3034,2718 3086,2718 3138,2718 3191,2718"/>
                <TextEquiv>
                    <Unicode>sondern im Gegentheil seien die Bedenken des Direktors</Unicode>
                </TextEquiv>
            </TextLine>
            <TextLine id="r2l49" custom="readingOrder {index:48;}">
                <Coords points="2122,2770 3175,2791 3201,2730 2122,2707"/>
                <Baseline points="2131,2763 2184,2761 2237,2759 2290,2757 2343,2757 2396,2756 2449,2756 2502,2756 2555,2757 2608,2757 2661,2758 2714,2759 2767,2760 2820,2761 2873,2762 2926,2763 2979,2764 3032,2765 3085,2765 3138,2766 3191,2765"/>
                <TextEquiv>
                    <Unicode>gegen das Stück in einer Reihe von Abänderungsvorschlägen</Unicode>
                </TextEquiv>
            </TextLine>
            <TextLine id="r2l50" custom="readingOrder {index:49;}">
                <Coords points="2134,2813 3187,2809 3139,2774 2134,2777"/>
                <Baseline points="2143,2806 2194,2804 2246,2803 2298,2803 2350,2802 2401,2802 2453,2802 2505,2803 2557,2804 2608,2805 2660,2805 2712,2807 2764,2808 2815,2809 2867,2810 2919,2811 2971,2811 3022,2812 3074,2812 3126,2812 3178,2811"/>
                <TextEquiv>
                    <Unicode>zum Ausdruck gekommen, von denen er die Aufführung ab¬</Unicode>
                </TextEquiv>
            </TextLine>
            <TextLine id="r2l51" custom="readingOrder {index:50;}">
                <Coords points="2127,2862 3113,2878 3187,2873 3188,2810 2128,2814"/>
                <Baseline points="2137,2854 2189,2852 2241,2851 2293,2850 2345,2850 2397,2850 2449,2850 2501,2851 2553,2852 2605,2853 2658,2854 2710,2855 2762,2856 2814,2857 2866,2858 2918,2859 2970,2860 3022,2860 3074,2860 3126,2860 3179,2859"/>
                <TextEquiv>
                    <Unicode>hängig gemacht habe, Aber auch eine definitive Zurück¬</Unicode>
                </TextEquiv>
            </TextLine>
            <TextLine id="r2l52" custom="readingOrder {index:51;}">
                <Coords points="2129,2897 3189,2924 3184,2866 2129,2863"/>
                <Baseline points="2137,2899 2189,2898 2241,2897 2293,2897 2345,2897 2397,2897 2449,2898 2502,2899 2554,2900 2606,2901 2658,2902 2710,2904 2762,2905 2814,2906 2867,2907 2919,2908 2971,2908 3023,2908 3075,2908 3127,2907 3180,2906"/>
                <TextEquiv>
                    <Unicode>weisung des Stückes sei gewissermaßen erst vom Autor</Unicode>
                </TextEquiv>
            </TextLine>
            <TextLine id="r2l53" custom="readingOrder {index:52;}">
                <Coords points="2133,2950 3185,2962 3169,2918 2134,2894"/>
                <Baseline points="2143,2947 2194,2946 2246,2945 2297,2944 2349,2944 2401,2944 2452,2945 2504,2946 2555,2947 2607,2948 2659,2949 2710,2950 2762,2951 2813,2953 2865,2954 2917,2954 2968,2955 3020,2955 3071,2956 3123,2955 3175,2954"/>
                <TextEquiv>
                    <Unicode>selbst provozirt worden; indem er dem Direktor einen</Unicode>
                </TextEquiv>
            </TextLine>
            <TextLine id="r2l54" custom="readingOrder {index:53;}">
                <Coords points="2136,2999 3184,3008 3184,2963 3067,2954 2137,2953"/>
                <Baseline points="2146,2990 2197,2990 2248,2989 2300,2989 2351,2989 2403,2989 2454,2990 2506,2991 2557,2992 2609,2993 2660,2994 2711,2995 2763,2996 2814,2998 2866,2999 2917,3000 2969,3001 3020,3001 3072,3002 3123,3002 3175,3002"/>
                <TextEquiv>
                    <Unicode>Präklusivtermin für die Aufführung stellte und dessen Ab¬</Unicode>
                </TextEquiv>
            </TextLine>
            <TextLine id="r2l55" custom="readingOrder {index:54;}">
                <Coords points="2118,3029 3020,3078 3188,3057 3189,3019 2118,2994"/>
                <Baseline points="2127,3042 2179,3041 2232,3039 2284,3039 2337,3038 2390,3038 2442,3038 2495,3039 2547,3040 2600,3040 2653,3041 2705,3042 2758,3044 2810,3045 2863,3046 2916,3047 2968,3049 3021,3050 3073,3051 3126,3052 3179,3053"/>
                <TextEquiv>
                    <Unicode>lehnung als eine Ablehnung des Stückes selbst betrachten zu</Unicode>
                </TextEquiv>
            </TextLine>
            <TextLine id="r2l56" custom="readingOrder {index:55;}">
                <Coords points="2133,3100 2155,3111 2179,3093 2196,3101 2258,3089 2314,3102 2332,3089 2373,3104 2384,3095 2420,3099 2433,3096 2434,3045 2394,3054 2374,3043 2354,3055 2291,3031 2264,3051 2134,3037"/>
                <Baseline points="2142,3082 2167,3083 2193,3084 2218,3084 2244,3084 2270,3085 2295,3085 2321,3085 2347,3085 2372,3085 2398,3086 2424,3086"/>
                <TextEquiv>
                    <Unicode>müssen erklärte.</Unicode>
                </TextEquiv>
            </TextLine>
            <TextLine id="r2l57" custom="readingOrder {index:56;}">
                <Coords points="2210,3136 3189,3160 3189,3122 3110,3094 2211,3097"/>
                <Baseline points="2220,3126 2270,3128 2320,3129 2371,3130 2421,3132 2472,3132 2522,3133 2573,3134 2623,3135 2674,3136 2724,3136 2775,3137 2825,3138 2876,3139 2926,3140 2977,3141 3027,3142 3078,3143 3128,3145 3179,3147"/>
                <TextEquiv>
                    <Unicode>Der gereizte Dichter gab seinem Unmuth ungehemmten</Unicode>
                </TextEquiv>
            </TextLine>
            <TextLine id="r2l58" custom="readingOrder {index:57;}">
                <Coords points="2123,3179 3160,3205 3181,3155 2124,3139"/>
                <Baseline points="2133,3175 2184,3176 2236,3177 2288,3178 2340,3179 2392,3180 2444,3181 2496,3182 2548,3182 2600,3183 2652,3184 2703,3185 2755,3186 2807,3187 2859,3188 2911,3188 2963,3189 3015,3190 3067,3191 3119,3192 3171,3193"/>
                <TextEquiv>
                    <Unicode>Lauf und es organisirte sich um ihn herum eine heftige</Unicode>
                </TextEquiv>
            </TextLine>
            <TextLine id="r2l59" custom="readingOrder {index:58;}">
                <Coords points="2125,3254 2564,3223 3183,3263 3184,3196 2126,3178"/>
                <Baseline points="2135,3226 2187,3226 2239,3226 2291,3226 2343,3227 2395,3227 2447,3228 2499,3228 2551,3229 2603,3229 2655,3230 2707,3231 2759,3232 2811,3233 2863,3234 2915,3236 2967,3237 3019,3239 3071,3241 3123,3242 3175,3244"/>
                <TextEquiv>
                    <Unicode>Agitation, geleitet von einzelnen Wortführern der Kritik,</Unicode>
                </TextEquiv>
            </TextLine>
            <TextLine id="r2l60" custom="readingOrder {index:59;}">
                <Coords points="2115,3294 2317,3268 2357,3297 3188,3292 3138,3248 2116,3241"/>
                <Baseline points="2124,3277 2176,3275 2229,3274 2282,3274 2335,3274 2387,3274 2440,3274 2493,3275 2546,3275 2598,3276 2651,3277 2704,3279 2757,3280 2809,3281 2862,3283 2915,3284 2968,3285 3020,3286 3073,3287 3126,3288 3179,3289"/>
                <TextEquiv>
                    <Unicode>welche sich die Kompetenz zuerkannten, eine Art Areopag zu</Unicode>
                </TextEquiv>
            </TextLine>
            <TextLine id="r2l61" custom="readingOrder {index:60;}">
                <Coords points="2116,3316 3114,3357 3181,3349 3182,3305 2116,3292"/>
                <Baseline points="2125,3321 2177,3321 2229,3322 2282,3322 2334,3323 2387,3323 2439,3324 2491,3325 2544,3325 2596,3326 2649,3326 2701,3327 2753,3328 2806,3329 2858,3330 2911,3330 2963,3331 3015,3332 3068,3334 3120,3335 3173,3336"/>
                <TextEquiv>
                    <Unicode>konstituiren, ein höchstes Tribunal und den angeklagten</Unicode>
                </TextEquiv>
            </TextLine>
            <TextLine id="r2l62" custom="readingOrder {index:61;}">
                <Coords points="2124,3367 3182,3406 3183,3346 2125,3327"/>
                <Baseline points="2133,3366 2185,3366 2237,3366 2289,3367 2341,3368 2393,3368 2445,3369 2497,3370 2549,3371 2601,3372 2653,3373 2705,3374 2757,3375 2809,3376 2861,3377 2913,3378 2965,3379 3017,3380 3069,3381 3121,3382 3173,3383"/>
                <TextEquiv>
                    <Unicode>Direktor — nicht etwa vor seine Schranken zu zitiren, ihn zu</Unicode>
                </TextEquiv>
            </TextLine>
            <TextLine id="r2l63" custom="readingOrder {index:62;}">
                <Coords points="2124,3420 3177,3446 3178,3396 3102,3383 2125,3370"/>
                <Baseline points="2133,3417 2184,3415 2236,3414 2288,3413 2340,3413 2392,3413 2443,3413 2495,3414 2547,3415 2599,3416 2651,3417 2702,3419 2754,3421 2806,3422 2858,3424 2910,3425 2961,3427 3013,3427 3065,3428 3117,3429 3169,3429"/>
                <TextEquiv>
                    <Unicode>hören, Anklage und Vertheidigung gegeneinander abzuwägen</Unicode>
                </TextEquiv>
            </TextLine>
            <TextLine id="r2l64" custom="readingOrder {index:63;}">
                <Coords points="2117,3475 3153,3488 3176,3436 2117,3426"/>
                <Baseline points="2126,3464 2178,3463 2230,3463 2282,3463 2334,3463 2386,3464 2438,3464 2490,3465 2542,3466 2594,3467 2646,3468 2698,3469 2750,3470 2802,3471 2854,3472 2906,3473 2958,3473 3010,3474 3062,3474 3114,3475 3167,3475"/>
                <TextEquiv>
                    <Unicode>und danach den Spruch zu fällen, sondern ihn kurzweg un¬</Unicode>
                </TextEquiv>
            </TextLine>
            <TextLine id="r2l65" custom="readingOrder {index:64;}">
                <Coords points="2111,3517 3186,3523 3186,3471 2111,3476"/>
                <Baseline points="2119,3514 2171,3513 2224,3512 2277,3511 2330,3511 2383,3510 2436,3511 2488,3511 2541,3511 2594,3512 2647,3513 2700,3514 2753,3515 2806,3516 2858,3517 2911,3518 2964,3519 3017,3520 3070,3520 3123,3521 3176,3521"/>
                <TextEquiv>
                    <Unicode>gehört zu verurtheilen und dem Urtheil auch sofort alle mögliche</Unicode>
                </TextEquiv>
            </TextLine>
            <TextLine id="r2l66" custom="readingOrder {index:65;}">
                <Coords points="2125,3558 3002,3584 3130,3582 3180,3548 2125,3519"/>
                <Baseline points="2134,3558 2185,3557 2237,3557 2289,3556 2341,3556 2393,3557 2445,3557 2496,3558 2548,3558 2600,3559 2652,3560 2704,3561 2756,3562 2808,3563 2859,3564 2911,3565 2963,3566 3015,3566 3067,3567 3119,3567 3171,3567"/>
                <TextEquiv>
                    <Unicode>Publizität zu geben. Gestern wurden die Wiener Zeitungs¬</Unicode>
                </TextEquiv>
            </TextLine>
            <TextLine id="r2l67" custom="readingOrder {index:66;}">
                <Coords points="2120,3599 3171,3631 3172,3581 3085,3574 2121,3558"/>
                <Baseline points="2130,3604 2181,3604 2233,3604 2284,3604 2336,3604 2388,3605 2439,3605 2491,3605 2543,3606 2594,3607 2646,3607 2698,3608 2749,3609 2801,3610 2853,3610 2904,3612 2956,3613 3008,3613 3059,3615 3111,3616 3163,3617"/>
                <TextEquiv>
                    <Unicode>leser durch diese Urtheilspublikation überrascht, unterfertigt</Unicode>
                </TextEquiv>
            </TextLine>
            <TextLine id="r2l68" custom="readingOrder {index:67;}">
                <Coords points="2122,3656 3103,3677 3171,3662 3172,3631 2123,3611"/>
                <Baseline points="2132,3651 2183,3651 2235,3651 2286,3651 2338,3652 2389,3652 2441,3652 2492,3653 2544,3653 2595,3654 2647,3654 2699,3655 2750,3655 2802,3656 2853,3657 2905,3658 2956,3659 3008,3660 3059,3661 3111,3662 3163,3664"/>
                <TextEquiv>
                    <Unicode>von den Richtern aus eigener Machtvollkommenheit, in deren</Unicode>
                </TextEquiv>
            </TextLine>
            <TextLine id="r2l69" custom="readingOrder {index:68;}">
                <Coords points="2118,3691 3087,3724 3170,3722 3171,3684 2118,3662"/>
                <Baseline points="2127,3698 2178,3697 2230,3697 2282,3697 2333,3697 2385,3698 2437,3698 2488,3699 2540,3700 2592,3700 2644,3701 2695,3702 2747,3703 2799,3704 2850,3705 2902,3705 2954,3706 3005,3706 3057,3707 3109,3707 3161,3707"/>
                <TextEquiv>
                    <Unicode>Namenliste allerdings bedeutsame Lücken sind, da Kollegen</Unicode>
                </TextEquiv>
            </TextLine>
            <TextLine id="r2l70" custom="readingOrder {index:69;}">
                <Coords points="2121,3743 3176,3769 3176,3718 3140,3714 2121,3694"/>
                <Baseline points="2130,3746 2181,3745 2233,3745 2285,3744 2337,3744 2389,3744 2440,3745 2492,3745 2544,3746 2596,3746 2648,3747 2699,3747 2751,3748 2803,3749 2855,3749 2907,3750 2958,3750 3010,3750 3062,3750 3114,3750 3166,3750"/>
                <TextEquiv>
                    <Unicode>von großer kritischer Autorität und die zu weitesten Leser¬</Unicode>
                </TextEquiv>
            </TextLine>
            <TextLine id="r2l71" custom="readingOrder {index:70;}">
                <Coords points="2109,3785 3168,3796 3049,3753 2382,3772 2110,3740"/>
                <Baseline points="2118,3792 2170,3791 2222,3791 2274,3790 2326,3790 2378,3790 2430,3790 2482,3790 2534,3790 2586,3790 2638,3791 2690,3791 2742,3792 2794,3793 2846,3794 2898,3795 2950,3796 3002,3798 3054,3800 3106,3801 3159,3804"/>
                <TextEquiv>
                    <Unicode>kreisen sprechen, ihre Theilnahme an der wunderlichen Vehme</Unicode>
                </TextEquiv>
            </TextLine>
            <TextLine id="r2l72" custom="readingOrder {index:71;}">
                <Coords points="2115,3832 2870,3838 3025,3868 3165,3828 2115,3803"/>
                <Baseline points="2124,3837 2175,3836 2227,3836 2278,3835 2330,3835 2381,3835 2433,3835 2484,3836 2536,3836 2587,3837 2639,3838 2691,3838 2742,3840 2794,3840 2845,3842 2897,3843 2948,3844 3000,3845 3051,3847 3103,3848 3155,3850"/>
                <TextEquiv>
                    <Unicode>abgelehnt hatten. Der Direktor wurde der schwersten Ver¬</Unicode>
                </TextEquiv>
            </TextLine>
            <TextLine id="r2l73" custom="readingOrder {index:72;}">
                <Coords points="2114,3881 3084,3912 3169,3898 3170,3848 2207,3858 2115,3830"/>
                <Baseline points="2124,3882 2175,3882 2227,3882 2279,3882 2331,3882 2383,3883 2434,3883 2486,3883 2538,3884 2590,3885 2642,3885 2693,3886 2745,3887 2797,3888 2849,3888 2901,3889 2952,3890 3004,3891 3056,3891 3108,3892 3160,3892"/>
                <TextEquiv>
                    <Unicode>letzung des Dichterrechtes schuldig gesprochen, ohne — noch¬</Unicode>
                </TextEquiv>
            </TextLine>
            <TextLine id="r2l74" custom="readingOrder {index:73;}">
                <Coords points="2121,3932 3053,3935 3130,3964 3175,3959 3176,3912 2121,3895"/>
                <Baseline points="2130,3926 2181,3928 2233,3928 2285,3929 2337,3930 2389,3931 2441,3931 2492,3932 2544,3932 2596,3933 2648,3934 2700,3934 2752,3935 2804,3936 2855,3937 2907,3938 2959,3939 3011,3940 3063,3941 3115,3943 3167,3945"/>
                <TextEquiv>
                    <Unicode>mals sei es wiederholt — gehört worden zu sein und ohne</Unicode>
                </TextEquiv>
            </TextLine>
            <TextLine id="r2l75" custom="readingOrder {index:74;}">
                <Coords points="2119,3988 3169,3999 3169,3961 3014,3942 2120,3936"/>
                <Baseline points="2128,3977 2179,3979 2231,3981 2282,3983 2334,3984 2385,3984 2437,3985 2488,3985 2540,3985 2591,3985 2643,3985 2695,3984 2746,3984 2798,3984 2849,3984 2901,3985 2952,3986 3004,3987 3055,3989 3107,3991 3159,3994"/>
                <TextEquiv>
                    <Unicode>daß irgend eine Legitimation des improvisirten Richter¬</Unicode>
                </TextEquiv>
            </TextLine>
            <TextLine id="r2l76" custom="readingOrder {index:75;}">
                <Coords points="2107,4041 2268,4033 2338,4058 2626,4033 2828,4070 2878,4052 2879,4013 2769,3978 2537,4000 2108,3977"/>
                <Baseline points="2116,4026 2153,4028 2191,4029 2229,4029 2266,4030 2304,4030 2342,4031 2379,4031 2417,4030 2455,4030 2493,4030 2530,4030 2568,4030 2606,4030 2643,4030 2681,4030 2719,4031 2756,4032 2794,4033 2832,4034 2870,4035"/>
                <TextEquiv>
                    <Unicode>kollegiums ersichtlich gemacht worden wäre.</Unicode>
                </TextEquiv>
            </TextLine>
            <TextEquiv>
                <Unicode>London, 14. Septciuber. Dord Mober?
berichtet weiters aus Machadodorp vom Gestrigen:
General Hart nahm am 11. d. Polchefstroom
wieder ein, nachdem er die Buren durch einen
Handstreich überrumpelt hatte. General
Botha ist durch Krankheit gezwungen, das Kom¬
mando an Viljoen abzugeben.
Die Finanzkrise in Brasilien.
London, 14. September. Die „Times“
melden aus Rio de Janeiro vom Gestrigen:
Die Lage des hiesigen Geldmarktes ist unverändert.
[Die Banco Rural Hypothecaria
sund zwei andere nationale Banken
lverlangen ebenfalls einen Zah¬
lungsaufschub von sechzig Tagen,
swie die Banco da Republica.
Der neue englische Botschafter in Wien.
London, 14. September. Wie das „Amts¬
[blatt“ meldet wurde Sir Francis Plunkett
zum Botschafter am Wiener Hofe
ernannt.
Theater, Kunst und Literatur.
Snlie. Selenhe die ie age
Eine der häusigen Differenzen zwischen Theaterdirektor
und dramatischem Autor hat durch den Rang der Bühne,
um dessen Direktor, durch die Bedeutung des Autors, um
dessen Stück es sich handelt, und durch die nicht sehr glückliche
und nicht sehr korrekte Einmischung einiger publizistischer
Sachwalter des gekränkten Dramatikers mehr Lärm in
der Wiener Theaterwelt aufgejagt, als der sachlichen
Prüfung und Beurtheilung der Angelegenheit zuträglich
sist. Arthur Schnitzler, der mit seinem Schau¬
piel „Liebelei“, dem Burgtheater=Repertoire pul¬
sirendstes Wiener Blut zugeführt hat, dessen „Grüner
[Kakadu“ einen Nachhall des Bastillensturmes auf die
Hofbühne brachte und der mit solchen Erfolgen ein bleibendes
Aufführungsrecht im Burgtheater erworben zu haben glauben
machte, ist wegen seines neuesten Stückes „Der Schleierder
[Beatrice“ mit Direktor Schlenther in Konflikt gerathen.
Der Kernpunkt des Streites besteht derin, daß Schnitzler
behauptet und aus brieflichen Aeußerungen des Direktors
den Beweis deduzirt, sein Stück sei in aller Form an¬
genommen und ihm trotzdem vier Monate später zurück¬
gegeben worden, während Direktor Schlenther auf das
Entschiedenste die Auffassung von sich weist, daß die Mit¬
theilungen, welche er an den Dichter habe gelangen lassen,
jemals eine definitive Annahme in sich geschlossen hätten,
sondern im Gegentheil seien die Bedenken des Direktors
gegen das Stück in einer Reihe von Abänderungsvorschlägen
zum Ausdruck gekommen, von denen er die Aufführung ab¬
hängig gemacht habe, Aber auch eine definitive Zurück¬
weisung des Stückes sei gewissermaßen erst vom Autor
selbst provozirt worden; indem er dem Direktor einen
Präklusivtermin für die Aufführung stellte und dessen Ab¬
lehnung als eine Ablehnung des Stückes selbst betrachten zu
müssen erklärte.
Der gereizte Dichter gab seinem Unmuth ungehemmten
Lauf und es organisirte sich um ihn herum eine heftige
Agitation, geleitet von einzelnen Wortführern der Kritik,
welche sich die Kompetenz zuerkannten, eine Art Areopag zu
konstituiren, ein höchstes Tribunal und den angeklagten
Direktor — nicht etwa vor seine Schranken zu zitiren, ihn zu
hören, Anklage und Vertheidigung gegeneinander abzuwägen
und danach den Spruch zu fällen, sondern ihn kurzweg un¬
gehört zu verurtheilen und dem Urtheil auch sofort alle mögliche
Publizität zu geben. Gestern wurden die Wiener Zeitungs¬
leser durch diese Urtheilspublikation überrascht, unterfertigt
von den Richtern aus eigener Machtvollkommenheit, in deren
Namenliste allerdings bedeutsame Lücken sind, da Kollegen
von großer kritischer Autorität und die zu weitesten Leser¬
kreisen sprechen, ihre Theilnahme an der wunderlichen Vehme
abgelehnt hatten. Der Direktor wurde der schwersten Ver¬
letzung des Dichterrechtes schuldig gesprochen, ohne — noch¬
mals sei es wiederholt — gehört worden zu sein und ohne
daß irgend eine Legitimation des improvisirten Richter¬
kollegiums ersichtlich gemacht worden wäre.</Unicode>
            </TextEquiv>
        </TextRegion>
    </Page>
</PcGts>
