3484 4320
1983 113 2426 221 box 20//4
318 128 1830 231 14: Der Schleier der Beatrice
1464 1118 2005 1247 Theaterschau.
1629 1223 1842 1307 (März.)
1155 1212 1768 1368 d SC
1826 1265 2432 1371 Berlin, 2. April 1903.
1095 1347 2479 1422 Es lebt in jedem Menschen ein ethisches Bedürfnis, das vom Leben
1009 1413 2479 1478 wie von der Dichtung verlangt, die Tugend müsse belohnt und das Laster
1009 1476 2479 1550 bestraft werden. Je nach der inneren Verfeinerung und Vertiefung
1012 1546 2476 1601 versteht nun aber jeder unter Tugend und Laster verschiedenes, denn je
1002 1599 2472 1667 nach der inneren Vertiefung und Verfeinerung seiner eigenen Seele wird
1006 1656 2474 1719 jeder auch das Maß seiner Anforderungen an den Mitmenschen ändern,
1015 1704 2474 1779 das heißt, nicht nach dem ersten äußerlichen Eindruck die Maßstäbe
1015 1757 2481 1844 tugendhaft und lasterhaft, gut und böse anwenden, sondern vorerst mit
1014 1839 2485 1906 Vorsicht und Gründlichkeit den Motiven der Handlung nachgehen und
1013 1894 2483 1969 auf diese Weise, je mehr er den komplizierten Bau der Seele erkennt,
1010 1954 2478 2016 bald dahin kommen, das alte Schema der Verantwortlichkeit zu ver¬
1006 2001 2491 2068 werfen. Es ist nicht zu leugnen, daß die sog. moderne Bewegung
1013 2066 2477 2122 uns auf diesem Gebiete ein gut Stück weiter gebracht hat. Wir
1017 2123 2476 2194 lassen uns heute in der Dichtung nicht mehr mit den alten Typen des
1006 2181 2480 2239 Bösewichts und des von Edelmut triefenden Helden abspeisen. Wir
1007 2240 2481 2313 glauben auch nicht mehr so leicht daran, daß spätestens im letzten
1016 2315 2477 2373 Akte der Bösewicht auf jeden Fall bestraft werden muß und der Edle
1010 2368 2485 2436 seinen Lohn erhält. Wir sehen den Dichter scharf auf die Finger,
1017 2412 2485 2478 ob seine Gestalten auch so empfinden, reden, handeln, wie lebendige
1014 2464 2482 2545 Menschen empfinden, reden, handeln, und wir sind heute nicht mehr so
1016 2540 2476 2614 gefällig, böse und gut zu nennen, was man früher schnellfertig so
1006 2606 2478 2675 nannte. Wir wollen auch in der Dichtkunst, wie in der Malerei,
1019 2655 2201 2720 Schattierungen, Übergänge, Ruancen, nicht Lokalfarben.
1016 2772 2477 2833 und zwar wohl noch für sehr lange Zeit, eine dichtgeschlossene
1005 2845 2475 2909 „kompakte Majorität“, die unbeirrt nach dem alten Maßstabe weiter
1018 2890 2487 2944 urteilt, die nichts anderes vom Theater verlangt, als daß die Tugend
1005 2940 2477 3024 einige Akte hindurch in Bedrängnis gerät und im letzten Akte zur
1014 3018 2482 3074 Belohnung eine wunderschöne Bescherung erhält: Leid und Schmerz
1018 3056 2479 3144 sind nur Prüfungen, harre nur aus, der letzte Akt führt alles zum
1012 3128 2476 3186 Guten. Wie tief diese optimistische Lebensauffassung im Menschen
1018 3181 2486 3257 ourzelt, davon gab uns gestern die Erstaufführung von Alfred
1000 3257 2476 3337 Capus vieraktigem Schauspiel „Die Schloßherrin“ im König¬
