3436 4352
-15 2717 33 2784 1
1939 174 2403 269 box 20/3
278 188 1801 306 14. Der Schleier der Beatrice
450 1339 852 1445 snechsuchung Z¬
1151 1404 1400 1487 Mruhnng
180 1386 487 1476 werden dürfe.
227 1433 1341 1525 Um die Zahl der gerichtlichen Beurteilungen beharrt.
2120 1431 2631 1509 Falie. Deia. 2 öflhpaeraig
1210 1495 3110 1577 Schließlich ist auch das Begnadigungs=] solide Fuhrleute gesehen. Bauwesen I. Die Konmune
175 1504 1159 1581 von Polizeibußen zu vermindern, wird
2119 1542 3108 1612 sion wünscht, der Stadtrat solle sich bemühen, daß
186 1547 1899 1619 die Vorschrift vorgeschlagen, daß im Falle, da recht zweckmäßig revidiert worden.
2125 1631 3102 1699 nur ein wirklich großer Dichter seinem Werke einzugeben
173 1647 2110 1720 höchster Instanz bestätigen. Aber weder das eine geschay] Ihre Erwartungen so täuschen! So unvermutet in ein
2121 1684 3095 1745 vermag. [lles an diesem Drama ist eigentümlich.
1157 1692 2115 1746 völlig neues Kleid schlüpfen! ... Aber vielleicht thu'
173 1701 1145 1761 noch das andere. Im Gegenteil. Ganz mäuschenstill
2124 1716 3115 1784 Eigentümuch sind seine Voraussetzungen, eigentümlich
1149 1736 2107 1804 ich ihnen unrecht. Vielleicht spielt hier ein anderer Um¬
178 1741 1150 1815 verhalten sie sich. Es ist, als wenn ihren geschickten
2125 1778 3112 1846 die Situationen, eigentümlich vor allem die Art, wie
1148 1779 2106 1839 stand mit. „Der Schleier der Beatrice“ war nämlich
182 1788 1139 1838 Fingern die Feder plötzlich entfallen wäre ... Wie
2126 1810 3145 1878 Schnitzler eine ganze Welt von Geschiehen durch¬
1158 1838 2126 1886 eine Ueberraschung, eine rechte Ueberraschung. Ein!
186 1827 1146 1887 kommt das? — fragt man sich unwillkürlich. Schnitzler
2125 1859 3114 1911 einandergleiten und sich abspielen läßt. In ein wahres
1143 1867 2116 1927 derartiges Stück hatte man von Schnitzler nicht er¬
182 1876 1152 1938 gehört ja nicht zu jenen zahllosen Dichtern, deren
2120 1903 3097 1968 Chaos versetzt uns der Dichter. Ein Gewirr, ein Ge¬
1146 1902 2116 1961 I wartet und nun wissen die Herren nicht, was sie mit
187 1926 1138 1982 Stimme man im Gewirr des Tages überhören kann.
2128 1943 3108 2013 tümmel dringt aus der Ferne zu unseren Ohren wie
1146 1965 2108 2014 dieser merkwürdigen Dichtung, die von den bisherigen
177 1965 1138 2017 Die Leute, die in litterarischen Dingen mitreden,
2129 1983 3100 2050 aus einer Hexenküche oder — wie in einem Zwischen¬
1148 2000 2122 2075 Schöpfungen Schnitzlers so seltsam absticht, beginnen
178 2008 1150 2074 horchen auf ihn. Wie kommt es also, daß sie jetzt
2121 2036 3103 2086 akte hinter den Coulissen. Ja wie in einem Zwischen¬
1201 2042 2124 2103 mit welchem kritischen Maßstab sie an dieselbe
190 2059 1126 2121 sseine neueste Dichtung so ganz und gar totschweigen?
2121 2092 3112 2152 akte. Denn in einem Zwischenakte befinden wir uns.
1152 2086 2076 2148 herantreten sollen. Und da Schweigen Gold ist,
218 2099 725 2153 Nun, ich will es erklären.
2121 2120 3110 2182 Und die Bühne, auf der gespielt wird, nennen wir
1156 2129 2109 2196 schweigen sie denn lieber und warten mit der Be¬
215 2147 1138 2197 Man ist heute daran gewöhnt, daß ein Dichter,
2119 2164 3114 2240 sonst gemeiniglich Weltgeschichte. Jeden Augenblick kann
1150 2172 2127 2231 urteilung ab, bis etwa eine günstigere Konstellation
181 2192 1139 2241 der mit einem Drama durchschlägt, etwa den neuen
2124 2211 3113 2278 der Vorhang aufgehen, aber dann wird der Vorhang
1153 2219 2120 2281 diesem wunderlichen Wechselbalg leuchtet. Das wäre ja
189 2231 1144 2285 Stoff oder das originelle Motiv, dem er seinen Erfolg
2124 2253 3102 2314 im Schnitzlerschen Stücke bereits gefallen sein. Denn
1150 2265 2084 2339 allerdings höchst lobenswert, wenn es nur nicht so —
174 2280 1153 2336 verdankt, fortau monopolisiert. Er läßt sein Erzeugnis
2125 2294 3095 2366 der Schleier der Beatrice", ist kein historisches Drama,
1155 2302 2118 2368 unwahrscheinlich klänge ... Man muß in der That
185 2320 1142 2376 gleichsam schweigend bei der Kritik patentieren, die ihn
2124 2344 3104 2407 ebensowenig wie es „Der grüne Kakadu“ war. Der
1148 2364 2115 2408 die Entwicklung Schnitzlers von seinen feinen, nach
176 2365 1148 2423 nun mit der neuen Marke in ihr Register einträgt.
2124 2395 3096 2450 Dichter wählt bloß einen außerordentlichen Augenblick,
1147 2403 2114 2465 echt französischer Grazie duftenden Anatol=Seenen bis
186 2418 1149 2462 nd nun weiß man, was man von ihm zu halten
2126 2431 3114 2482 wo die ineinander sich verschlingenden Schicksale in
1151 2453 2118 2513 zu seinem grotesk=schönen, in der Art Tiecks zwischen
177 2447 1152 2503 habe. Man braucht nur in jenes ordnungsmäßig
2118 2480 3098 2521 ihrem gewaltigen Lauf uns Gefühlsmöglichkeiten ent¬
1162 2495 2119 2546 Spiel und Wirklichkeit geradezu verwirrend schwebenden
174 2495 1149 2559 rubricierte Register einen Einblick zu thun, — und
2119 2520 3111 2574 schleiern, die eben nur in einem derartigen. Momente
1153 2533 2108 2603 „Grünen Kakadu“ genau verfolgt und die vielen
856 2532 1143 2600 Fabrikarbeiter,
182 2533 789 2602 kerfährt es: A — Berlin W., 1
2129 2567 3117 2625 eines ungewöhnlich potenzierten gesellschaftlichen Lebens.
1153 2573 2121 2643 spezifisch romantischen Elemente, die seinen meisten
181 2581 1143 2639 0 Litteratur=Café, Arthur Schnitzler — „süßes Mädel“.
2116 2623 2791 2681 in ihrer vollen Macht hervorbrechen.
1161 2620 2118 2677 Stücken einen eigenartigen Reiz verleihen, bemerkt
174 2627 1146 2698 Und so oft der auf solche Weise glücklich Eingeschachtelte
1152 2674 2117 2722 haben, um seine letzte Dichtung als ein Resultat jener
191 2675 1148 2727 genamit wird, erscheint er fortan immer mit einer
2171 2671 3107 2745 Auf einem aufgewühlten Hintergrund spielt sich das
1161 2711 2121 2771 Entwicklung begreifen zu können. Sonst kann man es
178 2713 1145 2785 Etikette. So glaubt man sich vor jeder Ueberraschung
2131 2739 3096 2799 Stück ab. Die Stadt Bologna schwebt in höchster
1150 2762 2122 2816 sich nicht erklären, wie einer, der bisher ausschließlich
190 2759 1143 2817 gesichert. Man setzt nämlich voraus, der erfolgreiche
2125 2776 3107 2843 Gefahr. Cesare Borgia rückt heran! Man kennt den
1152 2791 2114 2847 in der Sphäre modernen Lebens sich bewegte und hier
177 2800 1147 2862 Dichter werde doch aus seinem einmal erworbenen
2129 2830 3108 2903 Schrecklichen und weiß, was man von ihm zu hoffen
1148 2842 2120 2898 manchmal sogar hart an die mit sozialen Tendenzen
179 2852 1154 2903 Patent recht ausgiebigen Nutzen zu ziehen wissen und
2123 2873 3095 2935 habe. Dazu ist der Herzog seit einem Jahre fort —
1161 2879 2119 2947 spielenden Motive streifte, mit einem Mal eine Dichtung
189 2895 1152 2954 der Kritik keine unangenehme Verlegenheit bereiten
2121 2916 3104 2981 man vermutet, er sei ermordet. Und was den untreuen
1156 2932 2116 3003 schreiben konnte, die von all' dem nichts hat, die von
189 2929 1150 2991 wollen. Nun hat aber Schnitzler in der letzten Zeit
2124 2952 3113 3020 Mariscolti betrifft, der die Besatzung der Stadt
1161 2975 2109 3031 all den Verhältnissen, in deren Bann er bisher stand,
189 2981 1144 3034 dieses große Verbrechen doch begangen. Er wurde
2118 3002 3110 3059 während der Abwesenhelt des Herzogs befehligt, so ist
1155 3028 2122 3076 himmelweit entfernt und die insbesondere von jenem
184 3020 1149 3077 seinen süßen Mädeln untreu. Er hat sie verlassen.
1141 3049 3112 3133 #künstlerisch=sonveranen Hauchdurchweht ist, wie ihn man überzeugt, daß er sich im letzten Moment auf
195 3068 1145 3151 Das aber verzeihen ihm die Herren nie und nimmer.
