3436 4448
1920 198 2365 280 box 20/4
260 180 1775 278 14. Der Schleien der Beatrice
3192 1476 3327 1536 anee
3202 1526 3324 1572 würt
3200 1560 3332 1614 der
1544 1561 1851 1641 S
1362 1625 3337 1702 ersten Blick auf die Straßenkulisse der Bühne, auf Galanen zweier Florentinischer Kurtisanen, die ihn hör
484 1507 638 1701 □
614 1522 1217 1726 Theater und Musik.
1369 1660 2303 1725 die bewegten Händel des Volkes, das sie belebt,
2296 1682 3219 1739 gleich darauf besuchen und von den beiden Mädchen
3212 1676 3327 1744 schwi
1379 1703 2309 1779 und auf die Aufzüge vornehmer Potentaten, denen
2298 1716 3221 1781 sehr unsanft verabschiedet werden, als diese den Reich¬
3211 1718 3335 1780 ihren
503 1704 1390 1788 Alf. A. Das Deutsche Theater machte am
1383 1745 2306 1800 Fackelträger freie Bahn durch die Menge verschaffen,
2295 1755 3215 1816 tum Filippos wittern und sich von seiner Gunst mehr
3202 1759 3333 1819 einig
442 1740 1380 1837 *Sonnabend den Persuch, Arthur Schnitzlers viel¬
1376 1775 2299 1839 wohl gar wähnen könnte, mitten in dem Verona
2291 1788 3211 1862 versprechen. Der Dichter nimmt die Mädchen zu
456 1801 1386 1858 umstrittenes=LSchauspiel „Der Schleier der
1384 1818 2304 1880 des liebetrunkenen Romeo zu sein. Aber schon eine
2293 1832 3216 1893 sich, und sie setzen sich lachend an den voll¬
3211 1839 3331 1900 Brau
454 1837 1389 1911 Beatrice“ als vallkräftiges Bühnenwerk zu legiti¬
1382 1844 2295 1917 oberflächliche Bekanntschaft mit dem Werke selbst
2300 1868 3213 1935 besetzten Tisch, an dem er mit Beatrice sveisen
3195 1879 3331 1937 site in
450 1874 1384 1947 mieren, aber alls dis Sorgfalt der wochenlangen
1374 1891 2294 1956 läßt sehr schnell erkennen, daß die äußere Schale
2292 1903 3201 1971 wollte. Auch im zweiten Akt weilen sie noch bei
3204 1917 3337 1975 ihr 5
453 1915 1383 1991 Vorbereitung, äller Fleiß der ungezählten Proben
1379 1937 2298 1987 der Form nur erborgter Schein ist, der Inhalt aber
2289 1950 3209 2007 ihm, bis er plötzlich die Nachricht von Beatricens
3193 1959 3339 2023 die
441 1955 1386 2021 erwies sich in der Erstaufführung als vergeblich auf¬
1371 1968 2297 2040 nichts bietet, als das geschraubte, unwahre, auf
2296 1985 3204 2044 bevorstehender Vermählung erhält. Das Mädchen,
3193 1996 3326 2061 zu ein
442 1994 1380 2059 gewendete Mühe, und so gab das Resultat schließ¬
1376 2009 2299 2063 Steizen gesetzte ausgetiftelte Machwerk eines Schrift¬
2284 2026 3203 2090 das ihn zu lieben vorgab, hat sich plötzlich auf
3193 2032 3327 2098 ihn b
439 2017 1373 2101 lich der Leitung des Burgtheaters recht, die die An¬
1370 2049 2293 2111 stellers, der zwar in längerer Praxis genug Bühnen¬
2296 2067 3205 2126 Drängen ihrer Eltern zur Heirat mit einem braven
3206 2070 3339 2135 verlon
444 2073 1375 2140 nahme des Stückes nach näherer Prüfung seinerzeit
1376 2097 2288 2156 kenntnis erworben hat, um auf der Szene
2289 2109 3205 2164 guten Jungen Vittorino, einem Werkgesellen ihres
3194 2108 3335 2172 Filin
445 2107 1382 2172 wieder rückgängig gemacht und sich damit manchen
1380 2129 2300 2198 nicht ganz zu straucheln, aber doch nicht entfernt
2294 2143 3206 2199 Vaters, entschlossen. Da kreuzt in abendlicher Stunde
3189 2158 3334 2221 Gench
450 2153 1380 2213 Angriff aus dem Lager des Verfassers zugezogen
1376 2170 2285 2232 die Kraft, den Reichtum und den Schwung idealer
2294 2185 3199 2247 der Herzog von Bologna ihren Hochzeitszug. Der
3196 2194 3341 2253 gewei
441 2186 1378 2253 hatte. Auch hier versuchte zwar ein kleiner Kreis
1379 2211 2295 2269 Gedanken besitzt, die allein auf dem Gebiete des
2281 2235 3194 2285 Hérzog ist entzückt von der Schönheit der Braut und
439 2234 1383 2295 von unentwegten Freunden, den Dichter vor einem
1377 2248 2296 2296 höheren Dramas den Erfolg sichern. Schnitzlers
2284 2261 3193 2320 begehrt sie allsogleich für sich. Der Bräutigam soll
440 2271 1377 2330 blanken Durchfall zu bewahren, und ertrotzte ihm
1368 2286 2284 2350 Jambensprache ist eine in Rhythmen gezwängte, oft
2288 2299 3190 2367 abgefunden werden, auch die Eltern und Geschwister
3196 2203 3307 2359 92
443 2307 1376 2371 gegen das Zischen der mißvergnügten Besucher ein
1368 2320 2291 2389 recht prosaische, oft statt echten Dichterschwunges nur
2283 2345 3210 2406 Beatricens bei dem Ehehandel Vorteil haben.
3198 2352 3324 2407 stößt
444 2349 1381 2410 mehrmaliges Erscheinen am Vorhange, doch es war
1370 2363 2290 2423 Schwulst und leere Worte bietende Verssprache, sein
2287 2378 3192 2440 Beatrice finkt dem Herzog gerührt an den
3196 2389 3336 2443 Leiche
434 2386 1378 2453 eben nur ein schwächlicher Talmibeifall, und für
1371 2401 2283 2461 Sujet aber ein durch und durch verworrenes, zum
2287 2417 3199 2496 Hals und will ihm sofort zum Traualtar folgen,
3192 2427 3336 2480 herein
433 2409 1375 2489 den unvarteiischen Beobachter blieb es keinen
1376 2439 2292 2502 Teil selbst schleppendes und langweilendes Verstandes¬
2277 2458 3204 2522 wenn er sie wirklich zur Herzogin erhebt. Der
3193 2459 3330 2525 weilen
441 2465 1371 2532 Augenblick zweifelhaft, daß das Schweigen der Mehr¬
1376 2484 2292 2542 produkt, dem auch die Mache des routinierten
2286 2499 3192 2557 Herzog willigt ein, Vittorino erschießt sich aus Ver¬
3194 2509 3324 2559 ist abs
434 2509 1371 2564 zahl der Besucher eine beredtere Verurteilung des
1373 2518 2281 2576 Bühnenschriftstellers kein wahres, glaubhaftes Leben
2286 2542 3198 2599 zweiflung, und man schreitet ungesäumt zur Hochzeit,
3194 2541 3330 2597 glückt
437 2545 1371 2606 mißglückten Werkes bekunde, als der müßige, nutz¬
1371 2556 2287 2624 einzuflößen verstand. Die ersten beiden Akte
2279 2574 3195 2637 und das am Vorabend des Tages, der Bologna
3194 2571 3339 2639 dem Ti#
437 2588 1364 2644 lose Streit der Klatscher und Zischer. Schnitzlers
1362 2592 2289 2663 ermüden durch eine Breite und Redseligkeit
2276 2613 3199 2675 einen blutigen Entscheidungskampf um seine Existenz
3179 2609 3319 2673 ins
437 2631 1371 2682 fünfaktiges Schauspiel ist wieder einmal ein Pracht¬
1365 2637 2285 2699 die auch der sväterhin etwas flottere Gang der ge¬
2276 2655 3188 2713 bringen wird. Während des Hochzeitsmahles schleicht
3197 2661 3330 2715 Rätsel
431 2662 1365 2726 beispiel für die oft von der modernen Bühne erhärtete
1364 2677 2290 2734 künstelten Handlung kaum wieder wett zu machen
2280 2690 3193 2748 sich aber Beatrice ungesehen (!) von der Seite ihres
432 2704 1377 2758 Tatsache, daß die heutigen Seelenanalytiker und
1369 2708 2289 2774 vermag. Wir sind im Stück in Bologna. Der
2284 2729 3193 2792 Gatten hinweg und gelangt in ihrem prunkvollen
3190 2720 3330 2795 Erden
429 2735 1370 2801 naturalistischen Zustandsdichter sofort den Boden
1358 2760 2288 2817 Dichter Filippo Loschi liebt und besingt die Tochter
2282 2768 3194 2824 Hochzeitsgewande, das vor allem ein kostbarer
3188 2778 3315 2832 eines
436 2777 1367 2835 unter sich verlieren, sobald sie ihr eigenstes Gebiet
1359 2790 2285 2848 eines schwachsinnigen Wappenschneiders Nardi, die
2273 2809 3185 2863 Schleier des Herzogs schmückt, ebenfalls un¬
3184 2811 3325 2871 dann
432 2816 1362 2876 verlassen und aus der Enge kleinbürgerlicher, der
1366 2833 2275 2891 schöne Beatrice, die er wenige Tage zuvor erst auf
2271 2846 3326 2927 gesehen (!) durch die Straßen der Stadt zu mit de
424 2858 1372 2918 nackten Lebensrealität entlehnter Motive zur Höhe der
1365 2871 2277 2924 einem Feste kennen gelernt hat. Wie Romeo
2277 2894 3308 2959 Filippos Haus. Sie will mit ihm einmal nicht
421 2891 1366 2957 vordem von ihnen so hart befehdeten und verspotte¬
1361 2903 2284 2973 schwärmt er traumselig von ihr und beschließt, mit
2279 2925 3332 2993 glücklich sein und dann mit ihm sterben. Als ihr Betrug
423 2927 1357 2991 ten Jambentragödie großen Stils emvorstreben. „Der
1357 2945 1576 2995 ihr aus
1563 2939 2274 3013 dem vom Feinde bedrohten Bo¬
2269 2950 3199 3038 aber der Dichter den Giftbecher reicht, weist sie ihn
3180 2975 3331 3026 ein K
432 2971 1366 3037 Schleier der Beatrice“ wandelt durchaus in Sprache
1360 2981 2286 3066 logna zu entfliehen. Da erscheint sie selbst und
2277 3004 3193 3064 zurück und läßt ihn allein davon trinken. Nun ist
3187 3012 3327 3066 uns d
424 3024 1365 3067 und Bau auf dem Kothurn des alten Jambendramas,
1353 3015 2273 3089 sie kosen in warmer Sommernacht im Garten,
2273 3047 3189 3091 sie untröstlich und wirft sich über den toten Gelieb¬
422 3048 1360 3110 er imitiert sogar das bunte gestalten= und farben¬
3183 3059 3281 3103 zu
1355 3062 2278 3123 bis sie ihm von einem Traum erzählt, in dem der
2267 3079 3183 3145 ten, der ihr unter den obwaltenden Umständen das
3178 3086 3327 3145 im G
423 3087 1367 3149 reiche Getümmel der Shakespeareschen Renaissanze¬
1362 3099 2275 3174 Herzog von Bologna sie geküßt habe. Das erweckt
2269 3116 3331 3181 Glück einer Nacht in seinen Armen verweigert hat. blicken
430 3126 1371 3188 dramen so lebhaft, daß ein plötzlich fremd i¬
1350 3141 3329 3215 Filippos Eifersucht, er jagt sie von dannen und Sie ist inzwischen von ihrem jungen Gatten ver¬verschaf
417 3170 3326 3238 die Aufführung hineinschneiender Zuschauer beim schenkt die zur Flucht bereit stehenden Pferde den mißt worden, und der Herzog stellt ein ernstes Ver¬ dieser
