3436 4352
245 257 1786 362 14. Der Schleier der Beatrice
318 1092 439 1191 166
760 1108 1273 1200 Notizen und Besprechungen.
394 1220 1720 1283 Das Schauspiel geht zu Bologna Anfangs des sechzehnten Jahr¬
306 1277 1712 1357 hunderts vor sich. Es ist ein Renaissancedrama, wie auch Halbe's
311 1336 1709 1389 „Eroberer“. Die Zeit ist groß und wüst, die Menschen sins stark und
315 1394 1717 1450 wild. Bologna ist rings von übermächtigen Feinden eingeschlossen.
315 1446 1709 1496 „Morgen“ muß Adel und Bürgerschaft in Schlacht und Tod rücken.
319 1489 1715 1556 „Heute“ aber ist noch ein Tag glühendster Lebens= und Liebesleidenschaft
305 1555 1724 1619 und bacchantischer Feste. Der gegensätzliche Zusammenhang zwischen Liebe
308 1600 1717 1654 und Tod scheint mir die Grundidee und die Grundstimmung für dieses
313 1649 1719 1720 Drama abzugeben. Das ist gewiß ein bedeutsamstes dramatisches und
309 1721 1707 1775 tragisches Thema, das hier angeschlagen, aber nicht zum Erklingen ge¬
312 1777 1722 1832 bracht wird. Die Liebe konzentrirt sich auf Beatrice, die wunderschöne
316 1815 1717 1877 Tochter eines Händlers Nardi. Diese Beatrice wird geliebt von Filippo
316 1872 1724 1938 Loschi, dem tapferen Edelmann und gefeierten Dichter. Um dieser Beatrice
307 1937 1711 1990 willen verläßt er seine adelige Vraut Teresina und ist bereit, auch Ehre
308 1968 1712 2034 und Heimath zu verlassen. Beatrice aber hat im Traum sich von dem
322 2029 1709 2093 schönen und starken Herzog von Bologna, Bentivoglio, geküßt gewähnt. Des¬
321 2084 1712 2144 wegen verstößt sie Filippo. Sie geht und ist bereit, auf Rath des Bruders
315 2136 1716 2202 einen jungen Standesgenossen Vittorino zu heirathen. Auf dem Wege zur
320 2196 1713 2255 Kirche — denn die Liebe hat Eile, da der Tod für morgen droht — be¬
318 2247 1720 2324 gegnet der Herzog ihr, liebt sie und gesteht seine Liebe. Sie sagt nicht
310 2300 1714 2367 nein, verlangt aber zur Herzogin gemacht zu werden. Der Herzog läßt
309 2359 1724 2422 sich sofort trauen und giebt ein bacchantisches Fest im Garten seines
313 2402 1719 2467 Palastes unter freiem Himmel; alles was jung und schön ist, soll un¬
316 2465 786 2536 beschadet Zutritt haben:
956 2511 1367 2598 Nehmt meinen Garten
589 2571 1361 2649 Als dustend Lager Eurer Freuden hin!...
786 2631 1243 2698 . Ich aber, Euer Fürst,
595 2672 1368 2734 Jeglichem Bund, der heute Nacht sich schließt,
589 2727 1303 2784 Geb' ich die Weihe. Heiligt andre Ehen
584 2783 1284 2827 Unlöslichkeit und Dauer geb’ ich diesen,
584 2824 1370 2889 Was Euch Beweglichen, Veränderungsfrohen,
587 2870 1441 2946 Euch Menschen besser dient, das schnellste Ende —
586 2940 1320 2988 Sie alle löst das erste Grau'n der Früh'.
592 2979 1372 3043 Doch was aus der Entzückung dieser Stunde
594 3023 1325 3081 Aufsprießen mag zu seiner Zeit, das trage
590 3074 1305 3134 So wunderbaren Ursprungs Zeichen mit,
596 3128 1376 3177 So lang es lebt. — Adlig geboren nenn' ich
582 3169 1338 3246 Die Sprossen dieser Nacht, da Euer Fürst
587 3224 1186 3301 Mit Beatrice Nardi Hochzeit hält.
404 3297 1719 3376 Heimlich aus dem Festestaumel entfernt sich Beatrice und begiebt sich
309 3376 1719 3447 zu Filippo, den sie eigentlich liebt. Der stellt ihr die Bedingung, nach
318 3432 1709 3488 dem Glück genossener Liebe mit ihm zu sterben. Das vermag die Lebens¬
318 3467 1718 3534 frohe nicht. Da tödtet Filippo sich allein. Von Grauen gepackt, begiebt
320 3527 1738 3596 sich Beatrice zum Fest des Herzogs zurück, wo sie inzwischen vermißt
1914 242 2384 354 box 20/3
3143 1090 3260 1174 167
2308 1096 2816 1183 Notizen und Besprechungen.
1856 1189 3266 1262 worden ist. Sie versucht, durch Lüge zu verhehlen, wo sie gewesen ist.
1857 1251 3265 1330 Schließlich aber wird sie doch gezwungen, den Herzog zu des todten
1857 1292 3275 1385 Filippo Hause zu führen. Der Herzog erkennt, was geschehen ist und
1866 1362 2810 1446 warum es so geschah. Er versteht und verzeiht:
2100 1440 2825 1518 Warst Du nicht, Beatrice, nur ein Kind,
2103 1496 2896 1565 Das mit der Krone spielte, weil sie glänzte, —
2099 1541 2962 1625 Mit eines Dichters Seel', weil sie voll Räthsel, —
2096 1605 2890 1672 Mit eines Jünglings Herzen, weil's Dir just
2102 1649 2867 1710 Geschenkt war? Aber wir sind allzu streng
2095 1698 2897 1757 Und leiden's nicht, und jeder von uns wollte
2104 1748 3003 1817 Nicht nur das einz'ge Spielzeng sein — nein, mehr!
2104 1788 2927 1872 Die ganze Welt. So nannten wir Dein Thun
2096 1848 2937 1917 Betrug und Frevel — und Du warst ein Kind!
1957 1927 3275 2009 In diesen Versen dürfte wohl der Schlüssel der ganzen verschlungenen
1870 1977 3262 2039 Geschehnisse zu suchen sein. Ich verzichte darauf, dieser Verschlungenheit
1871 2057 3268 2108 weiter nachzugehen. Die Haupthandlung wird von allerlei Nebenhandlungen
1874 2096 3271 2165 begleitet und gekreuzt. Das Grundmotiv, der Gegensatz zwischen Tod und
1861 2157 3271 2215 Leben, wird mehrfach ausgenommen und variirt. Die Personenfülle ist
1867 2188 3264 2287 erschreckend groß: mehr als fünfzig Nummern weist das Verzeichniß auf.
1875 2267 3262 2329 Leider bedeutet diese Personenfülle kein Gestaltenfülle, obwohl aller Wahr¬
1873 2302 3266 2390 scheinlichkeit nach Schnitzler vor Allem in die Figuren der beiden Gegen¬
1881 2349 3280 2438 spieler, des Herzogs und des Dichters, etwas Besonderes hineingelegt zu
1872 2415 3265 2496 haben wähnen dürfte. — Ich wiederhole nochmals: mit willkürlicher
1879 2468 3263 2545 Phantasie ließe sich wohl in das Drama viel hineinlegen, und ich traue
1873 2519 3279 2597 mir abstrakt konstruktive Begabung genug zu, um auch in diesem Falle
1870 2575 3279 2647 alles Verschlungene und scheinbar Verworrene als in schönster Ordnung
1876 2627 3264 2703 und von innerster Einheit darzustellen. Aber es lohnt nicht. Ich be¬
1870 2692 3274 2756 zweifle auch gar nicht, daß der Dichter selber in Allem Sinn, Plan und
1875 2752 3262 2814 Absicht sieht. Und ich glaube sogar zu wissen, welche Absicht ihn hier ge¬
1876 2807 3277 2862 leitet hat. Die Sehnsucht, aus den Niederungen des Naturalismus emporzu¬
1873 2842 3270 2920 kommen zu einer großzügigen Höhenkunst, haben wir Alle. Wir wollen
1867 2912 3265 2966 Kraft und Leidenschaft, reine, elementare Leidenschaft. Da kann nur
1869 2964 3275 3018 Shakespeare Vorbild sein. Auf Shakespeare's Spuren ist nun auch
1877 2995 3271 3080 Schnitzler gegangen. Mit vollem Bewußtsein hat er eine Fülle neben
1878 3060 3271 3137 einander laufender Handlungen erfunden. Mit vollem Bewußtsein hat er
1882 3103 3272 3205 mehr als fünfzig Personen aufgeboten. Mit vollem Bewußtsein hat er
1869 3167 3268 3245 auch Personen nach Art Shakespeare's sich geberden und sprechen lassen.
1871 3244 3277 3294 Man nehme z. B. die Szenen zwischen Antonio und Tito einerseits und
1883 3285 3270 3357 den Courtisanen Isabella und Lucrezia andererseits, und man höre, wie
1882 3325 3271 3407 Tito redet: „Und diese hier sind junge Mädchen aus Florenz. Sie sind
1871 3385 3270 3448 nach Bologna gekommen, um zehn oder zwölf lustige Tage mit uns zu
1879 3453 3281 3515 verbringen. Für die Lustigkeit haben wir bestens gesorgt, nur die Zahl
1882 3488 3285 3594 der Tage steht nicht bei uns. Jeden ihrer Wünsche haben wir ihnen
