3436 4320
1937 158 2392 241 box 20/4
1358 163 1411 238 B
245 174 1781 271 14. Der Schleier der eatrice
2273 911 2387 996 527
1475 902 1922 1005 Der Schleier der Beatrice.
1020 995 2396 1077 und zaudert nicht, mit der Lüge, des Schwachen stärkster Waffe, um ihr
1027 1051 2399 1144 Dasein zu kämpfen. Natur in uns zittert vor dem Tod, in Jedem, mag Ek¬
1028 1130 2401 1212 stase oder Heldenpose auch den Betrachter täuschen. Beatrice schämt sich der
1021 1192 2405 1266 Todesfurcht nicht, die sie im kosenden Arm wohl vergessen hätte. Erst als
1032 1239 2404 1320 alle Gitter brechen, an die sie sich lehnt, als die drei Männer, denen sie gut
1035 1301 2408 1386 war, der Freund, der Herzog, der Bruder, sie hart, unbarmherzig verdam¬
1032 1366 2412 1444 men, ist sie so matt, so wund, so abgehetzt, daß die Lebenssucht keinen Flügel
1034 1423 2405 1524 mehr regt. Beatrice wäre im engen Handwerkerhaus, als Mutter eines
1035 1482 2416 1584 Blondkopfes, vielleicht glücklich geworden. Doch es riß sie ins Weite, in
1038 1552 2409 1647 großes Erleben; und die Männer, die um sie warben, wollten nur nehmen,
1044 1607 2419 1691 nicht geben. Keinemsann sie Böses; sie sehnte sich nach sicherer Leitung, hätte
1048 1672 2415 1778 Jeden gern mit einer Lüge beglückt und fand mit unbeirrtem Trieb auch
1047 1727 2421 1822 immer die Stufen zur Lügenbrücke. Aber die Strengen wollten, sie solle ihr
1042 1797 2425 1884 Ebenbild sein und den Frauenreiz dennoch bewahren, forderten, was sie nicht
1038 1857 2423 1963 geben konnte, und hatten für die dem Ansturm Erliegende kaum einen Blick.
1172 1932 1542 2016 Siehe: das Weib!
1163 1977 2425 2052 Nach Abenteuern tauchte Nardis Tochter hinab und von Abenteuern
1057 2045 2417 2138 träumten die beiden Männer, die ihr Schicksal wurden: der Dichter, der Fürst.
1051 2094 2436 2196 Filippos Wunsch langt in den festen Pflichtenkreis männlichen Handelns,
1051 2172 2432 2245 wo die That nicht in der Tropenhitze einbildnerischer Kräfte verkümmert; und
1051 2216 2438 2319 in Bentivoglio ist die Lust an der Sensation des Neuen, Unbekannten sostark,
1068 2279 2417 2369 daß er im Tod noch ein letztes Abenteuer sieht, „von allen das gewaltigste.“
1069 2338 2442 2443 Beide bewundern, Beide verkennen einander. Dem Fürsten ist der Dichter
1075 2405 2437 2500 „ein Bote, ausgesandt, das Grüßen einer hingeschwundnen Welt lebendig
1055 2473 2432 2559 jeder neuen zu bestellen und hinzuwandeln über allen Tod“; und Loschi war
1067 2535 2444 2611 gewiß nur Einer aus der Schaar. der Nietzsche die Epigonenaufgabe zuwies,
1069 2593 2439 2677 „erloschene, verblichene Vorstellungen ein Wenig wieder aufzufärben“, ein
1077 2666 2442 2744 Postumus, ein schmaler Byron höchstens, kein Dante. Und dem Dichter
1084 2723 2442 2810 wiederum ist der Herzog ein strotzender Held, der über Menschen hinschreitet
1080 2788 2446 2848 wie über feuchtes Gras, „daß ihm der Fuß vom Thau des Lebens dampft, das
1085 2821 2447 2923 er zertrat“; und dieser Herzog Lionardo, der sich selbst neben Borgia winzig
1079 2897 2451 2990 fühlt, ist doch ein Dilettant, ein Sucher verfeinerter Freuden, der, während der
1075 2955 2449 3057 Feind sich zum Sturm auf die Stadtmauer rüstet, die Absage eines Poeten
1089 3017 2458 3103 nicht verwinden kann. Er wird tapfer sterben, nicht, wie Filippo, mit einer
1080 3076 2469 3180 Märtyrergrimasse, sondern im Bewußtsein goethischer Entelechie, auch er in
1085 3154 2472 3226 der Zuversicht, „die Natur werde verpflichtet sein, ihm eine andere Form des
1076 3197 2477 3289 Daseins anzuweisen, wenn die jetzige seinen Geist nicht ferner auszuhalten
