3436 4256
340 126 521 211 14
2012 133 2466 232 box 20/3
524 144 1834 251 Der Schleier der Beatrice
1114 281 1371 466 S
1627 362 2057 435 Telefon 12801.
1170 465 2518 548 Alex. Weigl’s Unternehmen für Zeitungs-Ausschnitte
2176 527 2383 592 Ausschnitt
1176 566 2505 695 N4. 408 „OBSERVER“ Nr. 59
1101 674 2571 741 L. österr. behördl. conc. Bureau für Zeitungsberichte u. Personalnachrichten
1300 740 2405 853 Wien, IX/j, Türkenstrasse 17.
1511 821 2177 904 Fillale in Budapest: „Figyelé“
1115 885 2572 964 Vertretungen in Berlin, Chicago, Genf, London, Newyork, Paris, Rom, Stockholm.
1702 1013 1937 1117 Wie
1109 1018 1652 1118 Ausschnitt aus:
1423 1121 1861 1252 #% 7 0e
1127 1169 1305 1265 vom
1316 1365 2510 1494 #=Schleier der Beatrice". Schauspiel von Arthux Schuitzlex.
1269 1437 1785 1502 Berlin. S. Fischer. 1901.
1349 1489 2500 1570 Mit diesem Werke ist Schnitzler aus dem gewoh ten Kreise seiner
1236 1535 2498 1622 Dichtungen herausgetreten. Er bemüht sich hier nicht mehr um die
1232 1598 2495 1643 Darstellung von Gefühlen, die nur im Lichte des nämlichen Tages,
1229 1626 2503 1711 der sie gebracht, groß erscheinen und späterhin doch nur eine leise iro¬
2494 1638 2620 1741 2
1218 1674 2493 1753 nisch=wehe Erinnerungsstimmung zeegen. Es handelt sich hier auch
1230 1723 2515 1805 ##icht mehr um Menschen, die nur für die Zeit ihrer Gefühle und
1234 1765 2496 1830 durch diese besonderen Werth erhalten und, ist das Minuten= ober
1224 1815 2497 1895 bestenfalls Monateschicksal ausgelebt, wie Wachskerzchen verlöschen. Im
1238 1867 2502 1942 „Schleier der Beatrice“ sind große Schicksale an innerlich bedeutenden
1227 1901 2500 1989 Menschen vorgezeigt, während in den meisten der früheren Werke Schnitzler's
1227 1960 2494 2027 große Schicksale kleine Menschen überkamen; nun mag diese Gegeneinander¬
1233 2005 2547 2061 stellung leicht äußerlich und doktrinär klingen, wie ja auch selbstverständlich ve
1227 2037 2526 2136 keine Werthung zwischen Dichtungen nach der Größe ihrer Helden oder deren jr
1237 2091 2559 2182 Schicksalen beabsichtigt ist. Allein gerade für Schnitzler bedeutet der „Schleier jus.
1232 2128 2484 2214 der Beatrice“ einen großen Schritt ins Freie hinaus. Das dichterische
1231 2170 2589 2263 Problem, das alle seine Stücke enthalten, ist hier nun einmal losgelöst das
1217 2224 2585 2309 vom kleinen Beiweik wienerischer Art, am Menschen gezeizt, die edel den
1134 2238 1221 2301 Ab
1135 2266 2485 2353 Abo Geschicke tragen. Dieses Problem aber scheint nir dies zu sen: In
1222 2315 2484 2400 jedem Menschen lebt die Sehnsucht, sein Schicksal zu erleben, und
2483 2346 2589 2420 die
1226 2369 2588 2440 daran, wie er es erlebt, und was mit ihm geschieht, wenn es vollstreckten¬
1150 2403 2475 2491 Inl ist, mag man erkennen, wie viel Großes und Persönliches in ihm war.
2475 2439 2592 2503 ng*)
1201 2462 2581 2543 *Am dramatischen Dichter ist es nun, den Charakter der Menschen zu eben
1138 2496 2594 2585 wot zeigen in den Stunden, wo ihn das Schicksal überkommt. Das ist der sigen
1220 2559 2528 2641 Sinn der „Liebelei“, des „Vermöchtniß“, vieler der kleinen, innigen 1
1245 2637 2501 2734 Novellen Schnitzler's. Noch nie ist jedoch das Dramatische in diesem
1245 2684 2489 2787 Problem so rein ausgeprägt gewesen wie im „Schleier der Beatrice.“
1351 2745 2515 2830 Das Stück spielt zu Bologna, im 16. Jahrhundert. Der
1247 2768 2512 2863 Herzog von Bentivoglio hat einen entscheidenden Kampf mit Borgia zu
1237 2834 2495 2925 fechten. Es ist die letzte Nacht. Filippo Loschi, ein Dichter, erlebt das
1246 2877 2511 2971 Geschick seines Lebens. Er hat Teresina geliebt, eine vornehme
1230 2933 2496 3017 Dame; allein die Liebe ist verklungen. Er weiß nichts mehr
1232 2954 2492 3061 von der Zeit, da diese Leidenschaft ihn füllte: er liebt eine
1233 3016 2490 3109 andere, Beatrice, ein sechzehnjähriges Kind. Drei Tage kennt er
1232 3052 2501 3159 sie, brei Tage gehört sie ihm. „Im Herbste fallen Blätter, im Früh¬
1231 3101 2503 3200 jahr sprießen andere!“ sagt er, als Einer ihn treulos neum. In
1231 3160 2490 3246 jener letzten Nacht aber vor dem Morgen, da um Bologna gekämpft
1231 3196 2497 3284 werden soll, kommt Beatrice und weiß von einem Traum der letzten
1223 3237 2486 3330 Nacht zu erzählen. Der Herzog selbst sei im Traume ihr Gemahl ge¬
1223 3291 2488 3381 wesen. Da weist Filippo die Geliebte von sich. „So menig warst Du
1234 3342 2481 3410 mein, daß, schlossest Du die Augen, Deine Seele auf Abenteuer aus¬
1225 3380 2200 3466 fliegen konnte und ich war Dir nur von Tausend Einer.
2224 3410 2303 3459 7
2298 3406 2483 3470 Beatrice
1224 3424 2480 3519 geht, der Traum wird Wahrheit. Der Herzog nimmt Beatrice zum
1210 3482 2475 3548 Weibe, vom Hochzeitsfeste aber schleicht sie hinweg zu Filippo. Sie
1224 3505 2477 3613 will mit ihm sterben. Dann aber, als sie glaubt, das todtbringende
1223 3554 2479 3656 Gift getrunken zu haben, erfaßt sie die Lebenssehnsucht wieder: Sie will
1209 3627 2475 3693 nicht sterben, bevor sie ihr Schicksal vollendet, ihr Leben ausgetrunken hat.
1222 3656 2476 3747 Filippo, ein zweites Mal durch sie enttäuscht, tödtet sich, und Beatrice verläßt
1216 3700 2490 3798 ihn, kehrt zum Hof zurück. Doch sie hat den Schleier, den ihr der Herzog
1213 3762 2472 3837 gab, beim Todten zurückgelassen und den muß sie dann von der Leiche holen,
1211 3792 2474 3885 vom Gemahl begleitet. Das war die einzige Mögkichkeit, ihr Leben zu
1213 3853 2473 3936 retten; denn ihre Flucht war entdeckt worden. Als sie nun mit dem
1218 3874 2470 3973 Gemahl an Filippo's Leiche steht, da löst sich alles in ihr, die Lebens¬
1217 3932 2479 4005 sehnsucht und die Todesfurcht. Der Eine starb um sie. Sie hatte ihn
1216 3975 2472 4084 um eines Anderen willen verrathen, und den wieder um ihn ... Der
1216 4018 1580 4099 Herzog sagt es ihr:
1381 4075 2130 4164 „Warst Du nicht, Beatrice, nur ein Kind,
