3436 4320
290 188 2414 292 14. Der Schleier der Beatrice box 20/4
1531 839 1877 915 Dramatische Profile.
2312 835 2400 925 71
1000 932 2418 998 problematischer und verwirrt sich dann im eigenen Tun, so daß der Dichter, der
996 991 2406 1064 zuerst Widerspruchsvolles, Rätselhaftes zeigen und auflösen wollte, sich schließlich
1002 1042 2417 1116 an seinen eigenen Gestalten versieht, das erlösende Wort vergißt und selbst wie
992 1093 1769 1143 sie nur noch Widerspruch und Rätsel wird.
1120 1113 2398 1197 Das erlebt man voll Pein und Unbefriedigung an dem Renaissancedrama
1002 1186 2406 1257 „Der Schleier der Beatrice“, das man nach mehrjähriger Buchexistenz im
989 1229 1477 1303 „Deutschen Theater“ sah.
1118 1258 2409 1342 „Sind wir ein Spiel von jedem Druck der Luft?“ könnte man ihm als
999 1335 2416 1409 Motto geben. Schnitzler reiht eine Serie von Schicksalssituationen auf. Sie
1000 1386 2402 1447 stehen gleichsam thematisch nebeneinander. Beatrice Nardi, das schöne Bürger¬
996 1433 2408 1498 mädchen von Bologna, schafft sie. Es ist zur klareren Auseinandersetzung gut,
997 1481 2413 1541 sie nüchtern, knapp nebeneinander zu stellen. So folgen sie sich: Beatrice will
1006 1533 2410 1591 sich dem Dichter Filippo, den sie liebt und der sich nach ihr sehnt, geben. Aber
985 1579 2400 1645 der schickt sie verletzt und enttäuscht zurück, als sie in seinen Armen ihm un¬
989 1629 2411 1684 befangen erzählt, sie habe im Traum eine Liebesstunde mit dem Herzog von
987 1671 2399 1723 Bologna genossen. Zweite Situation: Beatrice läßt sich von ihrem Bruder, der
999 1723 2406 1794 ihr Temperament und ihr unerklärliches Wesen fürchtet und der sie aus dem
989 1771 2409 1824 Bereich der kupplerischen Mutter bringen will, zur Ehe mit dem braven Vittorino
987 1822 2396 1888 bereden. Dritte Situation: Der Herzog kommt, er wird gebannt von Beatrice
981 1876 2409 1946 und sie sagt auf sein Werben, sie würde ihn nur als Herzogin lieben. Ihn trifft
984 1925 2407 1988 dies kecke Wort, es ist ohnehin eine Zeit außerhalb gewöhnlicher Norm, der Tod
991 1973 2408 2021 hängt über allen, ein übermächtiger Feind bedroht die Tore, vielleicht ist's allerletzte
989 2019 2409 2080 Nacht. Den Herzog berauscht die Vorstellung aufschäumenden, noch einmal in jähem
998 2078 2394 2134 Zug genossenen Lebens. Er führt Beatrice zum Hochzeitsfest. Vittorino ersticht
991 2118 2395 2189 sich indes. Vierte Situation: Veatrice entflieht von diesem Fest zu Filippo, ein
996 2173 2396 2235 Trieb, ihm ihre Liebe zu beweisen, zwingt sie hin. Sie sagt, sie wolle mit ihm
991 2219 2403 2271 sterben; sie schaudert aber zurück, als er ihr den Giftbecher reicht, und angeekelt,
990 2270 2410 2344 überdrüssig leert er ihn selbst. Als das Weib dem Tod ins Gesicht sieht, packt
994 2312 2406 2377 sir ein verzweifelter Lebensdrang. Nur zurück, schreit es in ihr, sie stürzt davon,
996 2369 2400 2425 vergißt aber ihren Schleier, der nun die letzte Situation ihres Lebens wirkt.
989 2426 2407 2481 Ter Herzog vermißt ihn und zwingt sie, mit ihm gemeinsam ihn zu holen. Als
993 2461 2395 2521 er den Raum des Todes betritt und seine Rätsel ahnt, als er die Unheils¬
986 2515 2390 2589 atmosphäre, die um dieses Weib sich breitet, schauernd fühlt, stürzt der eigene
979 2557 2391 2625 Bruder, der nichts von allem versteht, der nur dunkel weiß, diese muß sterben,
986 2613 1477 2687 vor und ersticht Beatrice.
1105 2653 2397 2718 Eine absolut bewußte Kombination widerspruchsvoller Handlungen hat
982 2708 2402 2786 Schnitzler gesponnen, er selbst betont das in den Versen, die Filippo staunend,
992 2749 1906 2837 fragend, grübelnd von diesem Frauenwesen spricht:
1762 2811 1956 2867 „von mir
1341 2840 2000 2908 Geht sie nach Hause, läßt von Vittorino
1337 2897 1930 2951 Zur Ehe sich bereden, geht mit ihm
1346 2924 2045 2990 Zur Kirche, trifft 'nen andern auf dem Weg,
1337 2974 2041 3029 Der Herzog ist, und läßt sich mit ihm traun,
1328 3003 1753 3070 Indes der andre stirbt.“
1085 3059 2388 3120 Und wie Schnitzler so die Stationen dieses verstrickten Weges rekapituliert,
980 3100 2389 3177 versucht er auch am Schlusse dieses Weges etwas wie eine Lösung anzuhängen.
985 3147 2408 3227 Er legt sie allzuwillkürlich dem Herzog, der im Grunde gar kein Seelendenter,
978 3207 1865 3285 sondern ein rascher Tatmensch ist, in den Mund:
3275 4113 3365 4196 A
