3484 4256
1913 167 2368 262 box 20/4
268 177 1789 272 14. Der Schleier der Beatrice
682 1420 3294 1509 danken und Empfindungen, die wir sie künden hören, nicht so ihm die Treue gebrochen, flößt ihm nur noch Abscheu ein. Schroff
139 1474 2000 1545 kier der Beatrice“. recht zusammengeschmolzen. Vor allem: die Hauptgestalt
1988 1486 3300 1545 schickt er die Weinende fort: sie werde zurückkehren, sagt sie, wenn
698 1522 3302 1600 wird nicht so klar, daß sich uns mit aller Eindringlich=ssie mit ihm zu sterben begehre. Bei den Ihrigen augelangt, läßt
149 1531 1988 1640 Ir. Berlin, 8. März. keit erschließt, was der vom Dichter gewollte letzte Sinn
1993 1576 3298 1640 Beatrice sich von ihrem leidenschaftlich ehrenfesten Bruder be¬
693 1616 1300 1677 seiner Dichtung ist. Wer
134 1607 702 1678 utschen Theater Artur
1287 1612 1990 1682 ist diese Beatrice? Die Er¬
1986 1625 3288 1677 stimmen, einem wackeren Jüngling ihres Standes, der um sie wirbt,
697 1647 1993 1716 klärung, die der Dichter selbst am Schluß von ihrer Natur
144 1666 695 1721 er der Beatrice“ Wun¬
1988 1656 3297 1724 zum Altare zu folgen. Auf dem Wege zur Kirche indessen stoßen
692 1706 1992 1756 und Art geben läßt, läuft darauf hinaus, daß sie gleichsam träu¬
146 1701 697 1769 ismäßig so langen Zeit be¬
1986 1704 3298 1764 sie auf den Herzog. Der erkennt das Mädchen wieder, die Tags
705 1752 1992 1804 mend, in naiver Selbstverständlichkeit, in halber Unbewußtheit wie
1985 1752 3297 1810 zuvor einen so bestrickenden Eindruck auf ihn geübt. Er fragt, ob
697 1796 1996 1850 ein Kind, all das Seltsame und Abenteuerliche hinnimmt, das ihr
141 1792 696 1851 hauptstädtische Bühne fand,
1993 1799 3299 1853 sie ihm freiwillig für diese letzte Nacht vor der schicksalschweren
157 1845 692 1900 pflegt. Noch wunderbarer
701 1823 1990 1888 das Leben zuwirft. Aber diese vom Dichter herrührende Erklä¬
1994 1842 3284 1888 Entscheidung auf sein Schloß folgen wolle. Sie ist bereit —
704 1881 1994 1943 rung trifft uns wie eine Überraschung. So hatte sich uns Beatrice
149 1870 694 1939 wurde. Denn ziemlich früh
1998 1881 3291 1942 sofern er sie sich zuvor antrauen läßt. Und der Herzog erklärt,
138 1927 693 1981 ie nach den späteren Akten
695 1920 1988 1984 doch nicht gezeigt; im Gegenteil: man ist eher geneigt anzunehmen,
2000 1928 3286 1986 daß sie seine Gemahlin sein solle und befiehlt ein glänzendes
696 1954 1995 2015 daß in ihr etwas von dem Wedekindschen „Erdgeist“=Weibe steckt.
146 1973 701 2016 der daraufhin um so inten¬
1999 1974 3288 2029 Hochzeitsfest zu rüsten. Von dem Fest jedoch stiehlt sich Beatrice
696 2011 1989 2069 Da der Schleier der Beatrice sich somit für uns nicht heben will,
140 2012 694 2076 Dichter konnte wiederholt vor
1987 2011 3289 2066 weg und eilt heimlich zu Loschi, zu dem unwiderstehliche Sehnsucht
690 2052 1992 2105 wirkt fast wie ein willkürliches Zufallspiel, was aus Art und
152 2056 709 2118 es bleibt die Tatsache be¬
1998 2060 3298 2116 sie treibt: ihm wolle sie gehören und dann mit ihm sterben. Als
150 2097 1988 2163 sition gab. Wiederum muß Natur Beatricens mit innerer Notwendigkeit entspringen soll.
1992 2098 3284 2153 aber Loschi sie prüft, als er ihr sagt, sie habe in dem Wein, den
150 2138 1998 2203 weshalb? Mag das Werk Auch war es vielleicht nicht förderlich, daß Schnitzler um
1991 2142 3287 2207 er ihr reicht, Gift getrunken — da wird sie von verzehrender
136 2170 1365 2249 ber den Geschmack läßt sich die Haupthandlung herum gar
1354 2182 1986 2250 zu viele andere Motive an¬
1991 2186 3297 2247 Angst vor dem Tode geschüttelt und alles in ihr schreit auf nach
1744 2226 1993 2298 Immerhin,
703 2226 1741 2297 gehäuft hat, die sich nicht entfalten können.
146 2234 701 2295 scht werden? Es ist in der
1990 2231 3292 2294 dem Leben. In Ekel und Zorn wendet Loschi sich ab
693 2264 1986 2331 es steckt so viel Feinheit und Schönheit in der Dichtung,
139 2275 704 2340 Zischen einen vergnüglichen
1988 2269 3297 2324 und trinkt nun selbst in Wirklichkeit den tödlichen Trunk.
1763 2317 1996 2376 Schnitzler
686 2317 1621 2385 daß sie eigentümlich anzieht und fesselt
164 2316 706 2385 gar keine Rücksicht darauf
1994 2317 3296 2371 Beatrice stürzt in Grauen und Furcht fort von der Leiche,
694 2343 1993 2414 führt uns in die Epoche der Renaissance. Bologna wird von den
137 2363 715 2425 or einer dichterischen Per¬
1990 2366 3289 2426 zurück zum Hochzeitsfest. Dort hat man inzwischen ihr
135 2399 1989 2463 ollte man doch unter allen päpstlichen Truppen unter Cesare Borjia bedroht, und niemand weiß,
1992 2397 3301 2475 Fehlen bemerkt. Sie hascht nach einer Ausrede, deren Hinfällig¬
694 2436 1987 2507 ob nicht der nächste Tag schon Entsetzen und Vernichtung bringen
1999 2447 3289 2512 keit nachgewiesen wird. Der Herzog hat den Schleier vermißt, den
134 2486 2001 2551 lbst anlangt, so stimmt mein wird. Das ist der Untergrund, auf dem die Handlung sich erhebt.
1994 2499 3296 2547 er ihr geschenkt; gehe sie nicht in seinem Geleit den Schleier holen,
134 2535 1988 2595 ischer nicht im entferntesten] Die wunderschöne Beatrice Nardi hat Herz und Phantasie des
1992 2536 3292 2583 so sei der Tod ihr Los andernfalls sei ihr Straflosigkeit zuge¬
134 2578 1991 2633 ndelt es sich um eine Dich= Dichters Filippo Loschi bezaubert. Um der einfachen Bürgerstochter
1990 2577 3293 2641 sichert. Und Beatrice führt den Herzog in Losches Wohnung, an
135 2627 700 2683 chönheiten enthält, aus der
697 2626 1997 2684 willen verläßt er seine stolze Brant, schlägt er die Einladung
1989 2620 3301 2691 die Leiche des Dichters, den er, der Herzog, so gern als Lebenden
159 2671 704 2722 t zu uns spricht. Schnitzler
699 2667 1995 2725 des Bologneser Herzogs ab. Er will mit ihr fliehen, um sich
1988 2668 3300 2724 kennen gelernt. Da enthüllt sich dem Herzog das Geheimnis.
709 2712 813 2768 und
125 2705 699 2782 ltung des Großen, das ihm
795 2699 2008 2789 sie aus Graus und Not zu retten. Schon werden
1997 2714 3299 2769 Beatrice, die jetzt dem Tode ruhig ins Auge schaut, wird von
698 2745 3300 2825 die Pferde gesattelt: da verrät Beatrice dem Geliebten, ihrem Bruder gerichtet. Der Herzog aber richtet sich empor: zum
137 2708 704 2844 e Seneherins hater
1985 2804 2724 2855 Entscheidungskampf mit dem Feinde.
691 2801 1984 2856 wie der Herzog ihr auf der Straße begegnet sei und sie
136 2844 697 2903 ang, daß S##sitzler mit dem
692 2835 1991 2896 so merkwürdig angeblickt habe; und wie ihr daraus ein lockender,
2069 2821 3301 2911 Dies der Kern, der von lébhaster, den Zeitcharakter spiegelnder
140 2889 1987 2939 ffen hat, das den Stempel der schmeicheknder Traum entsprossen sei, in dem sie sich als
1994 2887 2587 2947 Detailschilderung umgeben ist
2702 2876 3293 2969 Irene Triesch schuf eine
133 2927 2009 2995 chen sind ihm nicht zu reichem, Herzogin gesehen, das fällt umwandelnd in das Gemüt Loschis:
1990 2912 2777 3010 Beatrice, die man nicht vergessen wird.
150 2972 2010 3047 hrer Wesenheit mit den Ge¬die Frau, die, während die Liebe ihn und sie umspinnt, in Gedanken!
