<?xml version="1.0" encoding="UTF-8" standalone="yes"?>
<PcGts xmlns="http://schema.primaresearch.org/PAGE/gts/pagecontent/2013-07-15" xmlns:xsi="http://www.w3.org/2001/XMLSchema-instance" xsi:schemaLocation="http://schema.primaresearch.org/PAGE/gts/pagecontent/2013-07-15 http://schema.primaresearch.org/PAGE/gts/pagecontent/2013-07-15/pagecontent.xsd">
    <Metadata>
        <Creator>prov=University of Rostock/Institute of Mathematics/CITlab/Gundram Leifert/gundram.leifert@uni-rostock.de:name=ONB_Newseye_GT_M1+(htr_id=10810)::::v=2.4.2
prov=University of Rostock/Institute of Mathematics/CITlab/Tobias Gruening/tobias.gruening@uni-rostock.de:name=de.uros.citlab.module.baseline2polygon.B2PSeamMultiOriented:v=2.4.2
prov=University of Rostock/Institute of Mathematics/CITlab/Tobias Gruening/tobias.gruening@uni-rostock.de:name=/mnt/transkribus/LA/DEA/URO/LA_news_onb_att.pb:de.uros.citlab.segmentation.CITlab_LA_ML:v=2.4.2
Transkribus</Creator>
        <Created>2019-10-07T11:37:55.426+02:00</Created>
        <LastChange>2019-10-08T13:28:22.246+02:00</LastChange>
        <TranskribusMetadata docId="223979" pageId="9502063" pageNr="393" tsid="16581888" status="IN_PROGRESS" userId="40391" imgUrl="https://files.transkribus.eu/Get?id=GVUNUXUJVEQMKOGULPIHZPJU&amp;fileType=view" xmlUrl="https://files.transkribus.eu/Get?id=RKPLROVDTOJSCFEGEOZVXZKK" imageId="6192281"/>
    </Metadata>
    <Page imageFilename="223979_0393.jpeg" imageWidth="3484" imageHeight="4256">
        <ReadingOrder>
            <OrderedGroup id="ro_1711449216382" caption="Regions reading order">
                <RegionRefIndexed index="0" regionRef="r1"/>
            </OrderedGroup>
        </ReadingOrder>
        <TextRegion orientation="0.0" id="r1" custom="readingOrder {index:0;}">
            <Coords points="310,202 310,3362 3373,3362 3373,202"/>
            <TextLine id="r1l1" custom="readingOrder {index:0;}">
                <Coords points="1957,270 2089,241 2180,274 2224,247 2262,247 2298,271 2339,247 2386,259 2406,253 2407,168 2295,186 2219,168 2154,191 2045,168 1989,188 1957,179"/>
                <Baseline points="1972,240 1998,238 2024,238 2050,237 2077,237 2103,238 2129,238 2155,239 2182,240 2208,240 2234,240 2260,241 2287,240 2313,240 2339,238 2365,237 2392,235"/>
                <TextEquiv>
                    <Unicode>box 20/4</Unicode>
                </TextEquiv>
            </TextLine>
            <TextLine id="r1l2" custom="readingOrder {index:1;}">
                <Coords points="294,262 1766,269 1810,266 1811,175 295,165"/>
                <Baseline points="310,223 384,228 458,233 533,237 607,239 681,242 756,243 830,244 904,245 979,245 1053,245 1127,244 1202,244 1276,244 1350,244 1425,244 1499,244 1573,245 1648,246 1722,249 1797,251"/>
                <TextEquiv>
                    <Unicode>14. Der SchleienderBeatrice</Unicode>
                </TextEquiv>
            </TextLine>
            <TextLine id="r1l3" custom="readingOrder {index:2;}">
                <Coords points="553,1451 879,1434 1431,1487 1482,1452 1734,1463 1735,1410 554,1390"/>
                <Baseline points="567,1437 624,1439 682,1441 739,1442 797,1444 855,1446 912,1447 970,1449 1028,1450 1085,1451 1143,1452 1201,1453 1258,1454 1316,1455 1374,1456 1431,1457 1489,1458 1547,1459 1604,1459 1662,1460 1720,1461"/>
                <TextEquiv>
                    <Unicode>innig geliebte Frau wegzujagen, weil sie von einem</Unicode>
                </TextEquiv>
            </TextLine>
            <TextLine id="r1l4" custom="readingOrder {index:3;}">
                <Coords points="1729,1447 3326,1507 3384,1449 1730,1409"/>
                <Baseline points="1742,1461 1823,1462 1904,1464 1986,1465 2067,1466 2148,1468 2230,1470 2311,1472 2392,1474 2474,1476 2555,1478 2636,1480 2718,1482 2799,1484 2880,1487 2962,1489 3043,1491 3124,1493 3206,1495 3287,1497 3369,1498"/>
                <TextEquiv>
                    <Unicode>machen, die sich in ähnlicher Lage befänden. Der Grund ietzt packt sie das G##</Unicode>
                </TextEquiv>
            </TextLine>
            <TextLine id="r1l5" custom="readingOrder {index:4;}">
                <Coords points="556,1509 750,1487 812,1501 926,1491 967,1507 1038,1494 1039,1459 945,1448 921,1462 878,1434 851,1451 742,1455 557,1445"/>
                <Baseline points="570,1480 595,1482 620,1484 645,1485 670,1487 696,1487 721,1488 746,1489 771,1489 797,1489 822,1490 847,1490 872,1490 897,1491 923,1491 948,1491 973,1492 998,1493 1024,1494"/>
                <TextEquiv>
                    <Unicode>Anderen geträumt hat.</Unicode>
                </TextEquiv>
            </TextLine>
            <TextLine id="r1l6" custom="readingOrder {index:5;}">
                <Coords points="1741,1494 2845,1542 2907,1540 2908,1491 1741,1471"/>
                <Baseline points="1756,1511 1812,1512 1869,1513 1926,1514 1983,1514 2040,1516 2097,1517 2153,1518 2210,1519 2267,1520 2324,1521 2381,1523 2438,1524 2495,1525 2551,1526 2608,1527 2665,1528 2722,1529 2779,1530 2836,1532 2893,1532"/>
                <TextEquiv>
                    <Unicode>zum Selbstmord ist absolut nicht ausreichend. Anatol¬</Unicode>
                </TextEquiv>
            </TextLine>
            <TextLine id="r1l7" custom="readingOrder {index:6;}">
                <Coords points="2940,1533 3169,1562 3199,1545 3210,1557 3299,1547 3377,1569 3379,1508 3347,1501 3212,1492 3167,1506 3138,1487 3126,1499 2982,1502 2941,1486"/>
                <Baseline points="2954,1541 2979,1539 3005,1537 3030,1537 3056,1536 3081,1537 3107,1538 3132,1539 3158,1541 3183,1542 3209,1543 3234,1544 3260,1545 3285,1545 3311,1545 3336,1544 3362,1542"/>
                <TextEquiv>
                    <Unicode>sie gegen Filippo und</Unicode>
                </TextEquiv>
            </TextLine>
            <TextLine id="r1l8" custom="readingOrder {index:7;}">
                <Coords points="640,1540 1704,1570 1735,1491 641,1495"/>
                <Baseline points="655,1532 708,1534 761,1536 814,1538 867,1539 920,1541 973,1542 1027,1543 1080,1544 1133,1545 1186,1546 1239,1547 1292,1547 1345,1548 1399,1548 1452,1549 1505,1550 1558,1550 1611,1551 1664,1552 1718,1552"/>
                <TextEquiv>
                    <Unicode>In Wirklichkeit hört er, wie sich das ja von selbst</Unicode>
                </TextEquiv>
            </TextLine>
            <TextLine id="r1l9" custom="readingOrder {index:8;}">
                <Coords points="1734,1561 3308,1618 3348,1554 1735,1494"/>
                <Baseline points="1748,1555 1827,1558 1906,1561 1985,1563 2064,1566 2143,1568 2222,1569 2302,1571 2381,1572 2460,1574 2539,1575 2618,1576 2697,1577 2776,1578 2856,1579 2935,1581 3014,1582 3093,1584 3172,1585 3251,1587 3331,1589"/>
                <TextEquiv>
                    <Unicode>Stimmungen, nichts als Anatol=Stimmungen. Man tödtet] sie leben — leben!</Unicode>
                </TextEquiv>
            </TextLine>
            <TextLine id="r1l10" custom="readingOrder {index:9;}">
                <Coords points="532,1581 1733,1614 1735,1561 533,1536"/>
                <Baseline points="548,1578 606,1580 665,1582 723,1584 782,1585 840,1587 899,1589 957,1590 1016,1592 1074,1593 1133,1594 1192,1595 1250,1596 1309,1597 1367,1598 1426,1599 1484,1600 1543,1600 1601,1601 1660,1602 1719,1603"/>
                <TextEquiv>
                    <Unicode>versteht, nicht auf, die im Traum Ungetreue zu lieben.</Unicode>
                </TextEquiv>
            </TextLine>
            <TextLine id="r1l11" custom="readingOrder {index:10;}">
                <Coords points="1730,1620 2888,1641 2919,1580 1731,1564"/>
                <Baseline points="1746,1602 1803,1604 1861,1606 1919,1608 1977,1610 2035,1611 2092,1613 2150,1614 2208,1616 2266,1617 2324,1618 2381,1619 2439,1620 2497,1621 2555,1622 2613,1623 2670,1624 2728,1624 2786,1625 2844,1626 2902,1627"/>
                <TextEquiv>
                    <Unicode>sich doch wahrhaftig nicht deßhalb, weil man Angst hat,</Unicode>
                </TextEquiv>
            </TextLine>
            <TextLine id="r1l12" custom="readingOrder {index:11;}">
                <Coords points="2918,1628 2976,1642 3020,1634 3037,1652 3064,1636 3126,1652 3144,1638 3217,1649 3267,1636 3317,1649 3340,1647 3342,1603 3297,1617 3242,1591 3140,1582 3031,1587 3019,1599 2990,1580 2919,1584"/>
                <Baseline points="2932,1630 2958,1630 2984,1630 3011,1630 3037,1630 3063,1631 3090,1631 3116,1632 3142,1633 3169,1634 3195,1636 3221,1637 3248,1638 3274,1639 3300,1640 3327,1642"/>
                <TextEquiv>
                    <Unicode>sagt Filippo kalt. #</Unicode>
                </TextEquiv>
            </TextLine>
            <TextLine id="r1l13" custom="readingOrder {index:12;}">
                <Coords points="531,1623 1736,1658 1737,1611 1657,1601 532,1582"/>
                <Baseline points="547,1624 605,1625 664,1627 723,1628 782,1630 840,1632 899,1633 958,1635 1017,1637 1075,1638 1134,1640 1193,1641 1252,1643 1310,1644 1369,1645 1428,1646 1487,1647 1545,1647 1604,1647 1663,1648 1722,1647"/>
                <TextEquiv>
                    <Unicode>Und er hat das Glück, daß sie zu ihm zurückkehrt.</Unicode>
                </TextEquiv>
            </TextLine>
            <TextLine id="r1l14" custom="readingOrder {index:13;}">
                <Coords points="1725,1651 2909,1683 2910,1636 1726,1601"/>
                <Baseline points="1740,1646 1797,1648 1855,1649 1913,1651 1970,1653 2028,1654 2086,1656 2143,1658 2201,1659 2259,1661 2317,1662 2374,1664 2432,1665 2490,1666 2547,1667 2605,1668 2663,1669 2720,1669 2778,1669 2836,1669 2894,1669"/>
                <TextEquiv>
                    <Unicode>auf einander eifersüchtig zu sein. Und selbst wenn die</Unicode>
                </TextEquiv>
            </TextLine>
            <TextLine id="r1l15" custom="readingOrder {index:14;}">
                <Coords points="2903,1680 3378,1697 3380,1644 3347,1658 3301,1636 3142,1638 3124,1653 3098,1637 2977,1643 2951,1628 2904,1642"/>
                <Baseline points="2918,1674 2944,1674 2970,1674 2996,1675 3022,1675 3048,1676 3075,1676 3101,1677 3127,1677 3153,1678 3179,1679 3205,1680 3232,1680 3258,1681 3284,1682 3310,1682 3336,1683 3363,1684"/>
                <TextEquiv>
                    <Unicode>habe dich nur prüfen</Unicode>
                </TextEquiv>
            </TextLine>
            <TextLine id="r1l16" custom="readingOrder {index:15;}">
                <Coords points="534,1675 1727,1700 1728,1656 1476,1643 535,1640"/>
                <Baseline points="549,1672 607,1674 665,1675 723,1676 781,1678 839,1679 897,1680 956,1681 1014,1682 1072,1683 1130,1684 1188,1684 1246,1685 1304,1686 1363,1687 1421,1688 1479,1689 1537,1689 1595,1690 1653,1691 1712,1692"/>
                <TextEquiv>
                    <Unicode>Beatrice, die inzwischen des Herzogs Gemalin geworden</Unicode>
                </TextEquiv>
            </TextLine>
            <TextLine id="r1l17" custom="readingOrder {index:16;}">
                <Coords points="1734,1700 2715,1735 2918,1725 2919,1681 1735,1653"/>
                <Baseline points="1749,1694 1806,1696 1864,1698 1922,1699 1980,1701 2037,1702 2095,1703 2153,1705 2211,1706 2268,1707 2326,1709 2384,1709 2442,1711 2499,1712 2557,1713 2615,1714 2673,1715 2730,1716 2788,1717 2846,1718 2904,1719"/>
                <TextEquiv>
                    <Unicode>Angst sich als begründet erwiese, in der Wirklichkeit würde</Unicode>
                </TextEquiv>
            </TextLine>
            <TextLine id="r1l18" custom="readingOrder {index:17;}">
                <Coords points="2922,1722 2986,1736 3119,1722 3204,1746 3240,1729 3254,1744 3328,1729 3357,1744 3377,1739 3379,1698 2924,1678"/>
                <Baseline points="2937,1720 2962,1720 2987,1721 3012,1721 3037,1722 3062,1723 3087,1725 3112,1725 3137,1727 3163,1727 3188,1728 3213,1729 3238,1730 3263,1730 3288,1731 3313,1731 3338,1731 3364,1730"/>
                <TextEquiv>
                    <Unicode>Gift und bricht todt zu</Unicode>
                </TextEquiv>
            </TextLine>
            <TextLine id="r1l19" custom="readingOrder {index:18;}">
                <Coords points="535,1727 1343,1759 1728,1746 1729,1699 536,1668"/>
                <Baseline points="549,1723 607,1722 665,1722 723,1722 781,1723 839,1724 897,1725 956,1726 1014,1727 1072,1729 1130,1730 1188,1732 1246,1733 1304,1735 1363,1736 1421,1737 1479,1738 1537,1739 1595,1739 1653,1739 1712,1739"/>
                <TextEquiv>
                    <Unicode>ist, verläßt, wie erwähnt, in der Hochzeitsnacht das</Unicode>
                </TextEquiv>
            </TextLine>
            <TextLine id="r1l20" custom="readingOrder {index:19;}">
                <Coords points="1732,1754 2881,1783 2919,1778 2920,1725 1733,1692"/>
                <Baseline points="1746,1737 1803,1740 1861,1742 1919,1744 1977,1747 2035,1748 2093,1750 2151,1751 2209,1752 2267,1754 2325,1755 2382,1756 2440,1757 2498,1758 2556,1759 2614,1761 2672,1762 2730,1764 2788,1765 2846,1768 2904,1770"/>
                <TextEquiv>
                    <Unicode>man weiterleben. Denn es ist immer noch besser, lebendig</Unicode>
                </TextEquiv>
            </TextLine>
            <TextLine id="r1l21" custom="readingOrder {index:20;}">
                <Coords points="2911,1778 3009,1769 3029,1782 3200,1778 3223,1797 3273,1780 3379,1790 3380,1737 3357,1733 3221,1747 3125,1723 3054,1733 3028,1720 2995,1737 2913,1722"/>
                <Baseline points="2927,1765 2952,1766 2978,1766 3004,1768 3030,1769 3055,1770 3081,1772 3107,1773 3133,1774 3158,1776 3184,1777 3210,1778 3236,1778 3261,1778 3287,1778 3313,1777 3339,1776 3365,1774"/>
                <TextEquiv>
                    <Unicode>den Leichnam. „Erw#</Unicode>
                </TextEquiv>
            </TextLine>
            <TextLine id="r1l22" custom="readingOrder {index:21;}">
                <Coords points="538,1779 1623,1775 1728,1809 1729,1745 539,1723"/>
                <Baseline points="553,1775 611,1773 669,1772 727,1770 785,1770 843,1770 901,1771 959,1772 1017,1773 1075,1775 1133,1776 1191,1778 1249,1780 1307,1782 1365,1783 1423,1785 1481,1786 1539,1787 1597,1787 1655,1788 1714,1787"/>
                <TextEquiv>
                    <Unicode>herzogliche Schloß und eilt in das Haus des</Unicode>
                </TextEquiv>
            </TextLine>
            <TextLine id="r1l23" custom="readingOrder {index:22;}">
                <Coords points="1726,1785 3156,1840 3369,1794 1727,1744"/>
                <Baseline points="1740,1791 1820,1792 1901,1793 1982,1795 2063,1796 2143,1797 2224,1799 2305,1800 2386,1802 2466,1803 2547,1805 2628,1807 2709,1808 2789,1810 2870,1811 2951,1813 3032,1815 3112,1817 3193,1818 3274,1820 3355,1822"/>
                <TextEquiv>
                    <Unicode>zu sein mit einer schönen Geliebten, auf die man eifer= wollen fliehen — fliehe</Unicode>
                </TextEquiv>
            </TextLine>
            <TextLine id="r1l24" custom="readingOrder {index:23;}">
                <Coords points="542,1826 1729,1837 1618,1785 543,1776"/>
                <Baseline points="555,1822 616,1820 677,1819 738,1818 799,1818 860,1819 921,1820 982,1821 1043,1823 1104,1824 1165,1826 1226,1828 1287,1830 1348,1831 1409,1833 1470,1833 1531,1834 1592,1834 1653,1834 1714,1833"/>
                <TextEquiv>
                    <Unicode>Dichters. Sie kommt, um mit ihm zu sterben.</Unicode>
                </TextEquiv>
            </TextLine>
            <TextLine id="r1l25" custom="readingOrder {index:24;}">
                <Coords points="1727,1856 2483,1850 2726,1881 2727,1823 2663,1807 2137,1817 1729,1783"/>
                <Baseline points="1742,1838 1790,1839 1839,1841 1887,1842 1936,1843 1984,1844 2033,1845 2081,1846 2130,1848 2178,1848 2227,1849 2275,1850 2324,1851 2372,1852 2421,1852 2469,1853 2518,1854 2566,1855 2615,1856 2663,1857 2712,1857"/>
                <TextEquiv>
                    <Unicode>süchtig ist, als todt zu sein und nicht eifersüchtig.</Unicode>
                </TextEquiv>
            </TextLine>
            <TextLine id="r1l26" custom="readingOrder {index:25;}">
                <Coords points="2908,1861 3076,1868 3113,1890 3290,1883 3316,1904 3386,1906 3388,1830 3368,1826 2910,1817"/>
                <Baseline points="2922,1863 2947,1863 2972,1863 2997,1863 3022,1864 3047,1865 3072,1867 3097,1867 3122,1868 3147,1870 3172,1871 3197,1872 3222,1872 3247,1873 3272,1873 3297,1873 3322,1872 3347,1871 3373,1870"/>
                <TextEquiv>
                    <Unicode>todt bleibt, stürzt sie</Unicode>
                </TextEquiv>
            </TextLine>
            <TextLine id="r1l27" custom="readingOrder {index:26;}">
                <Coords points="531,1869 1695,1893 1728,1838 532,1825"/>
                <Baseline points="545,1866 603,1866 661,1866 720,1866 778,1867 837,1868 895,1869 954,1870 1012,1870 1071,1872 1129,1873 1187,1874 1246,1875 1304,1876 1363,1877 1421,1878 1480,1879 1538,1880 1597,1881 1655,1882 1714,1882"/>
                <TextEquiv>
                    <Unicode>Warum eigentlich nur diese Beiden so mit aller</Unicode>
                </TextEquiv>
            </TextLine>
            <TextLine id="r1l28" custom="readingOrder {index:27;}">
                <Coords points="1807,1884 2881,1928 2912,1876 1807,1845"/>
                <Baseline points="1822,1892 1875,1894 1929,1897 1983,1899 2036,1901 2090,1902 2144,1904 2197,1905 2251,1906 2305,1907 2359,1908 2412,1909 2466,1910 2520,1911 2573,1912 2627,1913 2681,1914 2734,1915 2788,1916 2842,1918 2896,1919"/>
                <TextEquiv>
                    <Unicode>Die Scene, in der sich dies Alles abspielt, ist, was</Unicode>
                </TextEquiv>
            </TextLine>
            <TextLine id="r1l29" custom="readingOrder {index:28;}">
                <Coords points="2903,1936 2938,1935 2958,1922 2964,1928 2975,1916 2984,1922 2996,1915 3011,1924 3022,1917 3122,1911 3121,1870 3021,1873 3006,1862 2983,1872 2965,1863 2953,1870 2917,1859 2900,1863"/>
                <Baseline points="2915,1914 2942,1911 2970,1909 2997,1908 3025,1908 3052,1908 3080,1907 3108,1904"/>
                <TextEquiv>
                    <Unicode>„Leben!“</Unicode>
                </TextEquiv>
            </TextLine>
            <TextLine id="r1l30" custom="readingOrder {index:29;}">
                <Coords points="538,1898 1724,1955 1725,1884 1605,1874 538,1863"/>
                <Baseline points="551,1913 612,1914 673,1914 734,1915 795,1916 856,1916 917,1917 978,1918 1039,1920 1100,1921 1161,1922 1222,1923 1283,1924 1344,1925 1405,1926 1466,1927 1527,1928 1588,1928 1649,1929 1710,1929"/>
                <TextEquiv>
                    <Unicode>Gewalt sterben wollen? Es scheint, daß es in diesem</Unicode>
                </TextEquiv>
            </TextLine>
            <TextLine id="r1l31" custom="readingOrder {index:30;}">
                <Coords points="1722,1944 2912,1977 2913,1921 1724,1879"/>
                <Baseline points="1738,1939 1799,1941 1860,1942 1921,1944 1982,1945 2043,1947 2104,1949 2165,1951 2226,1952 2287,1953 2348,1955 2409,1957 2470,1958 2531,1959 2592,1960 2653,1961 2714,1962 2775,1963 2836,1964 2897,1964"/>
                <TextEquiv>
                    <Unicode>Bühnenwirkung anlangt, die bedeutendste des Stückes und</Unicode>
                </TextEquiv>
            </TextLine>
            <TextLine id="r1l32" custom="readingOrder {index:31;}">
                <Coords points="2996,1958 3049,1983 3096,1966 3160,1979 3178,1968 3207,1986 3243,1961 3384,1982 3385,1911 3317,1927 3262,1923 3227,1904 3200,1918 3189,1906 3174,1921 2997,1917"/>
                <Baseline points="3012,1955 3037,1957 3063,1958 3088,1960 3114,1960 3139,1961 3165,1961 3191,1962 3216,1962 3242,1963 3267,1963 3293,1963 3318,1964 3344,1965 3370,1965"/>
                <TextEquiv>
                    <Unicode>Eine schöne Scenc</Unicode>
                </TextEquiv>
            </TextLine>
            <TextLine id="r1l33" custom="readingOrder {index:32;}">
                <Coords points="525,1964 1727,1988 1727,1956 1575,1921 1189,1946 526,1911"/>
                <Baseline points="541,1960 599,1961 658,1962 716,1963 775,1965 833,1965 892,1966 950,1966 1009,1967 1067,1967 1126,1968 1185,1968 1243,1969 1302,1969 1360,1970 1419,1971 1477,1972 1536,1973 1594,1974 1653,1976 1712,1978"/>
                <TextEquiv>
                    <Unicode>Drama nur zwei Möglichkeiten gibt: lieben oder sterben.</Unicode>
                </TextEquiv>
            </TextLine>
            <TextLine id="r1l34" custom="readingOrder {index:33;}">
                <Coords points="1729,1976 2209,2030 2436,2005 2483,2039 2530,2007 2907,2009 2799,1957 1729,1944"/>
                <Baseline points="1742,1991 1799,1992 1857,1992 1914,1994 1972,1995 2029,1996 2087,1997 2144,1998 2202,1999 2259,2001 2317,2002 2374,2004 2432,2005 2489,2006 2547,2007 2604,2008 2662,2010 2719,2011 2777,2012 2834,2012 2892,2013"/>
                <TextEquiv>
                    <Unicode>zeigt Schnitzler's dramatische Begabung im hellsten Lichte.</Unicode>
                </TextEquiv>
            </TextLine>
            <TextLine id="r1l35" custom="readingOrder {index:34;}">
                <Coords points="2906,2009 3032,2022 3094,2012 3140,2029 3206,2010 3226,2028 3267,2018 3299,2034 3329,2020 3330,1976 3242,1961 3206,1987 3186,1968 3163,1979 3081,1968 3048,1982 3005,1951 2907,1957"/>
                <Baseline points="2920,2004 2946,2005 2972,2005 2999,2006 3025,2007 3051,2008 3078,2008 3104,2010 3130,2011 3157,2012 3183,2013 3209,2013 3236,2014 3262,2015 3288,2015 3315,2015"/>
                <TextEquiv>
                    <Unicode>wüßte, warum Filipt</Unicode>
                </TextEquiv>
            </TextLine>
            <TextLine id="r1l36" custom="readingOrder {index:35;}">
                <Coords points="541,2015 1698,2040 1729,1987 542,1959"/>
                <Baseline points="555,2009 616,2008 677,2009 738,2009 799,2009 860,2010 921,2011 982,2012 1043,2013 1104,2015 1165,2016 1226,2017 1287,2019 1348,2020 1409,2022 1470,2023 1531,2024 1592,2026 1653,2027 1714,2028"/>
                <TextEquiv>
                    <Unicode>Sobald in der Liebe nicht Alles geht, wie es gehen sollte,</Unicode>
                </TextEquiv>
            </TextLine>
            <TextLine id="r1l37" custom="readingOrder {index:36;}">
                <Coords points="1728,2049 2900,2070 2901,2014 1908,2014 1729,1975"/>
                <Baseline points="1742,2037 1799,2038 1856,2038 1913,2040 1970,2041 2027,2042 2084,2043 2141,2045 2198,2046 2255,2047 2313,2049 2370,2050 2427,2051 2484,2053 2541,2054 2598,2055 2655,2056 2712,2057 2769,2057 2826,2057 2884,2058"/>
                <TextEquiv>
                    <Unicode>Filippo sucht Beatrice zum Leben zu überreden und</Unicode>
                </TextEquiv>
            </TextLine>
            <TextLine id="r1l38" custom="readingOrder {index:37;}">
                <Coords points="2907,2063 2969,2053 3065,2078 3142,2060 3162,2075 3201,2058 3324,2076 3341,2073 3343,2023 3254,2018 3237,2030 3163,2013 3134,2030 3093,2014 2952,2008 2908,2022"/>
                <Baseline points="2920,2056 2945,2055 2970,2054 2996,2054 3021,2055 3046,2055 3072,2056 3097,2057 3123,2057 3148,2059 3173,2060 3199,2060 3224,2061 3249,2061 3275,2062 3300,2062 3326,2061"/>
                <TextEquiv>
                    <Unicode>zu Beatrice ist erlosche</Unicode>
                </TextEquiv>
            </TextLine>
            <TextLine id="r1l39" custom="readingOrder {index:38;}">
                <Coords points="530,2043 623,2074 1720,2081 1712,2030 530,2013"/>
                <Baseline points="543,2054 601,2055 659,2056 717,2057 775,2058 833,2059 891,2060 950,2062 1008,2063 1066,2063 1124,2065 1182,2066 1240,2067 1298,2068 1357,2068 1415,2069 1473,2070 1531,2071 1589,2072 1647,2072 1706,2073"/>
                <TextEquiv>
                    <Unicode>muß unbedingt sofort gestorben sein Auch darin zeigen</Unicode>
                </TextEquiv>
            </TextLine>
            <TextLine id="r1l40" custom="readingOrder {index:39;}">
                <Coords points="1724,2096 2899,2117 2900,2061 1725,2046"/>
                <Baseline points="1738,2084 1795,2084 1852,2085 1910,2086 1967,2087 2025,2088 2082,2089 2139,2090 2197,2092 2254,2093 2312,2095 2369,2096 2426,2098 2484,2099 2541,2100 2599,2101 2656,2102 2713,2103 2771,2103 2828,2104 2886,2104"/>
                <TextEquiv>
                    <Unicode>schildert das Sterben und das Nichtsein mit einer poetischen</Unicode>
                </TextEquiv>
            </TextLine>
            <TextLine id="r1l41" custom="readingOrder {index:40;}">
                <Coords points="2900,2096 2973,2114 3000,2100 3111,2115 3129,2098 3155,2123 3222,2122 3234,2111 3281,2118 3283,2071 3201,2059 3162,2070 3133,2057 3065,2078 3024,2059 2901,2055"/>
                <Baseline points="2914,2100 2939,2100 2964,2101 2989,2102 3014,2102 3039,2103 3064,2104 3090,2105 3115,2105 3140,2107 3165,2108 3190,2109 3215,2109 3240,2110 3266,2111"/>
                <TextEquiv>
                    <Unicode>und da er gesehen</Unicode>
                </TextEquiv>
            </TextLine>
            <TextLine id="r1l42" custom="readingOrder {index:41;}">
                <Coords points="522,2102 1614,2136 1714,2129 1715,2082 523,2043"/>
                <Baseline points="537,2104 595,2103 653,2103 711,2103 769,2103 828,2104 886,2104 944,2105 1002,2106 1060,2107 1119,2109 1177,2110 1235,2111 1293,2112 1351,2114 1410,2116 1468,2117 1526,2118 1584,2119 1642,2120 1701,2120"/>
                <TextEquiv>
                    <Unicode>die Personen des Dramas die Launenhaftigkeit verwöhnter</Unicode>
                </TextEquiv>
            </TextLine>
            <TextLine id="r1l43" custom="readingOrder {index:42;}">
                <Coords points="1715,2123 2288,2171 2341,2143 2899,2165 2900,2109 1716,2091"/>
                <Baseline points="1731,2132 1788,2132 1846,2132 1903,2133 1961,2133 2019,2135 2076,2136 2134,2137 2192,2139 2249,2141 2307,2142 2365,2144 2422,2146 2480,2147 2538,2149 2595,2150 2653,2151 2711,2152 2768,2153 2826,2153 2884,2153"/>
                <TextEquiv>
                    <Unicode>Kraft, welche die Behauptung des Autors doch immerhin</Unicode>
                </TextEquiv>
            </TextLine>
            <TextLine id="r1l44" custom="readingOrder {index:43;}">
                <Coords points="2901,2151 2925,2149 2942,2162 2960,2152 2989,2153 3015,2173 3033,2156 3059,2166 3101,2163 3104,2110 3075,2102 3059,2116 3051,2107 3013,2108 2996,2098 2986,2106 2904,2104"/>
                <Baseline points="2916,2145 2944,2144 2973,2145 3002,2147 3030,2149 3059,2152 3088,2153"/>
                <TextEquiv>
                    <Unicode>Entschluß</Unicode>
                </TextEquiv>
            </TextLine>
            <TextLine id="r1l45" custom="readingOrder {index:44;}">
                <Coords points="3123,2158 3146,2158 3152,2165 3167,2159 3190,2163 3217,2152 3228,2164 3269,2166 3271,2122 3253,2121 3236,2112 3218,2123 3203,2122 3198,2116 3186,2122 3177,2115 3159,2121 3151,2112 3124,2111"/>
                <Baseline points="3138,2153 3167,2154 3196,2155 3225,2156 3254,2157"/>
                <TextEquiv>
                    <Unicode>ihm in</Unicode>
                </TextEquiv>
            </TextLine>
            <TextLine id="r1l46" custom="readingOrder {index:45;}">
                <Coords points="527,2157 1690,2184 1721,2126 528,2104"/>
                <Baseline points="541,2154 599,2153 657,2153 715,2153 773,2153 831,2153 889,2154 948,2155 1006,2157 1064,2158 1122,2159 1180,2160 1238,2162 1296,2163 1355,2165 1413,2166 1471,2166 1529,2167 1587,2167 1645,2167 1704,2167"/>
                <TextEquiv>
                    <Unicode>Kinder, daß sie das Dasein gleich ganz wegwerfen wollen,</Unicode>
                </TextEquiv>
            </TextLine>
            <TextLine id="r1l47" custom="readingOrder {index:46;}">
                <Coords points="1723,2186 2901,2207 2817,2155 1724,2130"/>
                <Baseline points="1738,2176 1795,2179 1852,2182 1910,2185 1967,2187 2024,2189 2082,2191 2139,2192 2196,2194 2254,2195 2311,2196 2368,2197 2426,2197 2483,2198 2540,2199 2598,2199 2655,2200 2712,2200 2770,2201 2827,2201 2885,2202"/>
                <TextEquiv>
                    <Unicode>wahrscheinlich macht, daß dieser Filippo Loschi, dessen</Unicode>
                </TextEquiv>
            </TextLine>
            <TextLine id="r1l48" custom="readingOrder {index:47;}">
                <Coords points="2895,2204 2907,2204 2916,2197 2922,2203 2931,2199 2948,2202 2954,2198 2969,2198 2966,2151 2949,2151 2937,2161 2931,2158 2929,2161 2920,2159 2914,2162 2908,2157 2893,2157"/>
                <Baseline points="2911,2195 2955,2193"/>
                <TextEquiv>
                    <Unicode>mi</Unicode>
                </TextEquiv>
            </TextLine>
            <TextLine id="r1l49" custom="readingOrder {index:48;}">
                <Coords points="536,2200 1711,2233 1712,2183 1656,2173 537,2150"/>
                <Baseline points="549,2200 606,2199 663,2199 721,2199 778,2200 836,2200 893,2201 950,2202 1008,2203 1065,2205 1123,2206 1180,2208 1237,2209 1295,2210 1352,2212 1410,2213 1467,2214 1524,2215 1582,2215 1639,2216 1697,2216"/>
                <TextEquiv>
                    <Unicode>wenn es sich anders gestaltet, als sie verlangen. Filippo</Unicode>
                </TextEquiv>
            </TextLine>
            <TextLine id="r1l50" custom="readingOrder {index:49;}">
                <Coords points="1722,2235 2812,2283 2894,2267 2896,2205 1723,2185"/>
                <Baseline points="1737,2226 1794,2227 1851,2228 1908,2230 1965,2231 2023,2232 2080,2233 2137,2234 2194,2235 2251,2236 2309,2238 2366,2239 2423,2240 2480,2241 2537,2243 2595,2244 2652,2246 2709,2247 2766,2249 2823,2251 2881,2253"/>
                <TextEquiv>
                    <Unicode>Lieder nicht mitgetheilt werden, ein Dichter ist. Er sagt zu</Unicode>
                </TextEquiv>
            </TextLine>
            <TextLine id="r1l51" custom="readingOrder {index:50;}">
                <Coords points="524,2256 1723,2278 1724,2216 525,2201"/>
                <Baseline points="540,2249 598,2248 656,2247 715,2247 773,2248 831,2248 890,2249 948,2250 1006,2251 1065,2252 1123,2253 1181,2254 1240,2256 1298,2257 1356,2258 1415,2259 1473,2260 1531,2261 1590,2261 1648,2262 1707,2262"/>
                <TextEquiv>
                    <Unicode>selber fühlt es, daß doch eigentlich kein rechter Grund</Unicode>
                </TextEquiv>
            </TextLine>
            <TextLine id="r1l52" custom="readingOrder {index:51;}">
                <Coords points="1714,2289 1746,2296 1770,2282 1787,2292 1823,2281 1869,2298 1920,2290 1955,2297 1957,2230 1904,2240 1872,2230 1716,2231"/>
                <Baseline points="1728,2269 1754,2271 1781,2272 1807,2273 1834,2274 1860,2275 1887,2275 1913,2276 1940,2277"/>
                <TextEquiv>
                    <Unicode>Beatrice:</Unicode>
                </TextEquiv>
            </TextLine>
            <TextLine id="r1l53" custom="readingOrder {index:52;}">
                <Coords points="531,2296 1730,2315 1731,2265 532,2258"/>
                <Baseline points="545,2296 603,2295 661,2294 720,2294 778,2294 837,2294 895,2295 954,2295 1012,2296 1071,2297 1129,2299 1187,2300 1246,2302 1304,2303 1363,2305 1421,2307 1480,2308 1538,2310 1597,2311 1655,2312 1714,2313"/>
                <TextEquiv>
                    <Unicode>zum Sterben vorliegt, und sucht Beatrice zum Leben zu</Unicode>
                </TextEquiv>
            </TextLine>
            <TextLine id="r1l54" custom="readingOrder {index:53;}">
                <Coords points="2268,2331 2544,2336 2556,2346 2580,2332 2615,2336 2616,2297 2575,2287 2557,2299 2529,2277 2493,2288 2458,2266 2402,2285 2379,2273 2270,2278"/>
                <Baseline points="2284,2323 2310,2326 2336,2328 2362,2329 2389,2331 2415,2332 2441,2333 2467,2333 2494,2333 2520,2333 2546,2334 2572,2334 2599,2334"/>
                <TextEquiv>
                    <Unicode>Schau um dich!</Unicode>
                </TextEquiv>
            </TextLine>
            <TextLine id="r1l55" custom="readingOrder {index:54;}">
                <Coords points="528,2346 1721,2380 1692,2318 528,2296"/>
                <Baseline points="543,2342 601,2343 659,2344 717,2345 775,2345 833,2346 891,2346 949,2347 1007,2347 1065,2348 1124,2348 1182,2349 1240,2350 1298,2350 1356,2351 1414,2352 1472,2353 1530,2354 1588,2355 1646,2356 1705,2357"/>
                <TextEquiv>
                    <Unicode>überreden. „Nein,“ sagt Beatrice, „wir können nicht weiter¬</Unicode>
                </TextEquiv>
            </TextLine>
            <TextLine id="r1l56" custom="readingOrder {index:55;}">
                <Coords points="1835,2358 2622,2377 2614,2326 2379,2341 2242,2310 1918,2302 1836,2323"/>
                <Baseline points="1848,2357 1887,2357 1927,2358 1967,2359 2007,2360 2047,2361 2087,2363 2127,2364 2167,2365 2207,2367 2247,2368 2287,2369 2327,2371 2367,2372 2407,2373 2447,2374 2487,2374 2527,2374 2567,2374 2607,2374"/>
                <TextEquiv>
                    <Unicode>All dies ist Dasein — das bist du, das ich,</Unicode>
                </TextEquiv>
            </TextLine>
            <TextLine id="r1l57" custom="readingOrder {index:56;}">
                <Coords points="521,2378 1628,2423 1710,2413 1711,2363 521,2349"/>
                <Baseline points="535,2389 593,2389 651,2389 709,2390 767,2391 825,2391 883,2392 941,2393 999,2394 1057,2395 1116,2397 1174,2398 1232,2399 1290,2400 1348,2401 1406,2402 1464,2403 1522,2404 1580,2405 1638,2406 1697,2407"/>
                <TextEquiv>
                    <Unicode>leben nach einem solchen Tage. Du würdest mich zu sehr</Unicode>
                </TextEquiv>
            </TextLine>
            <TextLine id="r1l58" custom="readingOrder {index:57;}">
                <Coords points="1821,2400 2652,2436 2743,2433 2745,2392 2637,2359 2601,2382 1822,2362"/>
                <Baseline points="1837,2396 1881,2397 1926,2398 1970,2400 2015,2401 2059,2402 2104,2403 2148,2405 2193,2406 2237,2408 2282,2409 2327,2410 2371,2411 2416,2412 2460,2413 2505,2414 2549,2415 2594,2416 2638,2417 2683,2418 2728,2419"/>
                <TextEquiv>
                    <Unicode>Hier unten ruht die Stadt, drin athmen Menschen,</Unicode>
                </TextEquiv>
            </TextLine>
            <TextLine id="r1l59" custom="readingOrder {index:58;}">
                <Coords points="1836,2430 2471,2462 2562,2444 2603,2465 2644,2449 2645,2416 1837,2397"/>
                <Baseline points="1850,2433 1889,2435 1928,2436 1967,2438 2006,2439 2045,2441 2084,2442 2123,2443 2162,2444 2201,2446 2240,2447 2279,2448 2318,2449 2357,2449 2396,2450 2435,2450 2474,2451 2513,2451 2552,2451 2591,2450 2631,2450"/>
                <TextEquiv>
                    <Unicode>Dort stürzt ins Weite Straß' und Straße hin</Unicode>
                </TextEquiv>
            </TextLine>
            <TextLine id="r1l60" custom="readingOrder {index:59;}">
                <Coords points="517,2448 1219,2459 1322,2428 1695,2469 1719,2414 517,2409"/>
                <Baseline points="532,2436 590,2437 649,2437 707,2438 766,2439 824,2439 883,2440 941,2441 1000,2441 1058,2442 1117,2443 1176,2444 1234,2445 1293,2446 1351,2447 1410,2448 1468,2449 1527,2451 1585,2452 1644,2454 1703,2456"/>
                <TextEquiv>
                    <Unicode>quälen. Und Ekel würde uns erfassen.“ Das ist noch gar</Unicode>
                </TextEquiv>
            </TextLine>
            <TextLine id="r1l61" custom="readingOrder {index:60;}">
                <Coords points="1826,2468 2596,2486 2745,2525 2747,2451 2647,2434 2018,2449 1827,2418"/>
                <Baseline points="1842,2473 1886,2473 1931,2474 1975,2475 2020,2476 2064,2477 2109,2479 2153,2480 2198,2482 2242,2483 2287,2484 2331,2486 2376,2487 2420,2488 2465,2489 2509,2489 2554,2490 2598,2490 2643,2491 2687,2490 2732,2490"/>
                <TextEquiv>
                    <Unicode>Ins Land, ans Meer — und überm Wasser wieder</Unicode>
                </TextEquiv>
            </TextLine>
            <TextLine id="r1l62" custom="readingOrder {index:61;}">
                <Coords points="518,2485 1684,2518 1723,2463 518,2441"/>
                <Baseline points="532,2480 590,2481 649,2482 708,2483 767,2484 826,2485 884,2486 943,2487 1002,2488 1061,2489 1120,2490 1178,2491 1237,2493 1296,2494 1355,2495 1414,2496 1472,2497 1531,2498 1590,2500 1649,2501 1708,2502"/>
                <TextEquiv>
                    <Unicode>nicht einmal ausgemacht. Jedenfalls könnten zwei Leute,</Unicode>
                </TextEquiv>
            </TextLine>
            <TextLine id="r1l63" custom="readingOrder {index:62;}">
                <Coords points="1825,2515 2460,2521 2535,2556 2639,2537 2640,2490 2596,2486 1826,2468"/>
                <Baseline points="1839,2512 1878,2511 1917,2512 1956,2512 1995,2513 2035,2513 2074,2514 2113,2515 2152,2516 2191,2518 2231,2519 2270,2520 2309,2521 2348,2522 2387,2524 2427,2525 2466,2525 2505,2526 2544,2526 2583,2526 2623,2526"/>
                <TextEquiv>
                    <Unicode>Meitschen und Städte; — ober uns gebreitet</Unicode>
                </TextEquiv>
            </TextLine>
            <TextLine id="r1l64" custom="readingOrder {index:63;}">
                <Coords points="533,2532 1690,2564 1718,2514 533,2491"/>
                <Baseline points="547,2528 604,2528 662,2529 720,2530 778,2531 835,2531 893,2532 951,2533 1009,2534 1066,2536 1124,2537 1182,2538 1240,2539 1297,2540 1355,2541 1413,2543 1471,2544 1528,2546 1586,2547 1644,2548 1702,2550"/>
                <TextEquiv>
                    <Unicode>die so viel Freude daran finden, mit einander zu sterben,</Unicode>
                </TextEquiv>
            </TextLine>
            <TextLine id="r1l65" custom="readingOrder {index:64;}">
                <Coords points="1828,2554 2265,2571 2410,2554 2512,2575 2560,2559 2561,2535 1829,2513"/>
                <Baseline points="1843,2547 1878,2547 1913,2547 1948,2548 1983,2548 2018,2550 2053,2551 2088,2552 2123,2553 2158,2554 2194,2555 2229,2557 2264,2558 2299,2559 2334,2561 2369,2562 2404,2562 2439,2563 2474,2564 2509,2565 2545,2565"/>
                <TextEquiv>
                    <Unicode>Dies blauende Gewölbe und sein Glanz,</Unicode>
                </TextEquiv>
            </TextLine>
            <TextLine id="r1l66" custom="readingOrder {index:65;}">
                <Coords points="530,2591 1720,2608 1721,2549 531,2535"/>
                <Baseline points="545,2577 603,2577 661,2577 719,2578 777,2578 835,2579 893,2580 951,2581 1009,2582 1067,2583 1125,2584 1183,2585 1241,2587 1299,2588 1357,2589 1415,2591 1473,2592 1531,2594 1589,2595 1647,2596 1706,2597"/>
                <TextEquiv>
                    <Unicode>sich auch im Leben Mancherlei bieten. Filippo freilich ist</Unicode>
                </TextEquiv>
            </TextLine>
            <TextLine id="r1l67" custom="readingOrder {index:66;}">
                <Coords points="3232,2592 3258,2596 3270,2590 3279,2597 3299,2597 3306,2592 3314,2601 3361,2600 3364,2542 3343,2544 3335,2537 3311,2542 3302,2551 3285,2535 3267,2543 3250,2525 3235,2524"/>
                <Baseline points="3248,2583 3280,2586 3313,2588 3346,2587"/>
                <TextEquiv>
                    <Unicode>satz zi</Unicode>
                </TextEquiv>
            </TextLine>
            <TextLine id="r1l68" custom="readingOrder {index:67;}">
                <Coords points="1827,2583 2556,2608 2594,2600 2596,2553 2266,2571 1828,2547"/>
                <Baseline points="1843,2584 1879,2584 1916,2584 1953,2584 1990,2585 2027,2586 2064,2587 2101,2589 2138,2589 2175,2591 2212,2592 2248,2594 2285,2595 2322,2597 2359,2598 2396,2598 2433,2599 2470,2599 2507,2599 2544,2599 2581,2598"/>
                <TextEquiv>
                    <Unicode>Und Alles dies ist unser, denn wir sind!</Unicode>
                </TextEquiv>
            </TextLine>
            <TextLine id="r1l69" custom="readingOrder {index:68;}">
                <Coords points="1824,2625 2409,2630 2561,2661 2620,2650 2622,2574 2512,2609 1825,2578"/>
                <Baseline points="1838,2622 1876,2623 1914,2624 1953,2625 1991,2626 2029,2627 2068,2627 2106,2628 2144,2629 2183,2630 2221,2631 2259,2632 2298,2633 2336,2635 2374,2635 2413,2637 2451,2639 2489,2640 2528,2642 2566,2643 2605,2645"/>
                <TextEquiv>
                    <Unicode>Und morgen schon gehört es uns so wenig,</Unicode>
                </TextEquiv>
            </TextLine>
            <TextLine id="r1l70" custom="readingOrder {index:69;}">
                <Coords points="528,2624 1674,2653 1710,2607 529,2586"/>
                <Baseline points="543,2627 600,2626 658,2625 715,2625 773,2626 831,2626 888,2627 946,2629 1003,2630 1061,2631 1119,2633 1176,2635 1234,2637 1291,2638 1349,2640 1407,2641 1464,2642 1522,2643 1579,2644 1637,2644 1695,2644"/>
                <TextEquiv>
                    <Unicode>überzeugt, seit er das Wort „Ekel“ gehört hat. „Ränn'</Unicode>
                </TextEquiv>
            </TextLine>
            <TextLine id="r1l71" custom="readingOrder {index:70;}">
                <Coords points="1826,2661 2499,2685 2540,2680 2541,2651 2409,2630 2356,2646 2330,2625 1827,2629"/>
                <Baseline points="1842,2661 1876,2661 1910,2661 1944,2661 1978,2662 2013,2663 2047,2663 2081,2665 2115,2666 2149,2667 2184,2668 2218,2669 2252,2670 2286,2671 2320,2673 2355,2674 2389,2674 2423,2675 2457,2675 2491,2675 2526,2675"/>
                <TextEquiv>
                    <Unicode>Als alles Lichtes Wunderfülle Blinden,</Unicode>
                </TextEquiv>
            </TextLine>
            <TextLine id="r1l72" custom="readingOrder {index:71;}">
                <Coords points="521,2668 1720,2705 1721,2635 522,2627"/>
                <Baseline points="537,2673 595,2672 653,2672 712,2672 770,2672 829,2673 887,2673 945,2674 1004,2675 1062,2676 1121,2678 1179,2679 1237,2680 1296,2682 1354,2683 1413,2684 1471,2685 1529,2686 1588,2687 1646,2687 1705,2687"/>
                <TextEquiv>
                    <Unicode>unser Leben weiter — den Schmutz der letzten Stunden</Unicode>
                </TextEquiv>
            </TextLine>
            <TextLine id="r1l73" custom="readingOrder {index:72;}">
                <Coords points="3200,2684 3236,2681 3256,2695 3265,2686 3289,2683 3306,2692 3324,2692 3323,2630 3309,2630 3303,2624 3279,2642 3259,2639 3224,2649 3200,2649"/>
                <Baseline points="3216,2680 3247,2679 3278,2680 3310,2678"/>
                <TextEquiv>
                    <Unicode>und,</Unicode>
                </TextEquiv>
            </TextLine>
            <TextLine id="r1l74" custom="readingOrder {index:73;}">
                <Coords points="1820,2695 2490,2722 2552,2703 2553,2671 1821,2660"/>
                <Baseline points="1834,2699 1869,2699 1904,2699 1939,2699 1974,2699 2010,2700 2045,2701 2080,2702 2115,2704 2150,2704 2186,2706 2221,2707 2256,2709 2291,2710 2326,2711 2362,2712 2397,2712 2432,2713 2467,2714 2502,2714 2538,2713"/>
                <TextEquiv>
                    <Unicode>Gelähmten aller Wege Lust und Fernen.</Unicode>
                </TextEquiv>
            </TextLine>
            <TextLine id="r1l75" custom="readingOrder {index:74;}">
                <Coords points="2902,2723 2926,2719 2935,2728 2944,2730 2949,2727 2955,2730 2967,2721 2982,2726 2999,2726 2998,2684 2960,2683 2948,2671 2930,2678 2915,2669 2900,2670"/>
                <Baseline points="2918,2720 2951,2718 2984,2718"/>
                <TextEquiv>
                    <Unicode>kümt</Unicode>
                </TextEquiv>
            </TextLine>
            <TextLine id="r1l76" custom="readingOrder {index:75;}">
                <Coords points="3153,2729 3191,2728 3209,2746 3259,2724 3289,2741 3312,2729 3333,2735 3350,2719 3370,2722 3370,2684 3355,2684 3337,2670 3311,2691 3264,2686 3255,2695 3237,2680 3152,2679"/>
                <Baseline points="3167,2725 3193,2727 3220,2729 3247,2729 3274,2729 3301,2727 3328,2725 3355,2721"/>
                <TextEquiv>
                    <Unicode>nießt, was</Unicode>
                </TextEquiv>
            </TextLine>
            <TextLine id="r1l77" custom="readingOrder {index:76;}">
                <Coords points="520,2723 1713,2737 1713,2690 520,2667"/>
                <Baseline points="535,2720 593,2721 651,2722 709,2722 767,2723 825,2724 883,2725 941,2726 999,2727 1057,2727 1116,2728 1174,2729 1232,2730 1290,2731 1348,2731 1406,2732 1464,2733 1522,2734 1580,2735 1638,2736 1697,2737"/>
                <TextEquiv>
                    <Unicode>brächten wir nie wieder fort!" Das heißt doch recht</Unicode>
                </TextEquiv>
            </TextLine>
            <TextLine id="r1l78" custom="readingOrder {index:77;}">
                <Coords points="1815,2720 1903,2752 2643,2769 2645,2710 2610,2700 2486,2723 1816,2696"/>
                <Baseline points="1831,2734 1870,2735 1910,2735 1950,2736 1990,2737 2030,2738 2070,2739 2110,2740 2150,2742 2190,2743 2230,2744 2269,2745 2309,2747 2349,2748 2389,2750 2429,2751 2469,2752 2509,2754 2549,2755 2589,2756 2629,2757"/>
                <TextEquiv>
                    <Unicode>Bedenk': ein hundertjähr'ger Greis ist jünger,</Unicode>
                </TextEquiv>
            </TextLine>
            <TextLine id="r1l79" custom="readingOrder {index:78;}">
                <Coords points="2900,2788 2935,2791 2965,2771 3005,2793 3091,2768 3111,2786 3161,2775 3237,2792 3323,2787 3324,2732 3289,2740 3257,2724 3209,2747 3186,2726 2901,2720"/>
                <Baseline points="2914,2770 2940,2768 2966,2768 2992,2767 3019,2768 3045,2768 3071,2769 3097,2770 3124,2771 3150,2772 3176,2773 3202,2774 3229,2774 3255,2774 3281,2774 3308,2773"/>
                <TextEquiv>
                    <Unicode>spricht er selbst aus i</Unicode>
                </TextEquiv>
            </TextLine>
            <TextLine id="r1l80" custom="readingOrder {index:79;}">
                <Coords points="522,2774 1710,2779 1593,2736 523,2721"/>
                <Baseline points="537,2769 598,2768 659,2767 720,2767 781,2768 842,2769 903,2770 964,2771 1025,2773 1086,2774 1147,2776 1208,2778 1269,2779 1330,2780 1391,2781 1452,2782 1513,2782 1574,2782 1635,2781 1696,2780"/>
                <TextEquiv>
                    <Unicode>gering vom Leben denken. Das Leben, das Alles über¬</Unicode>
                </TextEquiv>
            </TextLine>
            <TextLine id="r1l81" custom="readingOrder {index:80;}">
                <Coords points="1818,2774 2402,2821 2438,2795 2555,2804 2550,2756 2198,2760 1819,2727"/>
                <Baseline points="1832,2771 1867,2772 1903,2775 1938,2776 1974,2778 2009,2779 2045,2780 2080,2781 2116,2782 2151,2783 2187,2784 2222,2784 2258,2785 2293,2785 2329,2786 2364,2787 2400,2787 2435,2788 2471,2788 2506,2789 2542,2789"/>
                <TextEquiv>
                    <Unicode>An Hoffnung reicher, als wir Beide sind —</Unicode>
                </TextEquiv>
            </TextLine>
            <TextLine id="r1l82" custom="readingOrder {index:81;}">
                <Coords points="1817,2815 1920,2847 1946,2832 1973,2842 2014,2825 2072,2850 2108,2850 2143,2828 2167,2828 2168,2784 2150,2781 2088,2788 2068,2779 2044,2793 2006,2781 1818,2774"/>
                <Baseline points="1832,2809 1858,2811 1885,2812 1912,2814 1939,2814 1966,2816 1993,2817 2019,2817 2046,2818 2073,2817 2100,2817 2127,2816 2154,2815"/>
                <TextEquiv>
                    <Unicode>Verstehst du das?</Unicode>
                </TextEquiv>
            </TextLine>
            <TextLine id="r1l83" custom="readingOrder {index:82;}">
                <Coords points="3072,2822 3137,2822 3151,2834 3219,2826 3342,2832 3343,2782 3316,2791 3296,2779 3222,2785 3131,2775 3113,2787 3093,2769 3072,2772"/>
                <Baseline points="3086,2819 3112,2820 3139,2820 3166,2821 3193,2822 3220,2822 3247,2822 3274,2822 3301,2821 3328,2819"/>
                <TextEquiv>
                    <Unicode>Das Leben ist d</Unicode>
                </TextEquiv>
            </TextLine>
            <TextLine id="r1l84" custom="readingOrder {index:83;}">
                <Coords points="514,2832 1105,2845 1158,2807 1663,2859 1710,2842 1711,2778 515,2777"/>
                <Baseline points="530,2817 588,2816 646,2815 704,2814 763,2814 821,2815 879,2816 938,2816 996,2818 1054,2819 1113,2820 1171,2821 1229,2823 1287,2824 1346,2826 1404,2827 1462,2828 1521,2828 1579,2829 1637,2829 1696,2829"/>
                <TextEquiv>
                    <Unicode>windet, selbst das Allerschwerste selbst das Allerfurchtbarste,</Unicode>
                </TextEquiv>
            </TextLine>
            <TextLine id="r1l85" custom="readingOrder {index:84;}">
                <Coords points="3052,2854 3104,2873 3163,2862 3172,2871 3204,2866 3222,2875 3245,2867 3263,2879 3278,2867 3319,2862 3320,2827 3270,2823 3243,2832 3167,2824 3149,2833 3137,2824 3111,2829 3079,2817 3052,2819"/>
                <Baseline points="3067,2855 3093,2856 3119,2857 3146,2858 3172,2859 3198,2860 3225,2860 3251,2860 3277,2860 3304,2858"/>
                <TextEquiv>
                    <Unicode>Und noch der</Unicode>
                </TextEquiv>
            </TextLine>
            <TextLine id="r1l86" custom="readingOrder {index:85;}">
                <Coords points="524,2871 1467,2897 1702,2879 1703,2838 525,2815"/>
                <Baseline points="540,2863 597,2863 654,2863 712,2864 769,2864 827,2865 884,2865 941,2867 999,2868 1056,2869 1114,2870 1171,2871 1228,2872 1286,2873 1343,2874 1401,2875 1458,2876 1515,2876 1573,2877 1630,2877 1688,2877"/>
                <TextEquiv>
                    <Unicode>sollte über die Eifersucht allein keine Macht haben?</Unicode>
                </TextEquiv>
            </TextLine>
            <TextLine id="r1l87" custom="readingOrder {index:86;}">
                <Coords points="1802,2895 2889,2933 2891,2860 1857,2820 1803,2848"/>
                <Baseline points="1818,2880 1870,2883 1923,2886 1976,2888 2029,2890 2082,2891 2135,2893 2188,2893 2241,2894 2294,2895 2347,2895 2399,2896 2452,2897 2505,2898 2558,2899 2611,2901 2664,2902 2717,2904 2770,2907 2823,2910 2876,2914"/>
                <TextEquiv>
                    <Unicode>Aber Beatrice will sterben. Filit o ladet sie ein, sich</Unicode>
                </TextEquiv>
            </TextLine>
            <TextLine id="r1l88" custom="readingOrder {index:87;}">
                <Coords points="2979,2905 3020,2921 3140,2917 3190,2939 3252,2929 3284,2941 3299,2927 3336,2948 3372,2946 3373,2870 3091,2863 3068,2878 3042,2859 3030,2868 3009,2850 2980,2852"/>
                <Baseline points="2993,2908 3019,2908 3045,2908 3071,2909 3097,2910 3123,2910 3149,2911 3175,2912 3201,2912 3227,2913 3253,2913 3279,2914 3305,2915 3331,2915 3358,2915"/>
                <TextEquiv>
                    <Unicode>In prächtigen Vers</Unicode>
                </TextEquiv>
            </TextLine>
            <TextLine id="r1l89" custom="readingOrder {index:88;}">
                <Coords points="521,2907 1708,2927 1708,2883 1521,2868 1467,2897 521,2875"/>
                <Baseline points="536,2910 593,2910 651,2910 709,2909 767,2910 825,2910 882,2911 940,2912 998,2913 1056,2914 1114,2915 1171,2916 1229,2917 1287,2919 1345,2920 1403,2922 1460,2923 1518,2924 1576,2925 1634,2926 1692,2927"/>
                <TextEquiv>
                    <Unicode>Ist das nicht eine maßlose Ueberschätzung der Eifersucht?</Unicode>
                </TextEquiv>
            </TextLine>
            <TextLine id="r1l90" custom="readingOrder {index:89;}">
                <Coords points="1696,2943 2889,2959 2890,2912 2799,2901 1698,2870"/>
                <Baseline points="1710,2929 1768,2931 1826,2933 1884,2934 1942,2935 2001,2937 2059,2938 2117,2940 2175,2941 2233,2943 2292,2944 2350,2946 2408,2947 2466,2948 2524,2950 2583,2951 2641,2952 2699,2953 2757,2954 2815,2954 2874,2955"/>
                <TextEquiv>
                    <Unicode>noch zum letztenmale an einem Trunk Weines zu erquicken.</Unicode>
                </TextEquiv>
            </TextLine>
            <TextLine id="r1l91" custom="readingOrder {index:90;}">
                <Coords points="2891,2979 2921,2971 2935,2984 2965,2967 3020,2984 3053,2968 3094,2976 3108,2991 3132,2980 3144,2990 3164,2987 3167,2926 3020,2920 2991,2901 2967,2912 2936,2896 2918,2907 2894,2903"/>
                <Baseline points="2906,2951 2933,2953 2960,2954 2988,2957 3015,2958 3042,2960 3070,2961 3097,2961 3124,2961 3152,2959"/>
                <TextEquiv>
                    <Unicode>des Herzogs:</Unicode>
                </TextEquiv>
            </TextLine>
            <TextLine id="r1l92" custom="readingOrder {index:91;}">
                <Coords points="509,2964 1703,2975 1703,2931 511,2905"/>
                <Baseline points="525,2959 583,2958 641,2957 699,2957 757,2957 815,2958 873,2959 931,2960 989,2961 1047,2962 1106,2964 1164,2965 1222,2967 1280,2968 1338,2970 1396,2971 1454,2973 1512,2974 1570,2975 1628,2976 1687,2977"/>
                <TextEquiv>
                    <Unicode>Und wenn Beatrice und Filippo leben bleiben, und wenn</Unicode>
                </TextEquiv>
            </TextLine>
            <TextLine id="r1l93" custom="readingOrder {index:92;}">
                <Coords points="1710,2977 2885,3009 2875,2958 1711,2933"/>
                <Baseline points="1724,2977 1781,2978 1838,2980 1895,2982 1953,2984 2010,2986 2067,2987 2125,2989 2182,2990 2239,2991 2297,2993 2354,2994 2411,2995 2468,2996 2526,2997 2583,2998 2640,2999 2698,3000 2755,3000 2812,3001 2870,3002"/>
                <TextEquiv>
                    <Unicode>Sie stoßen an und trinken, Beatrire aber will auch noch</Unicode>
                </TextEquiv>
            </TextLine>
            <TextLine id="r1l94" custom="readingOrder {index:93;}">
                <Coords points="512,2992 1678,3040 1697,2982 512,2965"/>
                <Baseline points="526,3004 583,3005 641,3005 699,3005 756,3006 814,3007 872,3007 929,3008 987,3009 1045,3010 1103,3011 1160,3012 1218,3013 1276,3015 1333,3015 1391,3017 1449,3018 1506,3019 1564,3020 1622,3021 1680,3022"/>
                <TextEquiv>
                    <Unicode>Beatrice den Filippo liebt, sollte dann Filippo — Filippo,</Unicode>
                </TextEquiv>
            </TextLine>
            <TextLine id="r1l95" custom="readingOrder {index:94;}">
                <Coords points="1706,3043 2887,3073 2889,3008 1708,2987"/>
                <Baseline points="1721,3028 1778,3028 1836,3028 1893,3028 1951,3029 2008,3030 2066,3032 2123,3033 2181,3035 2238,3037 2296,3038 2354,3040 2411,3042 2469,3043 2526,3045 2584,3046 2641,3047 2699,3048 2756,3048 2814,3049 2872,3048"/>
                <TextEquiv>
                    <Unicode>eine letzte Liebeslust vor dem Ende. „Diese Nacht ist unser,</Unicode>
                </TextEquiv>
            </TextLine>
            <TextLine id="r1l96" custom="readingOrder {index:95;}">
                <Coords points="515,3060 1676,3084 1706,3037 516,3010"/>
                <Baseline points="529,3050 587,3050 645,3050 703,3051 761,3052 819,3053 877,3054 935,3055 993,3056 1051,3057 1109,3059 1167,3060 1225,3062 1283,3063 1341,3065 1399,3066 1457,3068 1515,3070 1573,3072 1631,3073 1690,3075"/>
                <TextEquiv>
                    <Unicode>der große Dichter — wirklich ein so kleiner Mensch sein,</Unicode>
                </TextEquiv>
            </TextLine>
            <TextLine id="r1l97" custom="readingOrder {index:96;}">
                <Coords points="1705,3084 2845,3108 2887,3073 1706,3040"/>
                <Baseline points="1721,3077 1778,3076 1836,3076 1893,3076 1951,3077 2008,3077 2066,3079 2123,3080 2181,3081 2238,3083 2296,3085 2353,3087 2411,3088 2468,3089 2526,3091 2583,3092 2641,3093 2698,3094 2756,3095 2813,3095 2871,3095"/>
                <TextEquiv>
                    <Unicode>und beim ersten Grauen des Morgens scheiden wir dann</Unicode>
                </TextEquiv>
            </TextLine>
            <TextLine id="r1l98" custom="readingOrder {index:97;}">
                <Coords points="515,3112 1702,3133 1703,3074 1592,3066 516,3059"/>
                <Baseline points="531,3097 588,3098 646,3100 704,3101 762,3102 820,3103 877,3104 935,3105 993,3106 1051,3108 1109,3109 1166,3109 1224,3111 1282,3112 1340,3113 1398,3114 1455,3116 1513,3117 1571,3119 1629,3120 1687,3122"/>
                <TextEquiv>
                    <Unicode>daß er nicht fähig wäre, in Jahren der Liebe sich über</Unicode>
                </TextEquiv>
            </TextLine>
            <TextLine id="r1l99" custom="readingOrder {index:98;}">
                <Coords points="1700,3136 2070,3120 2466,3160 2505,3126 2757,3160 2887,3142 2888,3101 1701,3086"/>
                <Baseline points="1714,3123 1771,3123 1829,3124 1887,3124 1945,3125 2003,3126 2061,3128 2119,3130 2177,3131 2235,3132 2293,3134 2350,3136 2408,3137 2466,3138 2524,3140 2582,3141 2640,3141 2698,3142 2756,3142 2814,3142 2872,3141"/>
                <TextEquiv>
                    <Unicode>aus dem Dasein.“ — „Das ist nicht mehr in unserer</Unicode>
                </TextEquiv>
            </TextLine>
            <TextLine id="r1l100" custom="readingOrder {index:99;}">
                <Coords points="507,3152 1547,3179 1709,3167 1710,3126 508,3114"/>
                <Baseline points="522,3143 580,3144 639,3145 697,3146 756,3147 815,3149 873,3150 932,3151 990,3153 1049,3154 1108,3156 1166,3157 1225,3159 1283,3160 1342,3161 1401,3162 1459,3163 1518,3163 1576,3163 1635,3163 1694,3163"/>
                <TextEquiv>
                    <Unicode>die paar Stunden hinwegzusetzen, während deren Beatriee</Unicode>
                </TextEquiv>
            </TextLine>
            <TextLine id="r1l101" custom="readingOrder {index:100;}">
                <Coords points="1697,3164 1839,3186 1865,3173 1927,3184 2144,3172 2143,3125 1979,3139 1902,3123 1855,3141 1799,3119 1697,3135"/>
                <Baseline points="1713,3167 1738,3169 1764,3170 1790,3171 1816,3173 1842,3173 1868,3174 1894,3174 1920,3174 1946,3173 1972,3172 1998,3171 2024,3170 2050,3167 2076,3165 2102,3163 2128,3160"/>
                <TextEquiv>
                    <Unicode>Macht, Geliebte.“ —</Unicode>
                </TextEquiv>
            </TextLine>
            <TextLine id="r1l102" custom="readingOrder {index:101;}">
                <Coords points="2157,3187 2700,3206 2730,3183 2871,3205 2894,3203 2895,3162 2643,3132 2545,3151 2507,3127 2466,3159 2281,3132 2157,3157"/>
                <Baseline points="2172,3177 2207,3177 2242,3178 2278,3179 2313,3179 2349,3180 2384,3180 2419,3180 2455,3181 2490,3181 2526,3181 2561,3181 2596,3182 2632,3182 2667,3183 2703,3183 2738,3184 2773,3185 2809,3186 2844,3188 2880,3189"/>
                <TextEquiv>
                    <Unicode>„Wie meinst du das?“ — „Du</Unicode>
                </TextEquiv>
            </TextLine>
            <TextLine id="r1l103" custom="readingOrder {index:102;}">
                <Coords points="508,3211 732,3186 1636,3225 1701,3215 1702,3171 509,3153"/>
                <Baseline points="524,3190 582,3190 640,3191 698,3191 756,3192 814,3193 872,3194 930,3195 988,3197 1046,3198 1105,3200 1163,3201 1221,3203 1279,3204 1337,3205 1395,3206 1453,3207 1511,3208 1569,3209 1627,3210 1686,3211"/>
                <TextEquiv>
                    <Unicode>zwischen ihm und dem Herzog geschwankt hat? Einen</Unicode>
                </TextEquiv>
            </TextLine>
            <TextLine id="r1l104" custom="readingOrder {index:103;}">
                <Coords points="1702,3214 2889,3253 2890,3198 2684,3176 1703,3182"/>
                <Baseline points="1717,3214 1774,3215 1832,3216 1890,3217 1948,3218 2006,3219 2064,3220 2121,3221 2179,3221 2237,3222 2295,3223 2353,3224 2411,3225 2469,3226 2526,3227 2584,3228 2642,3230 2700,3232 2758,3233 2816,3235 2874,3237"/>
                <TextEquiv>
                    <Unicode>trägst den Tod bereits in dir. Aus diesem Becher hast du</Unicode>
                </TextEquiv>
            </TextLine>
            <TextLine id="r1l105" custom="readingOrder {index:104;}">
                <Coords points="506,3262 2886,3298 2797,3234 508,3201"/>
                <Baseline points="522,3235 639,3239 757,3242 874,3246 992,3249 1109,3252 1227,3255 1344,3257 1462,3260 1579,3262 1697,3264 1814,3266 1932,3269 2049,3271 2167,3273 2284,3276 2402,3279 2519,3282 2637,3285 2754,3288 2872,3292"/>
                <TextEquiv>
                    <Unicode>Versuch, zu leben, müßten die Beiden jedenfalls machen, ihn getrunken.“ Beatrice schreit auf vor Entsetzen. Jetzt,</Unicode>
                </TextEquiv>
            </TextLine>
            <TextLine id="r1l106" custom="readingOrder {index:105;}">
                <Coords points="517,3302 2897,3352 2743,3284 518,3258"/>
                <Baseline points="533,3289 650,3291 768,3293 885,3295 1003,3297 1120,3300 1238,3302 1355,3304 1473,3307 1590,3310 1708,3312 1825,3314 1943,3317 2060,3319 2178,3321 2295,3324 2413,3326 2530,3328 2648,3330 2765,3331 2883,3333"/>
                <TextEquiv>
                    <Unicode>und würden sicherlich in der Wirklichkeit zwei Menschen wo der Tod kein Wort mehr ist, sondern Wirklichkeit —</Unicode>
                </TextEquiv>
            </TextLine>
            <TextLine id="r1l107" custom="readingOrder {index:106;}">
                <Coords points="3267,3367 3314,3362 3338,3370 3355,3363 3376,3365 3373,3309 3352,3310 3347,3316 3337,3308 3332,3314 3329,3311 3317,3315 3312,3321 3293,3310 3264,3314"/>
                <Baseline points="3280,3352 3306,3351 3333,3350 3360,3348"/>
                <TextEquiv>
                    <Unicode>at, so</Unicode>
                </TextEquiv>
            </TextLine>
            <TextEquiv>
                <Unicode>box 20/4
14. Der SchleienderBeatrice
innig geliebte Frau wegzujagen, weil sie von einem
machen, die sich in ähnlicher Lage befänden. Der Grund ietzt packt sie das G##
Anderen geträumt hat.
zum Selbstmord ist absolut nicht ausreichend. Anatol¬
sie gegen Filippo und
In Wirklichkeit hört er, wie sich das ja von selbst
Stimmungen, nichts als Anatol=Stimmungen. Man tödtet] sie leben — leben!
versteht, nicht auf, die im Traum Ungetreue zu lieben.
sich doch wahrhaftig nicht deßhalb, weil man Angst hat,
sagt Filippo kalt. #
Und er hat das Glück, daß sie zu ihm zurückkehrt.
auf einander eifersüchtig zu sein. Und selbst wenn die
habe dich nur prüfen
Beatrice, die inzwischen des Herzogs Gemalin geworden
Angst sich als begründet erwiese, in der Wirklichkeit würde
Gift und bricht todt zu
ist, verläßt, wie erwähnt, in der Hochzeitsnacht das
man weiterleben. Denn es ist immer noch besser, lebendig
den Leichnam. „Erw#
herzogliche Schloß und eilt in das Haus des
zu sein mit einer schönen Geliebten, auf die man eifer= wollen fliehen — fliehe
Dichters. Sie kommt, um mit ihm zu sterben.
süchtig ist, als todt zu sein und nicht eifersüchtig.
todt bleibt, stürzt sie
Warum eigentlich nur diese Beiden so mit aller
Die Scene, in der sich dies Alles abspielt, ist, was
„Leben!“
Gewalt sterben wollen? Es scheint, daß es in diesem
Bühnenwirkung anlangt, die bedeutendste des Stückes und
Eine schöne Scenc
Drama nur zwei Möglichkeiten gibt: lieben oder sterben.
zeigt Schnitzler's dramatische Begabung im hellsten Lichte.
wüßte, warum Filipt
Sobald in der Liebe nicht Alles geht, wie es gehen sollte,
Filippo sucht Beatrice zum Leben zu überreden und
zu Beatrice ist erlosche
muß unbedingt sofort gestorben sein Auch darin zeigen
schildert das Sterben und das Nichtsein mit einer poetischen
und da er gesehen
die Personen des Dramas die Launenhaftigkeit verwöhnter
Kraft, welche die Behauptung des Autors doch immerhin
Entschluß
ihm in
Kinder, daß sie das Dasein gleich ganz wegwerfen wollen,
wahrscheinlich macht, daß dieser Filippo Loschi, dessen
mi
wenn es sich anders gestaltet, als sie verlangen. Filippo
Lieder nicht mitgetheilt werden, ein Dichter ist. Er sagt zu
selber fühlt es, daß doch eigentlich kein rechter Grund
Beatrice:
zum Sterben vorliegt, und sucht Beatrice zum Leben zu
Schau um dich!
überreden. „Nein,“ sagt Beatrice, „wir können nicht weiter¬
All dies ist Dasein — das bist du, das ich,
leben nach einem solchen Tage. Du würdest mich zu sehr
Hier unten ruht die Stadt, drin athmen Menschen,
Dort stürzt ins Weite Straß' und Straße hin
quälen. Und Ekel würde uns erfassen.“ Das ist noch gar
Ins Land, ans Meer — und überm Wasser wieder
nicht einmal ausgemacht. Jedenfalls könnten zwei Leute,
Meitschen und Städte; — ober uns gebreitet
die so viel Freude daran finden, mit einander zu sterben,
Dies blauende Gewölbe und sein Glanz,
sich auch im Leben Mancherlei bieten. Filippo freilich ist
satz zi
Und Alles dies ist unser, denn wir sind!
Und morgen schon gehört es uns so wenig,
überzeugt, seit er das Wort „Ekel“ gehört hat. „Ränn'
Als alles Lichtes Wunderfülle Blinden,
unser Leben weiter — den Schmutz der letzten Stunden
und,
Gelähmten aller Wege Lust und Fernen.
kümt
nießt, was
brächten wir nie wieder fort!" Das heißt doch recht
Bedenk': ein hundertjähr'ger Greis ist jünger,
spricht er selbst aus i
gering vom Leben denken. Das Leben, das Alles über¬
An Hoffnung reicher, als wir Beide sind —
Verstehst du das?
Das Leben ist d
windet, selbst das Allerschwerste selbst das Allerfurchtbarste,
Und noch der
sollte über die Eifersucht allein keine Macht haben?
Aber Beatrice will sterben. Filit o ladet sie ein, sich
In prächtigen Vers
Ist das nicht eine maßlose Ueberschätzung der Eifersucht?
noch zum letztenmale an einem Trunk Weines zu erquicken.
des Herzogs:
Und wenn Beatrice und Filippo leben bleiben, und wenn
Sie stoßen an und trinken, Beatrire aber will auch noch
Beatrice den Filippo liebt, sollte dann Filippo — Filippo,
eine letzte Liebeslust vor dem Ende. „Diese Nacht ist unser,
der große Dichter — wirklich ein so kleiner Mensch sein,
und beim ersten Grauen des Morgens scheiden wir dann
daß er nicht fähig wäre, in Jahren der Liebe sich über
aus dem Dasein.“ — „Das ist nicht mehr in unserer
die paar Stunden hinwegzusetzen, während deren Beatriee
Macht, Geliebte.“ —
„Wie meinst du das?“ — „Du
zwischen ihm und dem Herzog geschwankt hat? Einen
trägst den Tod bereits in dir. Aus diesem Becher hast du
Versuch, zu leben, müßten die Beiden jedenfalls machen, ihn getrunken.“ Beatrice schreit auf vor Entsetzen. Jetzt,
und würden sicherlich in der Wirklichkeit zwei Menschen wo der Tod kein Wort mehr ist, sondern Wirklichkeit —
at, so</Unicode>
            </TextEquiv>
        </TextRegion>
    </Page>
</PcGts>
