3484 4352
1935 220 2398 318 box 20//3
264 259 1772 337 14. Der Schleier der Beatrice
1800 892 1912 958 436
1196 1070 2661 1146 Das Theaterstück, ohne dichterische Ausschweifung, von besseren Literaten
1061 1151 2654 1199 gemacht, war ein Merkmal dieses Winters. Die beiden Kramer, der Alte und der
1067 1190 2656 1244 Junge, haben durchaus keine Verwandten. Ein Kleinbürgertum der Dichtung gewinnt
1066 1227 2657 1279 an Raum. Sie nehmen das Feuer vom Altar in die Küchenöfen. Daneben blüht
1066 1284 2647 1330 ein neuer Spezialismus. Vom Rosenmontag sprach ich. Wie grob ist dagegen
1078 1319 2647 1373 Otto Ernst, der nicht Offizierssitten, sondern die Volksschule bearbeitet. Dieses
1074 1364 2645 1422 Verräterchen wälzt sich im Spießertum. Max Dreyer richtet seinen Ewigkeitsfern¬
1072 1405 2659 1468 blick auf die Siegesallee. Er verdammt kgl. Hochschulen für bildende Kunst.
1076 1448 2659 1504 Dreyer hat das fatale Format: zureichend geschickten Bau. Plattdütsche Trautheit
1083 1488 2268 1563 zwischendurch. Er ist der geborene evangelische Schriftsteller.
1197 1523 2647 1593 Welch ein Phantaft, gegen sie alle, bleibt der Sudermann des Johannisfeuers.
1082 1577 2653 1635 Er sprießt auf, wo die Gartenlaube geschlechtlich wird. Er verschmäht kleine Tempe¬
1077 1627 1639 1684 riertheiten. Lernt von ihm.
1195 1670 2031 1734 Dreyer ist der Chef der Handwerkerschule.
1809 1772 1913 1843 VI.
1197 1832 2648 1903 Auch neue Gründungen wie das Ueberbrettl hatten den kleinbürgerlichen Zug.
1073 1870 2656 1952 Das Ueberbrettl dachten wir uns überlegener, kämpferischer. Ist Herr von Wolzogen
1069 1940 2664 2012 ein Europäer? Freilich. Er hat, obschon von Adel, in der Kunst die Witterung
1079 1982 2108 2040 des Mittelstands. Er schuf eine Anstalt für diesen.
1202 2023 2664 2092 Der Geheimbund „Schall und Rauch“ wirkt als cabaret Bedeutenderes.
1076 2058 1895 2140 Giebt wenigstens himmlische Parodistica.
1207 2100 2661 2168 Gegen das Mittelständige wollte die Secessionsbühne fechten. Sie brachte
1087 2157 2669 2211 die Komödie der Liebe, das Gewagteste von Maeterlinck, Hofmannsthal mit der
1087 2209 2670 2262 feinen Egoistenkunst, wo sie weicher, ausgekleideter, voller und wärmer in dem Ge¬
1085 2250 2675 2303 dicht vom Thoren auftritt, stellte Wassermann vor, gab Courteline, leider nicht
1073 2303 2684 2367 Wedekind. Grausenvoll, ein nächtiges Raubtier mit starren Augen, lugte im Hinter¬
1084 2341 2482 2412 grund ein mystischer Dalles. Auch sie landete zuletzt beim Spießerstück.
1189 2388 1833 2449 Immerhin: sie hatte protestiert.
1814 2477 1930 2542 VII.
1196 2552 2662 2617 Der übergangene Schulnaturalismus kam einmal zum Wort mit Schlafs
1084 2606 2681 2672 Oelze. Spiegelt er die Wirklichkeit? Der wirkliche Oelze ist größer als bei
1082 2650 2675 2696 Schlaf. Hier wird der Abgrund provinziell, der Mord hausbacken. Schlaf ist ein
1082 2696 2673 2753 deutscher Goncourt. Ein Versuchskünstler. Auch ihn umstrahlt die dunkle Gloria
1087 2740 2603 2787 der Schlemihle. Seinem grundsätzlichen Mut haben wir jedenfalls zu danken.
1220 2782 2668 2827 Schlaf kommt nicht zur Größe vor Ueberfluß an kleinen Bestandteilen.
1092 2828 2667 2888 Björnson kommt nicht zur letzten Größe aus Mangel an kleinen Bestandteilen. Er
1095 2881 2669 2931 giebt Felsstürze, Dynamitexplosionen. „Ueber unsere Kraft“ zweiter Teil, brachte
1096 2920 2671 2970 die stärkste Theaterwirkung seit 1894. Björnson ist ein Ueberblicker. Er sieht Um¬
1084 2963 2672 3017 risse. Er enthüllt am sozialen Kampf nicht die verborgenste Seele der zwei Wider¬
1094 3004 2662 3058 sacher: er zeigt vor allem die Gefahr des Zusammenstoßes. Björnson ist immer
1087 3060 2672 3117 noch stark und klar wie ein Bauer, wirksam wie ein Schauspieler, salbungsvoll
1094 3094 1417 3152 wie ein Pastor.
1215 3139 2672 3202 Beide wurden aufgeführt von Paul Lindau. Auch Schlaf, den er vor elf Jahren
1091 3164 2671 3243 bekämpfte. In der Freien Bühne vom 16. April 1890 rufen Schlaf und der neben¬
1097 3229 2674 3278 sächlichere Holz: „Scheemste Dir denn janich?“ Auch Wagners Bedeutung habe
1088 3272 2675 3328 Linbau zu spät erfaßt. „Jenau so wird't Dir nu in Deine ollen ehrwirdjen Dage
1093 3318 2674 3377 ooch wieder mit den sojenannten Naturalismus jehn . ... Dir Aas kenn' ick doch?“
1224 3363 2669 3417 Die Zeit verstreicht. Brahm redigierte 1890 diese milden Sätze. Heut ist
1103 3383 2671 3464 Lindau der Fortschreitende, Brahm der Zurückgebliebene. Lindau ging vom Un¬
1091 3448 2672 3506 wesentlichen zum Wesentlichen, Brahm vom Wesentlichen zum Unwesentlichen.
1104 3492 2679 3546 Lindau hat schwache Darsteller und wagt Bedeutendes. Brahm hat starke Dar¬
1096 3531 2677 3590 steller und wagt überhaupt nichts. Der Eine blickt auf eine spät erwachende
