3248 4256
345 157 1846 268 14. Der Schleien der heatrice
879 981 1285 1052 Telefon 12801.
402 1086 1739 1160 Alex. Weigl’s Unternehmen für Zeitungs-Arsschnitte
1414 1147 1599 1212 Ausschaltt
1446 1162 1726 1293 Nr. 31
395 1166 1378 1315 IRUE „OBSERVER“
353 1286 1794 1371 I. österr. behördl. conc. Bureau für Zeitungsberichte u. Personalnachrichten
519 1376 1634 1464 Wien, IX, Türkenstrasse 17.
750 1438 1423 1534 Filiale in Budapest: „Figyeló“ —
341 1520 1786 1589 Vertretungen in Berlin, Chicago, Genf, London, Newyork, Paris, Rom, Stockholm
339 1631 896 1737 Ausschnitt aus:
977 1636 1616 1748 Neues Viener Journal
350 1774 960 1895 vom 7. (000
554 1855 737 1941 114.
679 1931 1587 2082 Theater und Kunst.
512 2073 1724 2142 Schuitzler's „Der Schleier der Beatriee“.
590 2150 1754 2224 Ueber die Erstaufführung von Schnitzler's
481 2197 1754 2265 „Der Schleier der Beatrice“ in Breslau
476 2237 1756 2315 wird uns von dort telegraphirt: Das Stück spielt in dem
481 2301 1741 2349 belagerten Bologna, Anfangs des 16. Jahrhunderts. Francesco
480 2357 1736 2417 verheiratet an den Jüngling Vittorino seine Schwester Beatrice,
480 2392 1745 2457 die frühere Geliebte des Dichters Filippo. Auf dem Hochzeitsweg
491 2441 1749 2512 begegnet ihnen der Herzog Bertivoglio. Er will sie keck mitnehmen.
484 2492 1746 2564 Sie ist bereit ihm anzugehören, wenn er sie zu seiner Gattin
481 2538 1744 2606 machen will. Er ist im ersten Augenblick von dieser Zumuthung
488 2589 1747 2646 überrascht, dann willigt er ein. Vittorino ersticht sich. Ein
387 2591 486 2671 Für
486 2640 1753 2707 glänzendes Hochzeitsfest findet statt. Während des Mahles schleicht
478 2686 1758 2751 sie, von Sehnsucht getrieben, zu Filippo. Ihm will sie angehören.
483 2732 1768 2798 Er stößt sie zurück, nimmt Gift und stirbr. Sie flieht von der
401 2779 480 2835 „
481 2775 1741 2830 Stätte des Todes, läßt aber ihren Schleier zurück. Ihr Ver¬
488 2822 1771 2913 schwinden wird bald bemerkt. Der Herzog fragt, wo sie gewesen.)
353 2864 1744 2944 Abonn Sie lügt ihm etwas vor, wird aber mit dem Tode bedroht, wenn
353 2905 494 2976 Abon
484 2927 1746 2990 sie nicht den Schleier wieder bringt. Aus Todesfurcht wagt sie es
479 2987 1776 3050 nicht, will ihn jedoch holen. Der Herzog soll sie begleiten. Beideg
361 3028 1760 3082 Inhal begeben sich in das Gemach Filippo's und heben den Schleier auf.)
365 3076 1769 3127 blüt Der Herzog verzeiht, will hier die Brautnacht halten, stößt dabeis
369 3124 1753 3204 wollur auf die Leiche. Nun versteht er Alles. Inzwischen dringen Hochzeits=
368 3167 1669 3251 werde, gäste herein, darunter Francesco. Er ersticht seine Schwester.
591 3213 1742 3284 Die Aufnahme des Stückes, das sich als sehr wirksam er¬
485 3250 1742 3333 wies, war eine getheilte. In den starken Applaus mischte sich
487 3313 1743 3382 kräftige Opposition. Da, wo das Stück versagte, trifft die Schuld
478 3354 1736 3440 die gänzlich ungenügende Besetzung der Beatrice. Die Darstellerin!
487 3417 1730 3472 gab sich mit ihrer schwierigen Rolle alle Mühe, erzielte aber nur
476 3460 1743 3521 eine quälende Wirkung. Sehr gut hielten sich die Herren
477 3514 1734 3582 Lettinger als Filippo und Jessen als Herzog. Die zahl¬
479 3564 1742 3642 reichen kleineren Rollen waren meist ungenügend besetzt. Die Aus¬
489 3600 1743 3672 stattung war glänzend, die Regie ihrer Aufgabe vollauf ge¬
484 3659 1743 3728 wachsen. Der dritte und vierte Act hatten starken Erfolg. Nach
467 3681 1765 3784 diesen beiden erschien Schnitzler. Nach dem Schlußact
463 3747 1253 3836 hatte die Opposition wieder Oberhand.
2017 171 2442 263 box 20/2
2381 1252 2792 1332 Telefon 12801.
1912 1362 3242 1446 Alex. Weigl's Unternehmen für Zeitungs-Ausschnitte
2911 1426 3112 1502 Ausschnitt
2251 1467 3255 1583 „OBSERVER“ Nr. 48
1844 1561 3256 1649 I. österr. behördl. conc. Bureau für Zeitungsberichte u. Personalnachrichte
2030 1640 3121 1737 Wien, IX. Türkenstrasse 17.
2233 1718 2935 1816 Filiale in Budapest: „Figyeló“ —
1848 1866 3256 2008 Aussennitt ans: Gzendauer =Margennecte.
1856 2047 2407 2171 von. 3/42. 4890.
3016 2263 3139 2338 S
1985 2323 3214 2385 F. Im Lobetheater entfesselte soeben das neue Schnitzler=Drama
1931 2364 3214 2425 „Der Schleier der Beatrice", das von seiner Geburt an hazuf
1937 2401 3219 2462 bestimmt schien, schwere Conflicte heraufzubeschwören, den Sturm Ver
1922 2438 3225 2505 Meinungen. Es ist ein kühnes, bizarres Werk von einer wilden Wucht
1931 2478 3210 2542 der Conception, die Niemand dem melancholischen Verfasser des „Anatol“
1926 2505 3227 2569 zugetraut hätte. Schnitzler reckt hier die Hände nach dem Höchsten undi
1925 2556 3228 2617 mehr als einmal erreicht er sein Ziel. Die blutigen, herrlichen Zeiten der¬
1929 2592 3231 2642 Kunst und Krieg so wunderbar mischenden Renaissance dichterisch zu ge¬
1931 2616 3233 2690 stalten, ist oftmals gerade in der letzten Zeit versucht worden, aber Schnitzler
1930 2663 3238 2733 ist der Einzige, den sein Stoff nicht überwältigte. Wird dieses Drama so
1931 2706 3256 2787 gespielt, wie es gespielt werden muß, in prangendem Rahmen
1945 2738 3242 2822 ind von edelbürtigen Künstlern, so, meine ich, müßte das Publikum
1968 2782 3241 2842 lein von den theatralischen Qualitäten des Werkes sich begeistern lassen.
1964 2836 3243 2877 ier wurde es dem „Schleier der Beatrice“ nicht so gut. Trotz langer,
1893 2868 3236 2935 Für iger Vorbereitung blieb die Darstellung im Großen wie im Kleinen
1970 2890 3238 2953 in Schauspiel Schnitzler's Vieles, das Meiste schuldig. Neben den vor¬
1914 2925 3256 2986 ##lefflichen Herren Jessen (Herzog) und Lettinger (Dichter Loschi) stand
1910 2981 1953 3036 „
1972 2987 3256 3036 #i#e ganze Reihe von Darstellern, die nur aus Gründen der Noth zu
1910 3029 1946 3059 9
1969 3027 3242 3073 hren Rollen gekommen waren und vor Allem erfüllte Frl. Konrad, so
1900 3045 1950 3122 9
1941 3056 3175 3110 ##erraschend ihr Manches glückte, weder als Persönlichkeit, noch e
1941 3103 3240 3145 kunstlerin die gewaltigen Ansprüche der das Stück beherrschenden
1851 3110 3248 3197 AbonMädchengestalt. Aus diesem Versagen der Darstellung erklärt sich wohld
1867 3157 3247 3241 Abowie starke Opposition, die nach dem 3. Acte trotz der Anwesenheit des
1948 3199 3256 3269 Dichters einsetzte und selbst vor seinem Erscheinen auf der Bühne nicht
1941 3261 3097 3306 versiummte. Am Dienstag mehr über den interessanten Abend.
1857 3312 3256 3370 Inhaftsangabe aller wichtigen Mittheilungen der Wiener Morgel
1860 3357 3248 3407 blätter (Tagesjournale ausser „Neue Freie Presse“ und „Wiener Zeitung
1862 3399 3256 3448 wodurch eine Uebersicht über das gesammte politische und wirthschaftliche Lebe
1854 3436 3255 3481 des In- und Auslandes in drastischer Kürze geboten wird. Diese Mittheilung
1865 3470 2664 3533 werden in Wien um 9 Uhr Früh verschickt.
2155 3530 2998 3631 Prospecte gratis und franco.
