3484 4224
1921 215 2364 317 box 20/6
1324 237 1407 304 B
255 231 1786 336 14. Der Schleier der atrice
2348 1419 3339 1519 jungen Soldaten Francesco, der die geliebte Schwester
1726 1449 2007 1517 Beatrice.
379 1466 1376 1529 die Seite des Borgia schlagen und ihm die Thore der!
2352 1492 3346 1556 in den drohenden Verhältnissen unter sicherem Schutz
1597 1474 2070 1559 Sollt ich nicht kommen?
385 1513 1369 1572 Stadt öffnen werde. Die Gefahr, die über Bologna
2346 1525 3339 1600 wissen möchte, überreden, dem scheuen Vittorino die
1438 1533 2278 1628 Nein, wie du seltsam bist! Was ist dir nur?
379 1551 1367 1632 brütet, rückt mit jedem Augenblick näher. Eine Ver¬
2351 1570 3339 1636 Hand zum ehelichen Bund zu reichen. Man beschließt,
1742 1589 1992 1647 Filippo.
385 1601 1370 1676 zweiflung ohnegleichen erfaßt die Gemüter. Man
2350 1605 3338 1666 sogleich in die Kirche zu gehen. Unterwegs begegnen sie
1440 1622 2043 1711 Kommst so beschmutzt hieher —
378 1647 1373 1715 wähnt, der jüngste Tag sei gekommen. Alles bereitet
2357 1650 3343 1725 dem Herzog, dem die schöne Beatrice bereits vor einigen
1732 1671 2010 1735 Beatrice
392 1694 1366 1764 sich auf schmachvollen Untergang vor. Nur an dem ge¬
2357 1695 3349 1764 Stunden aufgefallen ist. Er redet sie an. Doch sie
1503 1712 2220 1798 (leise, als hätte er sie mißverstanden).
390 1754 1385 1808 feierten Dichter Filippo Loschi prallen alle diese
2367 1742 3342 1809 schweigt. Sie bleibt nur wie versteinert vor ihm stehen
1608 1763 2087 1825 Ein Traum wars doch!
378 1787 1373 1848 Schrecken und Gefahren wie an einem kalten Felsen
2364 1770 3351 1858 starrt ihn mit großen Augen an und schweigt. Ihr ists,
1743 1812 1987 1871 Filippo.
391 1821 1370 1896 ab. Er hat keinen Sinn für das Schicksal seiner
2362 1826 3347 1902 als sollte jener schöne Traum Wirklichkeit werden. In
1449 1843 2194 1912 Ich wollt', es wäre Wahrheit, Beatrice!
380 1873 1368 1935 Heimat. Ihm ist nur eins Wahrheit: Glück, woher es
2358 1877 3339 1946 dem Herzog aber, diesem weisen Epikuräer, wie er vom
1453 1885 2230 1949 So könnt ich eher ohne Schmerz und Ekel
381 1902 1378 1969 kommt: Und dieses Glück besitzt er, seitdem er vor
2354 1914 3347 1991 Dichter mit wenigen Strichen trefflich gezeichnet ist,
1447 1938 2225 1991 Dich sehn; das Leben selbst thut alles ab.
379 1945 1379 2018 drei Tagen der schönen Tochter eines Wappenschneiders
2370 1953 3351 2031 weckt sie heiße Wünsche. Morgen muß er sich mit dem
1454 1978 2206 2043 Doch Träume sind Begierden ohne Mut,
383 2001 1378 2067 Beatrice Nardi begegnet ist, einem sechzehnjährigen
2373 1993 3354 2077 Borgia messen und er weiß, daß er unterliegt. Und
1459 2028 2287 2087 Sind freche Wünsche, die das Licht des Tags
385 2041 1382 2112 Kinde, kaum von den ersten Ahnungen der Lust be¬
2364 2048 3350 2116 so will er denn noch einmal, in dieser letzten Nacht, das
1454 2071 2182 2139 Zurückjagt in die Winkel unsrer Seele,
395 2080 1383 2158 rührt. Ihm wiegt sie alles: Ruhm, Ehre, Vaterland,
2382 2092 3344 2168 Glück umarmen. Er wirbt um Beatrice und bittet sie
1450 2087 2270 2174 Daraus sie erst bei Nacht zu kriechen wagen;
394 2134 1384 2204 Kunst auf. Indes die schrecklichsten Gerüchte durch die
2388 2142 3332 2225 auf sein Schloß. Doch sie läßt sich nicht kaufen. Auch
1448 2159 2269 2227 Und solch ein Traum, mit ausgestreckten Armen,
397 2171 1380 2244 Straßen toben, sitzen die beiden im Garten des
2387 2189 2833 2258 nicht um hohen Preis:
1453 2205 2188 2255 Sehnsüchtig läßt er, durstig dich zurück.
393 2220 1376 2287 Filippo, abgeschlossen von der Welt, taub gegen alles,
2440 2224 3288 2316 „. .. behaltet alles, Herr, es nützt mir nichts,
1449 2244 2254 2308 So wenig warst du mein, daß schlossest du
395 2266 1378 2336 was um sie herum vorgeht. Sie erzählt ihm in ihrer
2438 2295 3027 2358 Doch nehmt zur Gattin mich!“
1449 2297 2166 2359 Die Augen, deine Seel' auf Abenteuer
383 2286 1388 2382 naiven Art, was sie in den letzten Stunden durchlebt.
2424 2304 3340 2389 Die Höflinge fahren höhnisch auf. Sie verlangen,
1456 2325 2193 2406 Ausfliegen konnte, und ich war dir nur
398 2357 1374 2430 Sie sah den Herzog, den man bereits aufgegeben hatte,
2367 2370 3355 2450 das Mädchen möge ihre Frechheit nach Gebühr büßen.
1458 2361 2253 2444 Von Tausend Einer, kniete wie die andern
398 2400 1381 2454 in die Stadt einrücken. In der Schwüle des Tages
2385 2426 3016 2502 Allein der Herzog antwortet ruhig:
1455 2419 2318 2480 Vor dir und war dir nichts und bin dir nichts,
393 2449 1378 2508 ging sie hierauf auf ihre Kammer und entschlummerte.
2422 2450 3291 2534 „Ich nehme dich zum Weib, wie du verlangst!“
1461 2466 2257 2541 Ich, der dir so viel gab, als du nicht ahnst,
386 2477 1391 2549 Und da träumte sie, sie wäre Herzogin und alle ihre
2742 2512 3000 2580 Beatrice
1468 2513 2192 2573 So viel, daß meiner Liebe wert zu sein,
388 2521 1397 2593 Bekannten und auch Filippo knieten vor ihrem Throne.
1453 2555 2200 2617 Dich Ekel fassen müßte, wenn du denkst,
2409 2530 3315 2626 (reicht ihm die Stirn; er küßt sie. — Bewegung).
389 2571 1379 2637 Und dann war sie im Gemach des Herzogs, sah das
1467 2602 2198 2669 Es leben andre Männer auf der Welt!
2750 2618 2985 2674 Herzog:
389 2616 1384 2692 helle Leuchten seiner Augen, fühlte den Hauch seiner
1453 2617 2298 2697 Und du willst, daß gefäll'gem Eh'mann gleich
2471 2662 2982 2741 .... Nun komme, Beatrice!
400 2665 1389 2737 Lippen — und erwachte. Ein wunderlicher Traum!
1458 2691 2253 2767 Ich fremden Kuß von deinen Lippen trinke
2728 2707 3014 2769 Beatrice:
402 2715 857 2785 Doch Filippo fährt auf:
1463 2735 2323 2810 Und kommst daher als Dirne deines Traums!
2591 2758 2998 2824 Nein, mein Fürst!
757 2762 1035 2841 „Filippo.
1455 2782 1785 2844 Geh, Beatrice!“
2449 2775 3219 2868 Nun will ich Euer treu zu Hause warten,
1442 2808 2384 2880 Er schickt sie fort. Beatrice geht nun nach Hause
615 2827 839 2896 Beatrice!
1357 2831 3236 2935 und läßt sich von ihrem übermütigen Bruder, dem Bis Gott aus Kriegsgefahren Euch entläßt!
474 2873 1031 2972 Und so kommst du zu mir!
