3436 4448
695 184 767 251 S
837 183 900 252 11
1347 185 1429 257 B
1940 185 2414 290 box 20/6
264 181 1873 301 14. Der1er der atrice
1188 1269 1511 1357 25. Mai 1925
1848 1272 2100 1378 Seite 5
1229 1385 1800 1510 Burgtheater.
1210 1489 1819 1591 Versagen ohne Ende.
1027 1565 2094 1641 Zu der Erstaufführung von Schnitzlers „Der Schleier
948 1628 2101 1703 der Beatrice“ ist statt jeder besonderen Kritik folgendes
945 1666 1380 1753 nüchtern festzustellen:
1040 1702 2038 1786 1. Es ist richtig, daß das Burgtheater die Pflicht —
938 1778 2094 1848 hätte, diese reizvolle Dichtung, die man trotz manchen Schwä¬
941 1828 2100 1868 chen den guten Schnitzlers zuzählen darf, endlich einmal auf¬
944 1869 2093 1934 zuführen. Die Seelendämmerung, in die dieses Renaissance¬
937 1917 2086 1981 Schauspiel getaucht ist, widerstreitet nur scheinbar dem
939 1972 2090 2028 Theater, das auf dunkle Lebensrätsel, auf geheimnisvolle
942 2017 2093 2065 Stimmen des Blutes, auf Irrlichter des Lebens und Ster¬
937 2066 2090 2129 bens, wie sie gerade Schnitzler in allen erdenklichen Wand¬
939 2105 2092 2175 lungen aufglühen und aufglimmen läßt, sich einzustellen
944 2161 1329 2234 längst gelernt hat.
1037 2199 2096 2274 2. Es ist tief bedauerlich, daß das Burgtheater, das
938 2230 2087 2320 in erster Linie berufen sein sollte, dem Wiener Dichter ge¬
942 2300 2097 2377 recht zu werden (weil sein Bologna letzten Endes ebenso an
942 2350 2096 2409 der Donau liegt wie sein Spaa), wohl Versäumtes nachzuholen
944 2406 2087 2467 bereit, aber gutzumachen nicht mehr fähig ist. Ihm fehlen
945 2447 2094 2519 so ziemlich alle Kräfte, die diesem Werke Leben geben könnten;
945 2507 2101 2562 auf dem Wege vom Buch zur Bühne mißlingt ihm jegliches
943 2551 2090 2607 Streben, die Funken zum Feuer anzufachen; kalt steht es
940 2595 1918 2671 auf den Brettern, fremd und fern uns gegenüber.
1028 2637 2096 2705 3. Im entscheidenden Aufzug, da in Bolognas letzter
941 2672 2092 2742 Nacht das Leben zu letzten Flammen auflodert und orgiasti¬
936 2730 2089 2800 scher Taumel Weiblein wie Männlein ergreift, läßt nicht
946 2781 2085 2857 nur die Spielleitung, sondern auch das stimmungslose und
946 2832 1872 2896 zweckwidrige Bühnenbild selbst völlig im Stich.
1046 2877 2086 2961 4. Der Dichter ist entschieden gegen den falschen Ein¬
934 2925 2089 2996 druck in Schutz zu nehmen, den im Burgtheater alle empfan¬
941 2978 2083 3050 gen mußten, die den „Schleier der Beatrice“ zuvor nicht
939 3035 2085 3109 kannten, Sein Heil liegt bei jenen, die sich vom Hören
940 3071 1324 3145 ins Lesen flüchten.
1045 3100 2081 3202 5. Die Aufgabe, das Schauspiel dem Theater (mit nicht
939 3162 2084 3246 zu bezweifelndem Erfolg) zu geben, harrt weiter der Lösung.
1858 3224 2043 3295 M. M.
1190 3301 1788 3405 „Soll man es sagen?“
1028 3390 2079 3457 Im Alademietheater hat uns das Burgtheater
933 3448 2084 3502 tags darauf einen sehr heiteren Abend beschert. A Latzko
940 3484 2085 3552 hat den famosen Einfall gehabt, einen alten Schwank von
940 3543 2077 3597 Labiche „Soll man es sagen?“ frei zu bearbeiten,
941 3591 2088 3649 eine jener französischen Wer=für=wen=Komödien, in denen es
940 3636 2081 3703 toll drunter und drüber geht. Der Zuhörer, plötzlich zum
941 3697 2078 3758 Gehirnakrobaten verurteilt, kommt nicht zur Besinnung. Dazu.
939 3736 2082 3803 hatte die Spielleitung Hans Brahms Bühnenbilder und
932 3780 2081 3856 Darstellung sehr geschickt ironisiert; die Kulissen, auf denen
941 3826 2074 3900 MDaral#„„ r
