3392 4320
1925 167 2369 282 box 20/4
234 183 1784 303 14: Der Schleier der Beatrice
2655 1198 2821 1291 145
1639 1199 2377 1295 F. Lienhard, Vom deutschen Theater.
170 1220 846 1324 Lienhard, Vom deutschen Theater.
1454 1297 2812 1378 So, unwissentlich, was sie verschuldet, ist sie heimgekehrt und hat sich
152 1335 1275 1407 ge, seelisch rätselhafte Beatrice ist die Heldin; ihr Ver¬
1332 1354 2806 1440 zur Ehe mit Vittorino bereit erklärt, „ausruh'n möchte ich bei dir, weil ich
150 1404 1281 1471 ännern innerhalb dreier Tage ergibt des Stückes Inhalt.
1343 1385 2820 1497 so müde bin“. Und nun da sie dem Herzog begegnet, gewinnt der Traum
150 1459 1284 1536 keine äußerliche Rolle. Will man ihn sinnbildlich nehmen,
1343 1456 2813 1548 wieder über sie Gewalt — von Filippo verstoßen um einen Traum, glaubt sie
148 1508 1282 1580 en: ein Nebelschleier liegt über dem Labyrinth dieser
1354 1501 2828 1590 sich frei und verspricht sich dem Herzog. Doch da die Trauung vollzogen, eilt
1340 1549 2815 1633 sie vom lärmenden Hochzeitsfest durch den lichtdurchflackerten Garten, dann
156 1566 1283 1636 wie bei Schnitzler oft — des Weibes überhaupt in
1355 1599 2826 1690 durch die dunklen, stillen Gassen zu Filippo. Sie fühlt, daß sie alle Größe
149 1623 1279 1693 Manne. Immer? Hier fängt die Schnitzler sche Spielerei
1354 1633 2831 1735 hingibt und alles Glück der Erde, Licht und Leben, um einmal noch in Filippos
145 1676 1285 1747 das weibliche Wesen aus der Bahn des Instinktes und
1355 1699 2826 1788 Arm zu ruhen. Sie kommt, um mit Filippo zu sterben. Filippo leert den Gift¬
178 1733 1262 1797 gejagt ist, wird sie diesen Schriftstellern „interessant“.
1351 1747 2826 1840 becher, doch sie vermag es nicht — ihr graust vor dem Tod. Verzweifelt wirft
154 1782 1275 1856 Kokette, halb verlogenes Kind, halb liebende Jungfrau
1347 1795 2828 1889 sie sich über den toten Geliebten, dann, gehetzt von Todesangst und Lebens¬
168 1837 1275 1926 kurz, wie sie dasteht, eine nicht überzeugende und nicht
1342 1856 2816 1934 verlangen, stürzt sie davon, zurück zu ihrem Hochzeitsfest, zu dem Herzog....“
152 1890 619 1974 nsmögliche Gestalt.
1361 1907 2828 1998 Von Filippo zu Vittorino, von Vittorino zum Herzog, vom Herzog zu
161 1942 1278 2028 vorwerfen, ich berichte über den Inhalt des Stückes, das
2021 1968 2832 2063 schade, daß Vittorino nicht mehr lebt,
165 1990 1962 2084 Vanna“ gegeben wird, in tendenziöser Wortwahl. Ich Filippo, von Filippo zum Herzog —
157 2043 1984 2144 sichen Inhaltsbericht mit den unbefangenen Worten einer die Abwechslung hätte sich gemehrt.
1344 2056 2835 2168 Um die Inhaltsangabe kurz zu enden: bei Filippo hat sie ihren Schleier
1245 2128 2829 2227 liegen lassen. Sie kommt ins Schloß ohne Schleier. Der Herzog fragt und
155 2175 1262 2258 ist's, zu Beginn des 16. Jahrhunderts. Cäsar von Borgia
1263 2194 2840 2281 forscht; sie weigert jede Aussage. Schließlich mit Tor bedroht, führt sie den
168 2248 1265 2305 t mit großer Heeresmacht, und auf den Straßen Bolognas
1254 2247 2824 2332 Herzog dahin, wo sie den Schleier gelassen. Verworren und psychologisch un¬
155 2294 1258 2350 fire morgen der jüngste Tag. .. Und ein wunderlich Gerücht
1262 2291 2840 2383 möglich ist dies gesamte Benehmen des Herzogs, bei dem auch hier wieder die
168 2347 1258 2421 ssen: der junge Herzog sei gewillt, eine Schöne zu erwählen
1250 2341 2840 2455 Wollust durchbricht, bis er an Filippos Leiche stößt, an des Poeten Leiche, den
158 2394 1271 2447 vor dem Entscheidungskampf. Der Herzog lächelt darob ...
163 2391 2838 2501 Straße Beatrice, des alten, halbtollen Nardi schöne Tochter, er lange zu gewinnen gesucht, der sich ihm aber zu e ziehen gewußt. Mit Filippo
152 2495 2853 2555 Int es ihn wie ein Wunder. Er wirbt um Beatrice; — das also hat sie ihn betrogen — nein, vielmehr: sie hat Filippo betrogen — nein,
167 2542 2841 2595 folgen, doch nicht so, daß man sie schmähen darf als Dirne: eigentlich: sie hat Vittorino betrogen — oder wie soll man denn eigentlich sagen?
156 2552 2844 2649 tin, als Herzogin. Ihrer Schönheit Zaubermacht, die Er= Der klare Herzog wächst vor unseren Augen und findet in diesem Nebel die
161 2638 1905 2706 , der Fiebertaumel, der angesichts der drohenden Feindes¬ Lösung: „sie ist ein Kind“ ...
1915 2667 2456 2753 ... „Wir sind allzu streng
155 2691 1272 2748 ma ergriffen — das alles schafft ungewöhnliche und schnelle
157 2739 1284 2787 kommt im Augenblicke die Entscheidung: in einer Stunde
1548 2722 2476 2810 Und lindern's nicht, und jeder von uns wollte
162 2775 1279 2847 do Bentivoglio mit Beatrice vor den Traualtar. Als Beatrice
1551 2768 2576 2847 Nicht nur das winz'ge Spielzeug sein — nein, mehr,
153 2844 1287 2896 gnete, war sie auf dem Wege zur Kirche zur Trauung
1550 2827 2442 2903 Die ganze Welt. So nannten wir dein Tun
160 2889 1278 2949 obten, dem jungen Vittorino, der sich nun, da sie dem
1546 2837 2541 2946 Betrug und Frevel — und du warst ein Kind!“
163 2927 1273 2994 in jäher Verzweiflung den Dolch ins Herz stößt (was
1364 2924 2856 3017 Wenn Cressida in des gesunden Shakespeare „Troilus und Cressida“, eine
168 2986 1275 3046 t, aber gar nicht beachtet! D. Ref.). Verloren freilich hat
1264 2998 2842 3078 der gedankenkürzesten und vom Organ des Treuseins geradezu körperlich ver¬
239 3031 1262 3094 seit drei Tagen ist Beatrice die Geliebte Filippos,
1272 3041 2850 3138 lassenen Dirne, ein Kind ist — dann ist auch Beatrice ein Kind. Was bei
151 3079 1264 3139 #ters, der um ihretwillen seine Braut Teresina aufgegeben
1268 3092 2856 3198 Shakespeare Burleske und Karrikatur ist: hier wird's tragisch genommen. Ihr
158 3125 1272 3192 haft hatte die beiden, F'lippo und Beatrice, zusammengeführt.
1266 3142 2856 3252 Bruder denkt anders: er sticht die Lebensmüde kurzweg nieder. Und die
151 3177 1271 3240 les opfern, schon sind alle Vorbereitungen zu gemeinsamer
1281 3203 2859 3295 Schnitzler'schen Bologneser — die der Maeterlinck'schen Pisaner durchaus würdig
183 3230 1273 3305 da erzählt ihm Beatrice naiv und ihrer Empfindungen
168 3270 1271 3330 vom Herzog geträumt hat: „... Grüne Kerzen brannten in
1274 3248 2862 3356 sind — ziehen endlich, nach einer so verworrenen, verbuhlten und verschwatzten
155 3314 1269 3377 m Bett, ich sah des Herzogs Augen leuchten über mir und
1279 3336 1853 3433 Nacht, zum Kampf hinaus.
166 3371 1279 3434 nahe den meinen, noch spürt' ich ihren Hauch — und so
1387 3343 2865 3455 über diese Beatrice und ihr Tun und Lassen kann man sich aus einem
157 3417 1274 3474 ppo ist entsetzt, daß sie so mit beschmutzter Seele zu ihm
1280 3416 2854 3513 Hauptgrunde, aus einem vernichtenden Grunde weder den Kopf zerbrechen, noch
163 3469 1273 3535 Seele auf Abenteuer ausfliegen konnte, daß in den frechen
1274 3473 2863 3556 ärgern: man spürt nach ganz kurzem Zusehen, daß das alles Konstruktion
155 3519 1271 3609 äume sie an andere Männer hat denken können. Und er
1274 3523 2879 3643 und Gedankenwerk ist, keine blutvolle, herzerschütternde Poesie. Man erschrickt
2567 3592 2660 3668 10
