3392 4320
1936 207 2398 315 box 20/2
277 210 1755 308 14. Der Schleier der beatrice
159 797 668 898 rk, Paris, Rom, Stockholm.
151 882 730 996 V. Jed.
144 978 629 1125 Wres Gu
657 1370 3284 1451 rüsteten Theaterbesuchern den Vorwurf gegen den in Breslau an= Herzog einander verkörpert gegenüber, und ihr beider Schicksal
658 1436 1976 1523 wesenden Dichter aussprechen, er hätte doch eher sein Stück zurück¬
1972 1463 3284 1525 wird es, daß sie beide zusammen treffen müssen in der Liebe zu
157 1434 355 1538 atrice.“
667 1495 1982 1559 ziehen als eine solche Aufführung dulden sollen. Und in der
1962 1502 3278 1587 demselben Mädchen, dem erst seelenlosen, zu spät erwachten Weibe,
159 1510 663 1593 er Muse der Zutritt zur
664 1538 1969 1608 That, je mehr man die Größe und Schönheit des Werkes dank
1961 1548 2274 1624 einem Kinde,
158 1576 665 1638 ibseligen Deutschland gar
671 1581 1974 1658 der Leiftungen von Herrn Jessen, Herrn Lettinger und Fräulein
2189 1585 3004 1660 Das mit der Krone spielte, weil sie glänzte,
161 1623 666 1688 schlossen oder äußern ihn
662 1626 1978 1710 Nolewska empfand, um so empörter mußte man über die
2189 1641 3059 1725 Mit eines Dichters Seel', weil sie voll Räthsel,
150 1665 674 1737 ilweise in weniger harm¬
668 1683 1614 1755 unentschuldbaren Mängel der Aufführung sein.
2182 1700 3029 1773 Mit eines Jünglings Herzen, weil's dir just
158 1710 679 1793 gelangenden Stücke ihrer
2180 1732 2527 1793 Geschenkt war?
754 1711 1976 1794 Vom Heere des fürchterlichen, für unwiderstehlich geltenden
153 1764 658 1835 erer vielleicht mag die
663 1772 1979 1844 Cesare Borgia, dessen treulos unternommener Versuch, sich Bolognas
2049 1777 3287 1858 Der größte Dramatiker dürfte stolz sein, einen Charakter gleich
162 1802 666 1886 Erstlingswerken Bühnen¬
664 1822 3281 1890 zu bemächtigen, in Wirklichkeit im Jahre 1501 fehlschlug, schildert dieser Schnitzler'schen Beatrice geschaffen zu haben. Wie sie Filippo
152 1856 656 1939 die Theaterpforten gerade
663 1873 1971 1935 der Dichter uns Bologna eingeschlossen. Ein Weltuntergang
1965 1885 3290 1963 ihren ehrgeizigen Traum so harmlos erzählt, ohne Ahnung, daß sie
157 1909 677 1977 in Schaffen zu höherem
669 1916 1965 2003 scheint seinen Bewohnern durch den mitleidlosen Feind bevorzu¬
1960 1929 3285 1996 damit den um sie gewobenen Schleier seinerPhantasie zerreißt, wie sie
150 1956 657 2028 ärklich großen Werke fort¬
661 1968 1967 2036 stehen, und um so voller, zügelloser entflammen in der einen
1970 1980 3288 2054 kindlich unbefangen von dem um eine Liebesnacht werbenden
159 2003 663 2078 ergeschichte des 19. Jahr¬
667 2013 1960 2088 Nacht — Schnitzler hat seine reiche Handlung mit meisterhaftem
1964 2019 3288 2099 Herzog die Che fordert, ihre Lebenssehnsucht, als sie sich vergiftet
157 2049 668 2133 gischer Schärfe, als der
657 2064 1972 2141 Geschick in strengster Zeiteinheit zusammengedrängt — die Leiden¬
1973 2087 3275 2133 glaubt, und ihr Entsetzen vor Filippo's kalter Leiche — wahrlich, es
154 2101 661 2158 ohengrin“ umsonst von
666 2104 1978 2179 schaften. Leidenschaftliche Kraftnaturen, wie die italienische
1974 2127 3286 2173 wird wenige dankbarere und zugleich poesievollere Rollen geben!
153 2153 658 2222 Es musikalisch gewaltigsten
663 2157 1965 2217 Renaissance sie erzeugte, sind sie fast alle, die in Bolognas
1964 2174 3282 2241 Aber ihre Ausführung verlangt auch eine ungewöhnliche Dar¬
169 2188 663 2281 Wagner's „Tristan und
664 2205 1969 2274 Straßen wie am Hofe des Herzogs uns entgegentreten, vom Herzog
1970 2206 3285 2275 stellerin. Wenn der Dichter sich Beatrice sechzehnjährig denkt, so
153 2238 654 2309 schen Oper abgesetzt wurde.
668 2250 1964 2327 Lionardo Bentivoglio (Herr Jessen) und dem Dichter Filippo
1962 2268 3280 2324 ist es doch eine sechzehnjährige Italienerin, keineswegs eine deutsche
146 2285 654 2358 Dichter von „Liebelei und
663 2301 1965 2374 Loschi (Herr Lettinger) bis zu dem Hauptmann Ribaldi, dessen
1963 2317 3281 2375 Kindergestalt, und eine ängstliche Forderung nach Jugendlichkeit
154 2341 667 2412 gt, die Bühnen würden
661 2347 1963 2419 Gespräch mit dem Herzog an Götz von Berlichingen's Anwerbung
1960 2368 3278 2421 der Darstellerin würde nur von Unverständniß für den Charakter
153 2381 657 2455 eben, nicht zurückweisen,
657 2387 1963 2463 des kampflustigen Lerse erinnert. Die ungezügeltste Lebens= und
1962 2410 3283 2463 der Rolle zeigen. Von Agnes Sorma muß man sie sich gespielt
161 2437 668 2499 achwerk wie sein „Ver¬
657 2440 1962 2515 Sinnenluft, ein Drang nach Schönheit und Genießen eint sich
1960 2460 3279 2525 denken. Da Breslaus vereinigte Bühnen das Unicum bieten, daß
168 2479 665 2549 In den Versen seines
649 2482 1961 2554 mit Geringschätzung des eigenen und des fremden Lebens. Wie
1973 2507 3288 2576 unser Schauspiel auf den drei Monopolbühnen sich diese Theater¬
144 2497 661 2600 bilde aus der französischen
657 2540 1969 2613 Schnitzler ohne jede archäologische Aufdringlichkeit das Zeitcolorit
1955 2556 3270 2609 spielzeit hindurch ohne erste Liebhaberin behelfen muß, so hatten
147 2578 665 2656 r ja bereits den Beweis
650 2590 1965 2655 in glühenden Farben zu entwerfen vermag, das allein wäre schon
1954 2598 3275 2668 wir keine ganz geeignete Vertreterin. Aber gerade die ungeeignetste
172 2621 657 2699 nöthigen Eigenschaften
657 2628 1960 2703 eine große dichterische Leistung. Verbietet ihm die dramatische
1959 2650 3274 2713 unter den möglichen Vertreterinnen herauszusuchen und damit das
146 2659 666 2746 ien bürgerlichen Prosa¬
664 2681 1969 2740 Rücksicht auch die breite Ausmalung von Einzelzügen, wie Graf
1959 2691 3274 2745 Stück zu Grunde zu richten, das gereicht unseren Dramaturgen und
157 2722 661 2793 die, zum freien Fluge
659 2731 1958 2802 Gobineau sie in den historischen Dialogscenen seiner wunder¬
1958 2734 3293 2809 Regisseuren zu besonderem Ruhme. Frl. Konrad muß man freilich
173 2768 661 2833 Schnitzler's „Schleier
666 2781 1958 2853 vollen „Renaissance" (Paris 1877) als feiner Geschichts= und
1957 2797 3279 2862 gegen die unwilligen Stimmen aus dem Zuschauerkreise in Schutz
153 2807 663 2881 sagen, das bedeutendste
654 2829 1965 2893 Seelenkundigen so geistvoll und wirklichkeitsgetreu dargestellt hat,
1951 2835 3279 2914 nehmen. Sie hat mit voller Hingebung ihr Bestes gethan und ver¬
151 2854 662 2929 elleicht länger hinaus in
661 2871 1957 2940 so lebt doch auch in Schnitzler's Schauspiel die ganze, von Kunst¬
1955 2890 3274 2949 dient persönlich dafür Anerkennung. Ihr selbst ist durch diese
164 2907 649 2975 Ein Werk voll echter
651 2915 1963 2978 sinn und Gewaltthätigkeit, überschäumender Kraft und Kühnheit
1952 2938 3274 2991 unbegreifliche Besetzung das größte Unrecht zugefügt worden, vor
166 2954 647 3024 von Fleisch und Blut,
650 2968 1956 3033 einzige Zeit vor uns auf. In der Schilderung, die Benvenuto
1960 2983 3284 3042 dem die an richtigem Platze so sympathisch wirkende Künstlerin
145 3000 655 3079 g, daß man nicht müde
656 3013 1948 3081 Cellini von seinem eigenen Leben uns hinterlassen, Goethe uns
1960 3029 3285 3096 hätte bewahrt bleiben müssen. Ueber reiche Modulationsfähigkeit
151 3054 651 3120 nden, tief und wahr in
653 3054 1955 3122 verdeutscht hat, lesen wir fast auf jeder Seite von der uns kaum
1952 3064 3280 3145 des Organs, lebhaftes Mienenspiel und vor allem einen geheimniß¬
145 3093 652 3170 edanken, die in wunder¬
645 3114 1951 3181 mehr faßbaren, blinden Macht der Leidenschaft, der sich jene
1963 3130 3278 3186 voll von ihr ausgehenden Zauber der Persönlichkeit, alles der
149 3149 650 3216 n. Die Handlung selbst
646 3159 1955 3227 italienischen Künstler und Tyrannen des 15. und 16. Jahrhunderts
1962 3171 3280 3220 Beatrice unentbehrliche Eigenschaften, verfügt Frl. Konrad nicht.
172 3199 656 3271 und mit meisterhafter
653 3205 1962 3274 in allem hinzugeben pflegten, der sie wahllos folgen mußten.
1956 3219 3274 3274 Sie würde die Rolle der Beatrice nicht bewältigen können, auch
144 3240 648 3311 de gewaltige Stoff be¬
654 3251 1956 3317 Solche dämonische Macht hat den Dichter Filippo Loschi beim
1960 3269 3275 3347 wenn es sich blos um ein Nachspielen, nicht um eine völlige
161 3285 655 3363 ebenso die Forderungen
651 3295 1959 3378 Anblick der jugendlichen Beatrice Nardi ergriffen. Die Ehren¬
1957 3311 2557 3370 Neuschaffung gehandelt hätte.
142 3335 653 3410 hon Schiller meinte, so
647 3349 1955 3411 pflicht gegen seine Braut, die Schwester seines edelsten Freundes
2057 3350 3268 3422 An dieser Aufgabe des Neuschaffens ist auch Herrn Runge's
158 3393 653 3456 r Weise erfüllt, ist vom
642 3394 1957 3454 Graf Andrea Fantuzzi, Freundschaft und Vaterlandsliebe, selbst
1961 3399 3273 3484 Regie gescheitert. Sie hat Ausgezeichnetes geleistet, als es sich in
157 3439 654 3503 heater zu Berlin zurück¬
645 3439 1953 3506 seine eigene Kunft, alles will er verrathen und mit Füßen treten,
1952 3462 3267 3534 „Ueber unsere Kraft“ darum handelte, das von Alfred Halm,
152 3485 656 3564 isung hätte dem Dichter
647 3482 1955 3551 um mit jenem Kinde, dem schönsten Mädchen des auf seine
1958 3507 3263 3561 dem trefflichen Leiter unserer trefflichen Sommerbühne, im Berliner
163 3537 647 3598 schaden vermocht als die
657 3539 1962 3619 schönen Töchter stolzen Bologna, zu entfliehen. Filippo ist der
1958 3555 3264 3617 Theater aufgestellte Vorbild zu übertragen. Einer Inscenirung
155 3579 646 3640 breslauer Theaterleitung
659 3590 1948 3663 Phantasiemensch, der Dichter, der nicht das Vorhandene sieht,
1957 3599 3272 3675 ohne Vorbild, wie sie im vorigen Jahre Otto Vischer wiederholt
153 3630 648 3694 her das Werk im Lobe¬
644 3640 1956 3702 sondern je nach Stimmung die Wirklichkeit nach seinen Phantasie¬
1963 3642 3272 3726 mit Erfolg ausgeführt hatte, zeigte sich Herr Runge im zweiten
153 3669 648 3741 daß die dramaturgischen
650 3682 1949 3747 vorstellungen umdichtet. Ebenso sieghaft unwiderstehlich wirkt der
1948 3702 3269 3774 und vierten Acte des Schnitzler'schen Stückes nicht gewachsen.
183 3722 645 3794 wenig schmeichelhaften
649 3736 1960 3812 die Wirklichkeit der Dinge in den Goldglanz der Poesie tauchende
1961 3743 3259 3805 Unser Mangel an Personal, durch den eine ganze Reihe kleinerer
156 3758 644 3833 Verlassen des Theaters
651 3782 1952 3850 Filippo auf Weib und Mann, wie es die Kraftnatur des im
1959 3791 3271 3852 Rollen entstellt wurde, zwang unsere beiden Regisseure, Herrn
186 3811 655 3883 wunderbare Besetzung
644 3831 1952 3887 Irdischen wurzelnden Herzogs in ihrem Kreise thut. Der Phan¬
1962 3840 3261 3907 Runge im Lobetheater, Herrn Niedt am Sonntag im Thaliatheater,
157 3868 1952 3953 hörte man von den ente tasiemensch und der Thatenmensch stehen in Filippo und dem
1945 3894 3305 3971 selbst mitzuspielen. Nach der Härte und Sprödigkeit von Herrn¬
1932 3964 3241 4051 Runge's Organ und der Steifheit seines Spiels kann man die
3222 3995 3341 4049 die
1922 4026 3240 4102 öftere Anwendung dieses Hülfsmittels nicht empfehlen. Die Schuld
3229 4038 3342 4106 über
1934 4074 3230 4141 für die mangelhafte Inscenirung darf man freilich nur zum
3233 4089 3362 4154 zule
1923 4125 3238 4196 kleineren Theile der Regie zur Last legen. Ein mit großen
3227 4139 3367 4198 muß
1927 4169 3226 4221 Massenscenen ausgestattetes Stück gehört auf die größere Bühne
3224 4181 3347 4229 zeigt
