3484 4256
461 129 745 187 r -eeen
426 173 741 223 overno bulgaro
761 178 1735 230 non vive che per Beatrice, la sedicenne figliuola
423 209 738 257 sta dal Simich,
761 222 1744 268 d’un vecchio ed ormai mezzo idiota maestro in
426 246 727 283 essa, perche ri¬
752 262 1748 323 araldica. Per lei s’é sciolto dall’antco legame con
427 272 734 318 uo appartenere
426 305 731 351 toiloff dubitava
750 309 1740 366 Teresina, la bella patrizia, scrella del suo amico
428 339 731 385 rattutto füceva
749 357 1735 408 Andrea. In lei soltanto vede il suo avvenire, 11
426 372 733 422 azionali in Ma¬
757 396 1733 457 suo ideale. Ma appunto perché grande & questo
433 406 739 455 dichiarava che
418 436 732 489 a tal divisione,
753 438 1740 497 suo amore, una sola parola di Beatrice basta a
422 474 742 524 lunzione tra 11
754 485 1735 530 offuscarne, se non ad annientarne, il bellissimo
436 511 731 553 ra d’influenza:
748 526 1740 584 sogno. L’ incauta fanciulla gli racconta d’ avere
440 545 733 590 sanglaccato di
748 574 1742 632 veduto in sogno il duca Bentivoglioe se stessa di¬
433 575 725 623 gnati dall'arti¬
419 609 725 668 Huenza austro¬
742 618 1732 672 ventata sposa di quello, duchessa di Bologna! La
752 658 1729 714 denna vanitosa non pud esser l’ideale dell’artista.
420 662 739 724 rebbe superato
754 698 1729 749 La femmina, pronta à vendersi per diventare du¬
439 709 731 764 potenze, esse
486 746 725 790 quanto alla
752 746 1743 792 chessa, non ha piü nulla che fare con la sua Bea¬
425 776 722 827 0 vinto la Tur¬
750 787 1739 829 trice! E in verità ella non & pura che nelle mem¬
423 809 1728 892 obero avuto da bra, ma l' anima sua & guasta, perversa. Demi¬
457 859 725 929 avverate; 11
737 885 1737 936 vierge di quell’evo tragico, ella & l’incontaminata
458 909 724 962 prudente da
744 928 1736 987 peccatrice. II pittore la scaccia, il duca non si fa
434 942 731 990 erte e perico¬
742 972 1732 1032 vivol Ed ella che, poco prima bacinva l’artista e
432 975 729 1023 riaé costretta
457 1011 725 1060 che, laddove
749 1017 1733 1078 sognava del serto ducale, si consola pensando a
456 1049 724 1094 und insurre¬
735 1053 1731 1110 provvedersi, frattanto, d’un marito dovizioso. Vit¬
427 1078 724 1130 inata in con¬
742 1107 1729 1163 torino, giovane, & il confidente di suo fratello, il
433 1115 723 1168 a. quanto an¬
453 1148 724 1193 le parti della
742 1137 1744 1216 braccio destro del padre? Di tutto cio non gliene
428 1166 738 1245 drebbero alla
735 1195 1451 1247 cale. E' ricco: questo -la-baste Ln#
1153 1231 1290 1289 *2
437 1233 723 1292 cui la Ser¬
437 1275 729 1327 onsenso delle
771 1267 1722 1342 Gia Beatrice & in procinto di recarsi con Vit¬
451 1321 717 1366 nturoso. Non
733 1324 1730 1386 torino all’altare quando lo sguardo del duca si
448 1351 714 1394 la pace; non
737 1368 1732 1437 incontra nel suo. Per una notte soltanto egli la
449 1381 717 1431 e mai rinun¬
451 1422 721 1462 11 Novibazar.
742 1411 1723 1481 vorrebbe, per quella notte che precede la sua ro¬
453 1448 713 1500 ol Mentene¬
740 1459 1732 1525 vina, forse la sua morte. Ma Beatrice& buona
462 1484 714 1534 una gramie
741 1511 1724 1567 calcolatrice. Sa fare i suoi patti. Un po' di mo¬
455 1521 721 1564 ell'Inghilter¬
462 1555 712 1602 ealtri inte¬
728 1554 1724 1613 rale, a tempo e luogo, non guasta, spedialmente
467 1575 717 1638 le castagne
724 1599 1723 1647 quando si tratta di diventare duchessa. E Benti¬
470 1619 716 1665 la quale al¬
729 1647 1716 1695 voglio accondiscende. Gran nozze a palazzo e, in
464 1655 709 1696 in interesse
466 1685 709 1750 cllhoff con¬
724 1689 1728 1742 quell’ora suprema, senza troppa etichetta! Tutti
735 1723 1727 1788 gli innamorati, tutti gli amanti di Bologna sono
473 1739 713 1802 lose nella
720 1791 1727 1832 invitati alla festa! Erano, pare, anche allora un
481 1791 715 1836 tella di in
492 1824 708 1865 P## erdelle
737 1813 1741 1887 bel numero! Dalla fandulla popolana col suod¬
496 1851 719 1901 totalmen¬
732 1855 1717 1902 mo alla cortigiana col suo codazzo di galanti,
479 1883 709 1934 centinuare
730 1899 1723 1947 tutti convengono a palazzo e consacrano quella
497 1924 717 1966 e proposte
732 1946 1719 1996 notte — quell'ultima notte della libertà di Bolo¬
482 1954 722 2020 mare solo
727 1997 1723 2047 gna — alla pazza gioia. Nobile sard ogni figlio
486 2008 712 2077 ioni sono
734 2042 1714 2094 dovuto agli amplessi di quell’orgia: cosi vuole l’in¬
523 2057 717 2103 ve le co¬
720 2090 1716 2142 namorato principe. Naturalmente, il palcoscenico,
506 2090 703 2143 ene di ri¬
511 2114 722 2171 questione
721 2130 1716 2176 anche se incurante della censura, non puo darer
527 2161 721 2204 qualcosa
734 2167 1720 2237 che tenui linee d’un simile quadro. Ma, leggendo
498 2193 721 2237 no addie¬
719 2218 1711 2274 il poema dello Schnitzler, Findovina quali bac¬
523 2225 713 2273 1 secondo
523 2264 702 2305 ed attri¬
726 2259 1726 2335 chiche scene selvagge si affacciarono alla fantasia
499 2291 714 2338 n Tinizia¬
720 2301 952 2361 del pocta.
503 2329 718 2383 del mini¬
755 2338 1713 2409 Chi perb manca d’energia & quella che dovrebbe
507 2364 712 2406 alenn do¬
723 2396 1712 2438 esserne la protagonista e la regina: Beatrice. Non
507 2401 705 2440 nento era
507 2428 706 2481 mente sif¬
722 2438 1718 2494 lo indovinate? Adorna ancora del velo di sposa,
497 2466 701 2510 e. ma an¬
722 2482 1717 2543 sfuggendo agli abbracci del duca, ella & corsa da
501 2499 703 2543 1 modo 1I
518 2536 703 2578 che non
721 2522 1714 2580 Filippo Loschi. Con Jui, tra le sue braccia, vuol
527 2564 706 2619 addietro
726 2567 1710 2623 morire. Cosl pensa in quell’istante e pensa, certo,
497 2599 670 2651 rallo.
714 2613 1713 2665 in buona fede. Ma quando Loschi & pronto al
719 2656 1700 2711 bacio supremo e pronta & pure la coppa del ve¬
511 2660 608 2734 iga
721 2700 1713 2757 leno, la vita si ribella nella giovane donna. Inor¬
508 2734 703 2798 di Corte
714 2751 1705 2802 ridendo agli spasimi di morte del suo amante, fug¬
555 2787 700 2832 regina
713 2793 1715 2856 ge, tora à palazzo, ma, chimé, dimentica il velo
516 2820 692 2868 0 alenn
719 2842 1707 2882 nuziale! Ne avviene una scena, che, per la pueri¬
521 2857 702 2901 sa Nata¬
515 2887 696 2935 Mirko di
714 2885 1720 2953 lità dell’argomento, ma anche pe## le sue tragiche
511 2930 1709 2994 otelli dil conseguenze, ricorda quella dello shakespeariano
514 2959 1711 3035 re Mila- fazzoletto: a dov’è il velo? dov’è il velo? s Sol¬
519 2992 698 3039 ze. Nella
718 3019 1713 3070 tanto alla minaccia d’orribili torture, la onna
532 3023 703 3075 ricono¬
512 3053 695 3103 eipe Ml¬
721 3063 1690 3115 cede e conduce il marito alla casa del posta. An¬
505 3089 701 3152 lia Casa
702 3103 1695 3144 cor forse, con un muliebre sotterfugio, ella po¬
710 3153 1706 3209 trebbe salvarsi. Ma nel passo fatto il piede del
707 3186 1701 3255 duca urta un cadavere: quello dell'infelice Filip¬
515 3179 708 3251 ortogal
704 3240 1700 3290 po. E tutto — un po' tardi, ma finalmente — ca¬
519 3258 681 3330 matt.
706 3284 1705 3337 pisce il duca! Pure il bravo uomo vorrebbe anchra
609 3312 695 3360 una
709 3330 1699 3385 perdonare. Ma il fratello di Beatrice fa piü sol¬
506 3345 689 3398 che una
708 3367 1701 3431 lecita glustizia; e uccide l’eternamente infedele
512 3382 696 3430 utata di
517 3415 695 3463 conflitto
713 3415 1708 3477 sorella. Loschi & morto; morta & Beatrice; anche
534 3453 691 3500 e ferktl.
700 3453 1693 3523 -Vittorino, il suo fidanzato d’un'ora, si & ucciso:
545 3483 700 3538 truppe
708 3491 1688 3548 Teresinà, la prinia promessa sposa del poeta, &
498 3497 687 3571 olserp“a
713 3540 1700 3607 impfzzita; smo fratello Andrea é stato ucciso agli
532 3550 689 3600 VilMgeI
491 3584 691 3635 ipcne in
696 3591 1696 3645 Wamposti. E quanto al Bentivoglio nell’imminente
503 3631 1698 3695 rano sttmischia, in quell'alba che & l’ultima dell’in,lipen¬
495 3656 712 3731 inn cay
707 3674 1726 3737 denza bolognese, egli saprà bene trovare la morte.
504 3743 557 3788 —
469 3796 1713 3878 Teret ani-Ra una deliziosa scampagnata, e Cristina dovet¬
687 3842 1261 3891 De richiamarla alla realta.
481 3874 677 3952 Eleng a
779 3870 1691 3951 Bisogna tornare a casa. Vedete come s##
693 3903 966 3975 katto tardi!
481 3941 703 4016 si diffon¬
739 3958 1698 4024 Un venticello freddo che si levava, finl per
503 3990 1622 4054 era cösilconvincere Elena, e zospirando, ella disse:
477 4035 721 4108 recchi bid
784 4034 1682 4087 Peccato l.., ma potremo tomarei domarl
847 4065 1696 4138 „vromo terminato.,, purché nor si
3203 179 3335 220 resist
2215 192 3205 244 ina com le quinte si abbassa anche l’attore Furio
3202 209 3312 252 nere
2212 231 3190 282 Foces, che cra un po' in cimberli. Egli precipita
3202 272 3329 321 ment
2213 279 3188 322 econ lui P'/liona. II pubblico — quello del teatro
2208 327 3187 381 romano — flschia. Visto che con quella roba li non
3202 342 3321 389 matte
2207 366 3178 433 si farà cassetta, un creditore si porta via sempli¬
3202 378 3323 426 sulla
3206 411 3325 453 in in
2208 411 3181 458 cernente, come schiavo, Pacuvio in persona. Sci¬
3202 440 3312 488 cato
2203 454 3181 514 pione I'Afrigano fa il nesci. — Puppazzetto quar¬
3213 473 3321 517 eIl
2202 490 3182 552 to.. Ma a chi contarla ancora la trista storia
3200 509 3320 554 indaf
2208 543 3191 599 di Pacuvio e della sua tragedia? Beati quelli che
3194 574 3305 617 sia
2216 588 3175 647 non sanno il tedesco imperocche essi non avranno
3197 610 3316 651 Anch
2214 626 3184 676 udito quanto declamava un pittore-poeta fatto
3192 645 3310 692 parit
3200 678 3315 728 delle
2199 675 3181 722 schiavo e onoreranno ancora la memoria del grande
2208 713 3183 768 Scipione! lo, dopo iersera, gli ho perduto tutto il
3198 742 3318 786 Beltr
2199 763 3179 821 rispetto. Eppure me ne avevano fatto un cosi bel
3204 778 3324 822 dame
3197 814 3316 856 di cc.
2211 810 3175 854 pezzo di guerriero! E l’intendenza dei regi teatri
3204 847 3330 888 senza
2208 832 3182 909 ha snocciolato per questo suo trionfo di carta pesta
3202 880 3321 929 Coptil
2199 883 3169 939 tanti denari quanti Roma forse non ne spese per
3188 914 3299 955 altri
2204 933 3179 995 condurlo in Campidoglio a ringraziare gli Dei.
3189 943 3271 997 potl
2206 985 3184 1027 Ringraziamoli ancie noi che la g pizza o se la sono
2198 1027 2759 1087 inghiottita i buoni tedeschi.
2233 1092 3159 1170 Particolari sulla spedizione Charcot
2210 1145 3221 1235 Charcot eil libro del Duca degli Abruzzi
2220 1197 3184 1257 E' noto al nostri lettori, per sverlo gia annun¬
3187 1216 3233 1253 In
2193 1240 3176 1288 ziato nei giomi scorsi, che il dott. Charcot, flgliuolo
3187 1248 3250 1286 ge
3192 1274 3320 1321 sarebb
2194 1274 3177 1324 del grande clinico, si prepara ad und spedizione
2189 1311 3177 1360 al Polo Nord, la quale sarà unicamente scientifica;
3189 1310 3336 1359 sere ar
2200 1333 3171 1415 ei compagni dello Charcot non sarenno percio plu
3186 1347 3336 1391 gettan
2193 1379 2860 1426 degli scienziati che dei marinai.
3180 1380 3319 1438 viment
2241 1401 3186 1460 Noi partiremo —ha detto Charcot a lean Carrère
2195 1443 3323 1500 che lo ha intervistato recentemente — tra 1l 15 esche de
2196 1481 3290 1521 il 20 di maggio: raggiungeremo anzitutto le #ole# la r
2185 1514 3173 1568 Loffoden dove completeremo il nostro approvvi¬
3179 1513 3338 1556 elemen
2188 1543 3168 1596 gionamento; di la, dopo una breve sosta, parti¬
3185 1551 3340 1592 Quanto
2190 1573 2386 1623 remno per
2429 1584 3170 1628 Spitzberg,e di la andremo verso la
3184 1579 3348 1630 bronzi
2192 1615 3156 1658 nuova Zelanda, termine del nostre viaggio. In
3181 1618 3329 1658 menti
2186 1653 3162 1697 quest’isola polare noi ci proponiamo di compire
3176 1650 3359 1702 ricompf
2185 1680 3181 1734 in maggior parte delle nostre ricerche scientifiche.
2192 1711 3172 1769 Questa regione é vergine per gli studiosi. Un solo
2194 1741 3177 1800 vlaggiatore, il Nossi. w, T'ha percorsa per intero
3201 1755 3345 1819 Cite
2181 1776 3169 1831 per istabilirvi del posti di soccorso atti allo sver¬
3206 1807 3328 1856 Terl,
2193 1817 3171 1844 namento: und scopo al tutto diverso dal nostros¬
2236 1833 3318 1873 4Per quanto ci sara possiblie cercheremo dl Aonig
3175 1871 3302 1910 prio 1
2177 1882 3166 1925 evitare lo svernamento. Sarebbe un semestre per¬
3173 1903 3285 1950 dolor
2187 1913 3159 1962 duto per il nostro lavoro. Se 1 nostri disegni non
2189 1946 3158 1991 sono attraversati, ci sfrozeremo di rientrare verso
3172 1967 3308 2014 Dome
2187 1971 3157 2023 novembre, salvo a ripartire in primavera, se la
3177 2000 3308 2050 sDond
2176 2013 3154 2063 nostra opera non sard compiuta. Ma in ogni caso
3180 2036 3317 2085 che u
2176 2047 3161 2099 recheremo con noi tutto cio che occorre per pas¬
3177 2073 3303 2111 al 8t
2183 2075 3160 2134 sare un inverno e vettovaglie per sedici mesi. Se,
3176 2104 3302 2156 comt
2188 2118 3153 2159 oltre il termine del secondo anno, non saremo tor¬
3178 2139 3287 2185 ques
2179 2148 3165 2197 nati, vi consiglio sollevare la stampa a rumore per
3171 2173 3273 2226 ci0
2177 2176 3167 2237 modo che non ci dimentichimo affatto e che appa¬
2178 2214 3159 2272 recchino una spedizione che venga in nostro soc¬
2173 2244 2327 2289 CorsO.
3178 2229 3294 2293 L
2211 2267 3172 2319 Al nostro ritorno, che speriamo nel prossimo in¬
2178 2308 3169 2357 verno, subito dopo, con gli stessi compagni, ag¬
2173 2339 3162 2398 guerriti dal primo viaggio, io ne vagheggio un se¬
2178 2381 3169 2422 condo piu importante e piü intentato al Polo Sud..
2221 2415 3151 2469 Togliendo commiato dal suo interlocutore, Char¬
3172 2409 3281 2463 sigli
2176 2450 3159 2501 cot gli chiese: . Vol che seguite la vita italiana
3176 2457 3294 2497 mert
2171 2488 3148 2535 con tanta attenzione, avete letto 11 libro del Duca
3174 2487 3290 2530 statd
2172 2521 3148 2563 degli Abruzzi sulla sua spedizione al Polo Nord? #
3169 2522 3271 2569 oggt
2204 2554 3149 2608 E poiche Carrère rispose di nö. Charcot gli disse:
3174 2557 3275 2615 hanz
2171 2570 3156 2637 Leggetelo! E' bello, molto bello. E' animato da
2170 2624 3153 2670 un sofflo largo e possente. Vi placerà grandemente
3169 2621 3273 2667 tita
2172 2653 3148 2700 per iI suo eroismo calmo e semplice e per la im¬
3170 2651 3281 2703 atto
2172 2684 3150 2748 maginosa vivezza della narrazione. In questo mo¬
3166 2696 3283 2737 SCUC
2166 2717 2921 2784 mento qulesto iibro e in mnin deltzin.
3161 2725 3248 2771 sti
3151 2754 3269 2812 han
2319 2788 3053 2846 NECROLOGIO
3153 2796 3278 2848 gan
3153 2832 3272 2880 Ders
2310 2824 3149 2897 Verona, il cav. Antonio Riva, maggiore di
3148 2866 3248 2919 Pun
2163 2861 2639 2919 fanteria nella riserva.
3153 2893 3268 2947 stuck
2347 2900 3148 2962 enezia, II commerciante Luigi Cerutti,
3163 2930 3279 2980 legh
2164 2927 3148 3012 fratello deil'avv. comm. Ginseppe Cerutti, ex-de¬
3153 2960 3286 3024 riton
2161 2972 2372 3022 putato.
2269 2998 3151 3069 A Lucca, il cav. Stanislao Testoni, consigliere
2175 3040 3142 3105 delegato di prefettura a riposo, veterano della cam¬
2171 3071 2495 3123 pagna del 1848.
3151 3085 3289 3147 circ 6
2288 3105 3141 3172 Torino, il cav. Francesco Piccati, maggiore
3156 3120 3268 3166 2101
2166 3135 2577 3182 di fanteria a riposo¬
2646 3149 3144 3198 il cav. Glo. Batt. De Ber¬
3163 3158 3270 3208 nicc
2166 3182 3148 3248 nardi, gia presidente della Società del bersaglieri
3164 3192 3255 3235 lare
2171 3207 2431 3253 in congedo.
3151 3225 3260 3272 corl
2279 3236 3137 3304 A Trieste, il conte Raffalele Monti, marchi¬
3146 3258 3255 3307 Fin
2162 3261 2921 3317 giano, ex-ufficiale del nostro esercito.
3145 3292 3251 3343 palt
2254 3303 3139 3367 Ad Alessandria d’Egitto, monsignor Guido Cor¬
3149 3328 3251 3368 una
2154 3330 3136 3411 belli, gia vescovo di Cortona, delegato apostollco
2154 3371 2623 3435 per l’Egitto e l'Arabia.
2626 3402 2701 3440 —
3150 3391 3284 3436 test
3135 3426 3247 3484 Ogg
2223 3432 3091 3514 Le onoranze funebri al senatore Bottini
3140 3459 3247 3505 den
2193 3477 2916 3542 Ci scrivono da Stradella, 15 marzo:
3143 3494 3244 3542 sizie
2198 3525 3138 3578 Imponentissime sono riuscite le onoranze fune¬
3162 3528 3238 3572 St
2153 3558 3128 3601 bri rese oggi qui a Stradella al compianto concit¬
3140 3558 3255 3608 vigig
2153 3580 3134 3641 tadino comm Bottini. Vi hanno partecipato molte
3141 3595 3254 3643 gart
2155 3620 3127 3684 illustrazioni della scienza medica, le anterita, mol¬
3160 3660 3244 3703 Da
2153 3664 3130 3705 tissime persone convenute da Pavia, Mitano, Ge¬
2160 3690 3119 3748 nova, Torino, ecc. II feretro, giunto a Stradella
3137 3688 3282 3748 mink
2148 3729 3117 3779 da San Remo alle ore 7 & stato deposto in una
3141 3732 3280 3778 prims
3140 3762 3276 3805 gliori
2151 3758 3119 3821 delle sale della stazione ferroviaria, addobbata
2143 3794 2859 3841 per l’occasione a cappella ardente.
3131 3797 3283 3854 tre sc
3138 3831 3266 3875 e Ver
2200 3825 3124 3875 Di qui, alle ore 15, sfilo il lunghissimo corteo
3140 3862 3258 3906 nero
2145 3853 3127 3914 fra due ali fittissime di popolo. Aprivano il corteo
3132 3898 3272 3951 sospe
2147 3899 3122 3948 le scuole elementari, seuole tecniche, ina larga
2155 3930 3137 3969 rappresentanza degli studenti umversitari di Pavia
3167 3945 3271 4008 B
2151 3961 3127 4015 con i berrettie la storica bandiera. Venivano poi i!
2156 4002 3084 4051 corpo di banda musicale cittadina, il clero
2146 4025 3124 4077 quindl il carro funebre riechissimo, tirato da sei
2138 4064 3121 4114 cavalli e scortato da carabinieri in alta uniforme
3122 4059 3265 4128 tenen
2167 4092 3114 4138 a cavallo. Al lati di questo erano le mannie¬n.
2341 4124 2443 4155 forto
2141 4128 2490 4192 Corone sehen
