3436 4320
-16 2132 54 2180 r
1871 200 2432 303 box 20/4
297 182 1833 294 14. Der Schleier der Beatrice
183 1431 3060 1537 nArtitel Welches immer die Art der Lösung sei, soviel obfektiv ausdruckte, nicht widerlegt werden, fünf Madaten befürworteruns
2352 1562 3360 1627 ] Liebhaber gezeigt; auch das geht uns, gelinde gesprochen,
399 1553 2370 1622 ihrer Hand, wäre auch dazu bereit, wenn nicht Sokrates ! zu haben, dem Asklepios einen Hahn zu schlachten.
2362 1597 3370 1662 gegen den Strich, weil wir uns gewöhnt haben, eine
1386 1590 2364 1660 Statt dessen hört er die reumütige Beichte der zer¬
387 1597 1395 1670 hereinträte und seine warnende Stimme erhöbe.
2360 1632 3365 1700 andere Art Liebe mit seinem Namen zu verbinden. Es
1381 1640 2374 1709 knirschten Timandra an: da der Kerkermeister dem
396 1650 1393 1720 Ordentlich setzt er dem pflichtvergessenen Schüler den
2362 1683 3363 1754 wäre nicht minder lächerlich, wenn es irgend wem
1390 1693 2371 1753 Todeskandidaten aus Barmherzigkeit gleich eine ganze
396 1685 1381 1755 Kopf zurecht. Prophetisch wie Wildenbruchsche oder
2369 1737 3354 1793 heisiele, einen reichen Diogenes oder einen Moses
1378 1719 2376 1804 Kanne Schierling hingestellt hat, setzt Timandra den
385 1728 1398 1799 Lauissche Helden, wenn sie die Größe des Vaterlandes
2364 1775 3352 1834 Mendelssohn als Adonis zu schildern. Auch der
1386 1773 2375 1844 Krug an die Lippen und stirbt zugleich mit ihrem
390 1772 1391 1851 in begeisterten Worten voraussagen, schildert Sokrates
2369 1814 3354 1871 poetischen Lizenz, die Shakespeare und Schiller gewiß
1380 1815 2373 1896 hehren Opfer. Platon aber versichert uns noch, wenn er
397 1827 1382 1898 seinem künftigen Biographen die glänzende Zukunft,
171 1823 408 1893 überaus
2366 1860 3363 1923 in reichstem Maße ausgenutzt haben, sind gewisse
1384 1867 2369 1926 diesen leidvollen Tag überlebe, dann könne ihn kein
392 1880 1389 1943 die seiner harrt. Entbehren sollst du, sollit entbehren,
172 1861 408 1933 Artwürdiger
2362 1904 3363 1977 faktische Grenzen gesteckt. Der Dramatiker verfällt
1390 1905 2371 1963 Sturm mehr knicken, sodaß wir doch wenigstens über
383 1919 1388 1977 1 klingt es in seiner Moralpredigt, damit du der Nach¬
185 1925 403 1984 biblischem
2363 1951 3353 2017 geradezu in unlauteren Wettbewerb, der seine Figuren
1380 1940 2157 2028 seine Zukunft einigermaßen beruhigt sind.
395 1961 1388 2021 welt deine wundervollen Werke schenken kannst. Und
182 1967 402 2030 es Trauer¬
2364 1998 3365 2049 mit geschichtlichem Etikett herumlaufen läßt und uns
1432 1991 2370 2062 Nur in solchem überlegenen Ton kann man von
395 1995 1400 2071 Platon, eben noch ganz Leidenschaft, ganz im Bann
179 2008 399 2071 et meines
2363 2038 3360 2090 dann die versprochene Marke nicht serviert. Ein Sokrates,
1388 2044 2373 2109 diesem ärgerlich flachen Machwerk berichten. Man tut
396 2047 1401 2114 der geliebten Frau, folgt der höheren Einsicht seines
177 2054 410 2116 ist auf den
2367 2078 3360 2137 der an einer Timandra verblutet, würde jeden andern
1387 2087 2373 2150 es ungern, denn Adolf Wilbrandt ist kein dichtender
406 2093 1387 2152 verehrten Lehrers und stürzt davon. Herein aber stürzt
181 2091 397 2158 Timandra“
2363 2129 3356 2184 Namen mit höherer Berechtigung führen. Auch sonst
1379 2134 2372 2193 Schulmeister, aber ein Parkett von Primanern würde
390 2140 1399 2208 Timandra, racheschnaubend, wutentbrannt. Du hast
180 2137 405 2207 ch an Wil¬
2364 2167 3365 2247 ist Wilbrandts Trauerspiel leiver ein recht trauriges
1376 2172 2369 2243 kaum eine Gestalt von so erschütternder geistiger
399 2186 1388 2237 mir meinen Platon geraubt, du alter Schulfuchser,
185 2191 409 2246 verkapptes
2365 2217 2523 2284 Spiel.
1387 2214 2376 2279 Impotenz für einen Sokrates hinnehmen. Mißbrauch
400 2218 1386 2291 warte, ich will dir zeigen, was ein gekränktes Weib
182 2230 406 2292 Unterrocks¬
2409 2249 3362 2317 Da ist es Arthur Schnitzler weit besser ge¬
1384 2269 2373 2321 der poetischen Lizenz ist es, irgend eine Bühnennull
401 2273 1398 2338 vermag. Den Kopf wird dich das kosten. Weidlich
176 2272 408 2335 en der Tat
2365 2297 3358 2367 lungen, das was er in seinem Renaissance=Schauspiel
1388 2311 2370 2376 mit einem hochiönenden Namen auszustatten. Wer
402 2300 1388 2377 unbeliebt bist du bei den Athenern ohnehin, da brauch
171 2320 404 2380 verknüpft.
2371 2349 3356 2412 „Der Schleier der Beatrice“ ankündigte,
1384 2351 2374 2422 einen Sokrates a die Beine stellen will, muß ihm
394 2357 1391 2421 ich die Flamme nicht viel zu schüren. Wie ein echter
177 2360 417 2426 le, die der
2363 2392 3349 2439 wirklich einzulösen. Er hat wenigstens Renaissanee¬
1389 2393 2375 2460 vor allem einen Kopf mitgeben. Mißbrauch der poe¬
395 2400 1392 2467 Weltweiser, erhobenen Hauptes und ohne mit der
203 2407 408 2468 An dem
2362 2428 3358 2491 Stimmung zu erzeugen gewußt. Insofern setzt dieses
1380 2439 2373 2514 tischen Lizenz scheint mir hier aber auch an dem Stoff¬
406 2440 1396 2507 Wimper zu zucken hört Sokrates die Schmäbungen
193 2448 406 2512 denen die
2364 2479 3349 2538 Werk die Linie der früheren fort. Es gibt von dem¬
1385 2484 2375 2539 lichen in zwiefacher Weise getrieben zu sein. Der
398 2493 1395 2559 des rasenden Weibes an. Im nächsten Akt sitzt er
168 2485 408 2556 Buldenkonto
2358 2524 3355 2594 selben Schnitzler eine einaktige Groteske „Der grüne
1387 2534 2372 2600 Prozeß des Sokrates, eines antiken Volksseinds, mutet
399 2535 1400 2603 aber bereits auf der Anklagebank; und zwar nicht, weil
181 2534 409 2601 urecht übei
2369 2564 3359 2627 Kakadu“, die mit ein paar meisterhaften Strichen ein
1384 2576 2381 2633 an wie ein Vorspiel zur Christus=Tragödie. Der
400 2579 1397 2626 er die Jugend verführt und die schlechtere Sache zur
171 2578 403 2645 ein neuerer
2364 2613 3345 2663 Bild der französischen Revolution erstehen läßt. Hier
1386 2614 2379 2677 athenische Straßenphilosoph erliegt dem Unverstand der
401 2636 1386 2684 besseren gemacht, sondern weil Timandra einem abge¬
163 2629 422 2692 aß er eine
2365 2659 3358 2717 ist die Skizze bedeutungsvoll erweitert. Renaissance ist
1384 2659 2374 2722 Menge und eröffnet eine glorreiche Reihe von Märtyrern.
400 2662 1393 2727 wiesenen Liebhaber ihre Gunst versprochen, wenn er
176 2669 408 2739 ra vorge¬
2358 2697 3351 2756 nicht ein bloßes Schlagwort, das dem Zuschauer den
1385 2722 2373 2776 Es heißt, ihm seinen Nimbus rauben, seine kultur¬
399 2698 1400 2773 den leidigen Sittenprediger aus der Welt schaffe.
170 2714 405 2777 Mann und
2366 2746 3351 2814 Rest der Gedankenarbeit aufbürdet, nicht ein abge¬
1394 2756 2375 2811 geschichtliche Bedeutung und zugleich seine menschliche
404 2745 1389 2818 Natürlich verurteilen die wankelmütigen Athener den
180 2762 408 2822 wärmt und
2357 2792 3342 2851 griffener Akkord, sondern alle Lebenskräfte sind unter
1393 2792 2374 2851 Größe herabsetzen, indem man ihn über ein launisches
401 2795 1394 2862 unbequemen Spötter, der ihnen längst ein Dorn im
193 2808 410 2865 Nun erst
2367 2819 3348 2905 dem Drucke schwerer Gefahr aufs äußerste gespannt.
1395 2841 2372 2907 Weibchen stolpern läßt. Wer uns eiwa Napoleons
407 2843 1400 2902 Auge war, mit Stimmenmehrheit. Im letzten Akt
193 2842 405 2912 Aufgebot
2367 2879 3360 2938 Der Borgia vor den Toren! der Ruf treibt ganz
1378 2875 2378 2938 Sturz als eine Folge seiner Trennung von Josephine
402 2874 1391 2945 finden wir ihn, von seinen Freunden umringt, im Ge¬
186 2876 419 2955 ein wenig
2359 2924 3352 2979 Bologna auf die Beine, im Anblick des Todes erwacht
1383 2930 2376 2989 Beauharnais darstellen wollte, würde alle Kritik ent¬
407 2934 1400 2985 fängnis, wo er im Jahre 399 v. Chr. G. den Gift¬
177 2930 426 3005 eliebten zur
176 2976 3355 3052 Seladon in i becher leert, ohne seine Getreuen vorher aufgefordertI waffnen. Zum zweiten wird Platon als schmachtender eine trunkene Lebensfreude, „carpe diem“ wird für Hoch
