3484 4224
1911 276 2382 387 box 20/6
253 289 1781 390 14. Der Schleier der Bestrice
1042 1126 2515 1213 Kunst wird geschenkt, nicht verkauft. Der Irrthum konnte auch
1042 1189 2505 1273 in den Künstlern entstehen, weil sich für die Erzeugnisse der
1037 1264 2508 1326 Kunstimitation ein Markt gebildet hat; mit Recht, denn Ware
1049 1321 2514 1383 muss Käufer finden. Aber Kunst ist keine Ware, und es ist besser,
1046 1369 2513 1423 einige Genies verhungern, die übrigens auch bisher von ihrem
1045 1419 2531 1495 Genius nicht leben konnten, als dass das ganze deutsche Volk
1048 1490 2521 1558 geistig verhungert und unfähig wird, jemals Genies hervorzu¬
1047 1537 1274 1619 bringen.
1157 1652 2500 1747 Wir haben den Pressemarkt, die Theaterbörse, den Literatur¬
1039 1741 2506 1802 handel betrachtet. Es wäre leicht, das Vordrängen des Materia¬
1031 1802 2509 1891 lismus auch auf den anderen Gebieten zu verfolgen. Man könnte
1044 1855 2516 1925 darlegen, wie in der Medicin aus finanziellen mehr wie aus
1041 1923 2504 1998 wissenschaftlichen Gründen das Specialistenthum vordringt, die
1039 1985 2502 2040 Chemie zur industriellen Fachwissenschaft wird und im Worte
1033 2043 2510 2111 Brotstudium der Ton immer mehr auf die erste Silbe fällt. Es
1028 2084 2499 2178 liesse sich die Jagd der Anwälte nach fetten Processen schildern,
1044 2148 2513 2246 bei der sich die wenigsten nach dem Rechte ihres Clienten
1033 2206 2513 2301 fragen und erwähnen, wie dieser Stand immer mehr mit — oft
1030 2281 2497 2364 recht unreinlichen — Nebengeschäften, wie Hypothekaranlagen,
1040 2324 2503 2397 Capitalsverbindungen, Güterverkäufen, Concursmasseverwaltungen,
1033 2395 2500 2459 verbunden wird und der schöne Grundgedanke dieses edelsten
1035 2454 2500 2533 Berufes — einer mit maschineller Geistlosigkeit arbeitenden Justiz
1031 2523 2504 2584 die Eigenheit des Einzelnen, auf den ein Gesetz, mit Strenge
1033 2565 2498 2631 geübt, nie passt, entgegenzustellen — in Gefahr ist, völlig ver¬
1029 2626 2490 2704 loren zu gehen. Aber über diese Entwicklungen hinweg müssen
1029 2691 2499 2749 wir auf den Gipfel der socialen Pyramide steigen und die völlige
1040 2746 2489 2836 Veränderung zeigen, die der Amerikanismus in der Monarchen¬
1033 2799 2505 2886 stellung bewirkt hat. Das Wort -Deutscher Kaisere ist geblieben,
1024 2874 2508 2943 aber der Begriff hat eine gewaltige Umwälzung erfahren. Die
1023 2923 2494 2985 Betrachtung der Krone muss auch die Krone unserer Be¬
1022 2973 1445 3053 trachtungen sein.
1620 3084 1772 3188 —
1724 3245 1781 3323 *
1391 3417 2114 3538 Dem Thronfolger!*)
1379 3502 1845 3589 Kaiserliche Hoheit,
1007 3554 2489 3646 es ist mir bewusst, dass diese Anrede nicht Ihren vollen Titel
1019 3626 2491 3723 wiedergibt, aber ich glaube aus Ihrer Auswahl der Ehrencavaliere
1156 3701 2396 3792 *) Es wurde dafür Sorge getragen, dass der Brief in die Tländ¬
1015 3712 1431 3818 Adressaten gelang..
1685 3839 1821 3933 354 —
