3484 4384
335 282 1844 377 14. Der Schleien der Reatrige
350 1565 1151 1653 rsie ist##onnoch nicht sanktionirt ist.
327 1615 473 1671 8 Bei
1469 1598 1614 1681 Place,
547 1637 1472 1720 Von Herrn Dr. Arthur Schnitzler in Wien geht
1491 1658 1634 1723 hat, bi¬
351 1659 466 1718 rOtt
472 1694 1473 1768 uns bezüglich unserer Notiz in Nr. 223, wo es hieß. auch
1479 1706 1628 1770 können
332 1705 481 1775 fälliges
332 1740 1467 1816 et des Direktor Brahm habe seiner Zeit die Dichtung „Der
1482 1748 1626 1807 „Sapp
1480 1794 1620 1850 Stadt!
328 1784 1464 1871 ig nc Schleier der Berenice“ abgelehnt, die Berichligung
336 1856 1618 1907 ten #t zu, daß der Verfasser das Stück dem Direktor des und „
350 1891 1618 1953 d A. Deutschen Theaters niemals zur Aufführung übergeben Stadt
485 1920 1614 1995 habe. Er schreibt zur Aufklärung des Sachbestandes: „Flatt
346 1936 475 2000 wurse
554 1969 1618 2046 „Ich las Herrn Brahm, dessen Rathschläge mir Oswa
343 1982 456 2050 ilhel
468 1985 1625 2085 immer höchst werthvoll waren, das Stück im Oktober] nannte
388 2032 456 2084 wa
467 2043 1627 2119 vorigen Jahres vor, unter ausdrücklicher Be= winskt
475 2080 1466 2141 tonung des Umstandes, daß das Deutsche Theater
342 2118 443 2180 ngen
1473 2113 1617 2179 Kgl. f.
500 2119 1476 2176 sich meiner Meinung nach zur Darstellung gerade dieses
338 2151 1467 2221 er bs stilisirten Stückes kaum eignen dürfte. Herr Direktor
1471 2155 1625 2220 Deutse
467 2193 1464 2259 Brahm erbat sich trotzdem die Einsendung eines gedruckten
363 2210 451 2266 igke
1484 2206 1632 2277 schaust
472 2231 1465 2281 Exemplars. Als ich einige Wochen darauf diesen liebens¬
1483 2254 1595 2313 sicht.
446 2264 1462 2333 würdigen Wunsch zu erfüllen in der Lage war, vergaß ich
1481 2304 1613 2360 mont“,
476 2295 1462 2369 in einem beigeschlossenen Briefe keineswegs zu
483 2344 1467 2411 erwähnen, daß meine Ansichten über die Darstellungs¬
1485 2346 1625 2402 von T
472 2379 1465 2440 schwierigkeiten meines Stückes am Deutschen Theater
346 2385 468 2454 üre
1471 2389 1628 2463 Pfarre
495 2413 1464 2474 sich nicht geändert hätten. Indem Herr Direktor
357 2436 463 2490 Irele
469 2447 1454 2513 Brahm, vielleicht gern, meiner Meinung zustimmte,
348 2480 460 2549 pa¬
1476 2476 1611 2533 letzten
476 2487 1460 2543 hatte er gewiß nicht die Absicht, gegen seine eigene Bühne
1466 2524 1612 2574 gemach
478 2519 1462 2588 Stellung zu nehmen — so wenig als ich, der ich jene
345 2524 465 2587 ebei
1473 2559 1613 2609 wichtig
468 2559 1462 2643 Meinung ausgesprochen. — so wenig als Andere, die sie
355 2568 465 2637 alda)
469 2594 702 2659 theilten ...“
1474 2597 1621 2642 So kos.
356 2625 475 2686 vor.
1468 2633 1604 2680 Oper 7
532 2623 1626 2714 Wir nehmen von dieser Erklärung hiermit gern Notiz. Preis
386 2666 1599 2761 die Schon deshalb, weil es selten geuug vorkommen dürfte, von 5
360 2725 1619 2787 heil“ daß ein Dichter sein Stück einem Theaterdirektor mittheilt Odéon
1456 2779 1623 2835 Variét
366 2767 1464 2854 r, so und gleichzeitig sich selbst gegenzeine Aufführung auf dessen
1466 2815 1619 2864 im Gy
465 2818 799 2891 Bühne ausspricht.
1450 2852 1614 2905 3 auf
362 2854 1611 2955 nig- V Lo#-Celpzig. Der Dirckior=Statgemasin hat wieder s auf
1459 2923 1612 2973 stehen
369 2931 1451 2997 Ge= einmal einen Beweis seines Talentes, junge Kräfte zu
1458 2957 1620 3009 gaben
357 2977 1452 3045 oße entdecken, gegeben, indem er Frl. Lucie Weidt, eine
1457 2998 1612 3044 Beleuch
365 3020 1454 3084 Zeit Schülerin des Wiener Konservatoriums, speziell der Frau
1463 3034 1580 3085 ganz
1457 3069 1613 3120 Hierbei
368 3080 1459 3141 hes Rosa Papier, für das Leipziger Stadttheater engagirte.
1450 3099 1614 3175 vor 50
371 3113 1248 3171 das ] Dje innse Daure ####. „I „1a m#
2000 275 2420 372 box 20/1
2292 1147 2698 1223 Telefon 12801.
1835 1257 3166 1340 Alex. Weigl’s Unternehmen für Zeitungs-Ausschnitte
2847 1305 3031 1373 Ausschnitt
2862 1340 3175 1455 Nr. 41
1788 1333 2783 1468 N 105 „OBSERVER
1773 1463 3229 1542 I. österr. behördl. conc. Burean für Zeitungsberichte u. Personalnachrichten
1967 1534 3061 1621 Wien, IX/. Türkenstrasse 17.
2172 1606 2860 1695 Filiale in Budapest: „Figyelö“ —
1776 1676 3211 1773 Vertretungen in Berlin. Chicago, Genf, London, Newyork, Paris, Rom, Stockholm.
1787 1816 3042 1899 Ausschnitt aus: Lrliner Fremdenblatt
1786 1946 2400 2069 vox 44 1000
2020 2192 2969 2287 Von Herrn Dr. Arthur Schnitzler in Wien geht
1936 2229 2966 2336 uns bezüglich unserer Notiz in Nr. 223, wo es hieß, auch
1952 2312 2959 2373 Direktor Brahm habe seiner Zeit die Dichtung „Der
1951 2333 2965 2415 Schleier der Berenice“ abgelehnt, die Berichtigung
1944 2393 2951 2465 zu, daß der Verfasser das Stück dem Direktor des
1949 2444 2963 2512 Deutschen Theaters niemals zur Aufführung übergeben
1948 2473 2926 2538 habe. Er schreibt zur Aufklärung des Sachbestandes:
2027 2533 2957 2600 „Ich las Herrn Brahm, dessen Rathschläge mir
1956 2544 2955 2635 immer höchst werthvoll waren, das Stück im Oktober
1950 2609 2954 2675 vorigen Jahres vor, unter ausdrücklicher Be¬
1946 2633 2954 2693 tonung des Umstandes, daß das Deutsche Theater
1949 2681 2956 2739 sich meiner Meinung nach zur Darstellung gerade dieses
1955 2718 2957 2782 stilisirten Stückes kaum eignen dürfte. Herr Direktor
1944 2756 2969 2818 Brahm erbat sich trotzdem die Einsendung eines gedruckten —
1841 2784 1935 2846 Für
1943 2783 3210 2870 Exemplars. Als ich einige Wochen darauf diesen liebens= inclusive
3031 2829 3183 2876 Porto
1937 2829 2983 2894 würdigen Wunsch zu erfüllen in der Lage war, vergaß ich —
1958 2858 2027 2901 in
3024 2859 3202 2918 Zahlbar
2039 2863 2868 2922 einem beigeschlossenen Briefe keineswegs
2862 2880 2957 2939 zu
1934 2872 3226 2955 erwähnen, daß meine Ansichten über die Darstellungs=mVoraus.
1874 2914 1925 2963 „
1946 2930 2946 2996 schwierigkeiten meines Stückes am Deutschen Theater
1941 2970 3264 3042 sich nicht geändert hätten. Indem Herr Direktor sschnitte ist das
1928 3001 3256 3078 Brahm, vielleicht gern. meiner Meinung zustimmte, uch stcht es den
1805 3039 3100 3119 Abonn hatte er gewiß nicht die Absicht, gegen seine eigene Bühne; ändern.
1806 3089 2929 3133 Abon Stellung zu nehmen — so wenig als ich, der ich jene
1944 3117 2926 3199 Meinung ausgesprochen. — so wenig als Andere, die sie
1942 3150 2123 3213 theilten
2906 3137 3253 3209 ig enthaltend die
2900 3188 3257 3244 ner Morgen¬
2005 3176 3254 3285 Wir nehmen von dieser Erklärung hiermit gern Notiz. Wiener Zeitung")
1821 3204 1963 3265 Inhal
1826 3249 1962 3309 brät,
1963 3236 3258 3322 Schon deshalb, weil es selten genug vorkommen dürfte, hschaftliche Leben
1824 3295 3261 3372 wollur daß ein Dichter sein Stück einem Theaterdirektor mittheilt jese Mittheilungen
1821 3338 2952 3414 des und gleichzeitig sich selbst gegen eine Aufführung auf dessenz
1827 3366 2271 3446 were Bühne ausspricht.
2125 3433 2942 3507 Prospecte gratis und frande
