3436 4448
1925 181 2383 279 box 20/4
251 191 1774 297 14. Der Schleier der Beatrice
356 1273 3330 1335 für alles Andere macht, hört er an der Thür seines Hauses Knoten zu einem tragischen Ausgang später schürzen wollte, im Lauf der Zeit ein vollsaf
359 1315 3340 1393 ihre Stimme. Mit dem Schleier, dem Geschenk des eben ist seine Sache. Aber in diesem Augenblick mußte er Farbe scher, bald jäh auffahrender
350 1366 3328 1434 angetrauten Gemahls, ist sie heimlich zu dem Dichter geeilt, bekennen. Was er dabei auf die Bühne bringt, ist ein Kunst= dementsprechend von der Di
2746 1409 3329 1465 Beatrice war von Fräulein
1564 1413 2762 1469 stück, das er freilich mit dichterischen Farben umgiebt, aber
352 1427 1565 1483 um ihr Versprechen zu erfüllen und in seiner Umarmung zu
2750 1448 3326 1511 ein weibliches Element, das
1553 1447 2703 1527 kein reines Bild der Natur, wie wir es von ihm erwarten.
353 1460 1562 1522 sterben. Die Sehnsucht nach ihm erschien ihr mächtiger als
2752 1496 3324 1548 gebung verwirrt und vernich
1645 1500 2765 1555 Ihn reizte es, die Schuld Beatrices auf einen Punkt zu
352 1505 1569 1579 alles Glück der Erde. Sie erschrickt nicht, als Filippo ihr
2749 1527 3332 1600 das um sich frißt und für #
1558 1537 2756 1600 verlegen, wo ihr die Sühne sofort auf dem Fuß folgen mußte,
352 1554 1564 1623 das Bild des Todes in furchtbaren Zügen ausmalt. Aber
2760 1579 3321 1634 antwortlich gemacht werden
1554 1579 2760 1661 um die Handlung des Dramas zur äußersten Kürze zu¬
347 1585 1563 1656 als er ihr die Vorstellung einflößt, daß schon die ersten harm¬
2754 1616 3329 1691 spielt, je freier man sie von
1570 1627 2756 1692 sammenzupressen. Der Liebeslust, die in seinem Schloß¬
348 1643 1568 1696 losen Tropfen des Bechers, von dem sie nippen, das Ende
1557 1660 3334 1721 garten tobt, macht der Herzog ein Ende, als er beunruhigende hält, desto besser wird man #
352 1680 1565 1735 bedeuten könnten, kommt der Drang zum Leben unaufhaltsam
2747 1705 3337 1777 geben. Fräulein Triesch li
1560 1716 2754 1777 Nachrichten vom Feinde erhält. Er fragt nach seiner Ge¬
358 1725 1582 1804 über sie. Auch das Sterben ist ihr nur eine Tändelei ge¬
2752 1748 3334 1819 spielerin etwas von „mora
1554 1751 2770 1828 mahlin und sieht sie endlich ohne Schleier wiederkehren. Als
353 1767 1577 1832 wesen, und aufs Neue fühlt sich Filippo betrogen. Er will
1557 1798 3333 1858 er erkennt, daß sie ihr Fernbleiben mit einer Lüge zu ent= einen Zug hinein, der namen
349 1816 1569 1880 sie wiederum davonjagen, und als sie trotzdem bleibt, leert er
2749 1831 3335 1909 als Beatrice vom Herzog zu
1555 1836 2771 1913 schuldigen sucht, erklärt er sie ihrer herzoglichen Würde für
356 1857 1561 1921 eine andere Schale mit Gist und stürzt entseelt zur Erde.
2757 1872 3337 1945 Herr Kayßler gab als
1561 1891 2774 1950 verlustig und verurtheilt sie zum Tode durch das Schwert.
361 1882 1570 1958 Beatrice möchte ihm auf dem finsteren Weg folgen, aber der
1570 1929 3324 2001 Schon scheint ihr Schicksal besiegelt zu sein, als sie im Wahn= wöhnte und Herrische, das
352 1946 1575 2013 Becher ist leer, und von Entsetzen geschüttelt stürzt sie mit
1570 1981 3328 2042 sinn der Verzweiflung die Hand des Fürsten ergreift, um ihn uns das leicht Aufwallende
355 1991 1572 2061 dem Angstgeschrei: Leben! aus dem Gemach, wo sie den
2755 2020 3334 2083 Entschluß der Heirath mit ##
1557 2024 2762 2094 zu der Stätte zu führen, wo sie den Schleier verloren hat.
349 2024 947 2097 Schleier zurückgelassen hat.
2753 2059 3328 2129 greiflich machte. Die Aus
1559 2063 2765 2133 In Filippos Gemach findet der Herzog hinter dem Vorhang
460 2064 1566 2130 In diesem dritten Akt wird der Dichter von dem Geist
2766 2100 3335 2165 Deutschen Theater gefunden
1562 2106 2775 2162 die Leiche des Dichters. Wie er erschüttert die Wahrheit
357 2107 1570 2173 der Renaissance, der ihn so lange sicher geleitet hat, offenbar
2757 2136 3340 2205 der Gärten, bei Filippo uns
1562 2138 2764 2205 durchschaut und, ohne Kraft zum Strafgericht, über das
362 2168 1560 2220 verlassen. Wir sind nicht mehr in dem Italien des sech¬
2752 2187 3308 2249 von Bologna mit der sich
1564 2195 2772 2260 Räthsel dieses Weibes nachsinnt, empfängt Beatrice den
415 2206 1572 2266 nten Jahrhunderts, im Zeitalter der ungebrochenen Tem¬
1560 2235 3329 2296 Todesstoß von der Hand ihres Bruders. Beim grauenden eingefaßten Straße, wie man
362 2241 1560 2311 eramente, der unbezwingbaren Antriebe in Kopf und Herz,
2760 2262 3327 2347 die Anerkennung des Publih
1565 2265 2774 2341 Morgen stürzen alle dem Feinde entgegen, der sich vor den
356 2288 1569 2347 die klar und rückhaltlos auf das einmal erkannte Ziel los¬
1571 2335 2264 2391 Thoren zum Angriff erhoben hat.
355 2329 1576 2391 gehen, die unbedingt herrschen wollen und für eine Krone
1654 2340 2782 2432 Das Stück ist reich an Schönheiten, wie sie der Dichter
358 2379 1575 2435 Alles aufopfern Eine weichere Luft, als über die Höhen des
3169 2375 3343 2457 Die
1566 2404 2775 2471 bisher nicht erreicht hat, und sie prägten sich bei der Auf¬
360 2421 1573 2491 Apennin hinweht, sucht uns plötzlich zu umschmeicheln, und
2839 2426 3329 2504 In dem schönen Aufsatz
1559 2437 2772 2510 führung der Phantasie des Publikums tief ein. Aber es
349 2476 1576 2528 mit einem Schlage befinden wir uns in Wien, wohin es den
2755 2473 3323 2555 jedes Berliners freudig zug
362 2524 2780 2572 Dichter in diesem Aufzug heimathlich zurückgezogen hat. Soenthält daneben ein Gewirr von Motiven, das sich schwer aus¬
2767 2535 3339 2597 ehrte Verfasser, Ernst von
1557 2539 2773 2608 einanderknüpfen läßt und auch von den Schauspielern nicht
360 2551 1580 2613 viel Sprünge das Temperament seiner Beatrice auch macht,
2758 2575 3330 2631 der kleine Gedenkstein auf de
1573 2582 2764 2638 verständlicher gemacht wurde. Herr Rittner spielte den
362 2577 1574 2652 so tändelnd und zufällig sie sich in ihren Gefühlen hin= und
2756 2609 3339 2680 Da die Frage einmal angere#
1562 2627 2774 2685 Dichter Filippo, in dem sich die ganze Welt zum Schönheits¬
359 2637 1575 2698 herbewegt, dies Eine, daß sie sich vom Traualtar und der
2760 2666 3331 2732 sie mit einem Citat aus M
1563 2664 2775 2736 gefühl und zur Liebessehnsucht abklärt, trocken und mürrisch,
361 2676 1582 2733 Seite ihres fürstlichen Gemahls hinweg zu dem Geliebten
2768 2706 3321 2768 antworten. Dort heißt es (4
1569 2724 2774 2772 ohne Spur von Schwung und Wärme, wenn das Gefühl auf¬
368 2725 1577 2785 stiehlt, glauben wir ihr nun und nimmer. Nachdem sie den
2770 2737 3323 2811 Entfernung kam der König
1566 2753 2771 2813 wallen soll, und ohne Größe und Ergriffenheit, wenn der
359 2768 1568 2823 höchsten Preis für ihren Besitz gefordert und erreicht hat, muß
2758 2793 3330 2871 zember 1809 nach Berlin u
1574 2801 2768 2854 Tod sich über ihn neigt. Aus dem Liebhaberfach ist der
366 2808 1575 2874 es mit der Kindlichkeit ihres Wesens, das nicht weiß, was es
3179 2824 3335 2894 Zur
2761 2837 3101 2898 wohner zurück.
1564 2834 2777 2897 Künstler allmählich so entschieden herausgewachsen, daß es
363 2847 1568 2918 will, ein für alle Mal zu Ende sein. Den Roman ihres Lebens
2758 2858 3334 2944 königlichen Paares ließen di
1564 2884 2781 2942 keinen Zweck mehr hat, ihn und das Publikum mit solchen
369 2897 1578 2958 schlägt sie damit zu, und das Gebieterische des Weibes, dem
2766 2926 3316 2978 der Südseite des Waldes,
1576 2931 2770 2985 Aufgaben immer wieder in Verlegenheit zu bringen. Das
371 2940 1569 3014 sich Alles beugt, füllt nunmehr ihre ganze Seele aus. Sie hat
363 2969 3326 3044 gesiegt und muß ihren Triumph auskosten ohne Spur von Zarte und Empfindungsvolle bringt er in den Worten nur Potsdamer Thor zum Hofjäg
377 3015 3340 3085 ##omantik, weil sie endlich erkannt hat, welche dämonische noch mechanisch hervor, wie Etwas, das ihn geradezu ärgert, Königsweg heißt, eine kleins
370 3077 3341 3140 Gewalt sie auf die Menschen ausübt. Wie der Dichter den und mit dem er möglichst schnell fertig werden will. Er ist nannt, mit Gesträuchen, B#
