3248 4256
1030 113 1607 182 — Peimats¬
1686 139 2629 200 Hierauf konnte ich meinem Antwortschrei#en vom
532 151 1589 227 recht erworben, auch ein Recht habe, seine ferneren
1602 169 2642 236 2 September nur folgenden Schluß geben: „Wenn Sie mich
530 186 1596 270 Arbeiten angenommen zu sehen, wenn ihm nicht unwider¬
1595 213 2648 267 nun vor ein kategorisches „Ja“ oder „Nein“ stellen, so bin
1598 246 2634 312 ich in der Konsequenz meines letzten Briefes (vom 17. Juni)
529 241 1574 312 legliche Gegengründe nachgewiesen werden. Der bloße
1599 282 2634 346 genöthigt, „Nein“ zu sagen, denn die von Ihnen gewünschte
530 290 1583 368 Zweifel an dem Erfolg eines neuen Stückes ist kein solcher
1594 323 2632 368 bindende Zusicherung eines Termins im Verlauf der soeben
535 340 1581 405 hinreichender Grund. Denn ein Theater muß schon was auf
1591 354 2515 424 beginnenden Saison zu geben, bin ich außer Stande.“
535 387 1618 459 die eigene Verantwortlichkeit eines anerkannten Autorss¬
521 427 1592 507 riskiren. Es dürfen nicht blos Stücke auf die Autorität des
523 482 1594 548 Direktors hin durchfallen, der in ihnen vielleicht sichere
531 520 994 586 „Schlager“ prophezeit hat
991 537 1591 605 — auch der dramatische Dichter
528 567 1603 639 hat das Recht, auf seine eigene Autorität hin durchfallen zu
523 614 680 675 dürfen.
621 663 1586 730 Und gewiß hat jeder Theaterkritiker nicht nur das
520 716 1585 791 Recht, sondern auch die Pflicht, nicht blos über das zu
514 769 1584 836 urtheilen, was beim Lampenlicht auf offener Szene vorgeht,
510 804 1580 888 sondern auch über das, was im Coulissendunkel hemmend
513 868 1583 933 und schädigend geschäftig ist. Und hätte Jeder von jenem
510 909 1583 974 „Tribunal der Sechs“ für sich allein, aber in Gedankenüber¬
504 962 1574 1023 einstimmung mit den Kollegen und nach vereinbarter
507 1006 1581 1074 gemeinsamer Parole, seine. Stimme mit schärfster
504 1043 1580 1119 Tongebung zum Schützer eines thatsächlich, oder
509 1102 1572 1167 vermeintlich verletzten literarischen Rechtes erhoben, die Wir¬
501 1138 1582 1220 kung wäre eine viel mächtigere und eindringlichere gewesen,
499 1185 1571 1262 als mit dieser Autoritätspose der Selbsterhöhung zur richter¬
496 1229 1568 1316 lichen Instanz, zu einem Appellhof, gegen den es keinen Rekurs
498 1290 1567 1358 mehr geben könne. Hier sind Sechse beisammen wirklich
502 1342 1578 1412 weniger gewesen, als jeder Einzelne für sich, und es hat sich
492 1390 1575 1439 wiederum gezeigt, wie ein Effekt zunichte gemacht werden
503 1422 1572 1509 kann, weil man ihn durch unpassende Mittel zu verstärken
497 1464 673 1523 trachtet.
586 1548 1566 1632 Auf die „Urtheilsverkündigung“ des „Rathes der
497 1614 1564 1657 Sechs“ antwortet Direktor Schlenther mit einer Er¬
495 1656 1567 1718 klärung, deren Hauptpunkt, die Bestreitung der definitiven
496 1704 1557 1773 Annahme des Schnitzler'schen Stückes wir oben schon
496 1758 1563 1821 erwähnt haben und deren wesentlichste Stellen wir folgen
496 1792 659 1856 lassen:
585 1843 1565 1910 „Arthur Schnitzler hat den sechs protestirenden
489 1873 1552 1951 Kollegen einen Brief zur Veröffentlichung überlassen, den ich
930 1928 958 1957 2
489 1923 1550 1989 ihm am 13. Februar schriev. Der vertrauliche, freundschaftliche
482 1959 1545 2025 Charakter dieser Zeilen tritt ebenso deutlich in der Form
494 2006 1538 2064 hervor, wie ihr zurückhaltender, völlig unverbindlicher Cha¬
483 2039 1546 2088 rakter im Inhalt. Hätte ich geahnt, daß dieses Brieschen“) je das
490 2077 1541 2133 Licht der Oeffentlichkeit erblicken würde, so wäre ich dem weisen
490 2114 1543 2182 Rathe jenes jungen Mannes aus Schnitzler's „Liebelei“ gefolgt,
488 2155 1549 2198 der den Freund nach der Entdeckung seiner Liebesbriefe
482 2195 1537 2238 warnt: „Ich sag' es immer, man soll nicht Briefe schreiben.“
479 2225 1550 2297 Die Methode des vertraulichen Privatverkehrs zwischen
478 2275 1541 2325 Autor und Theaterdirektor, die so oft beiden Theilen Nutzen
479 2297 1540 2370 schuf und schaffen wird, ist hier leider einmal gescheitert.
484 2337 1542 2407 Andererseits ist gerade aus meinen nun veröffentlichten
473 2392 1546 2448 Zeilen vom 13. Februar klar ersichtlich, wie weit ich damals
478 2431 1547 2496 noch von dem Entschluß zur Annahme des Stückes entfernt
472 2464 1534 2522 war: ich spreche von einer „ersten flüchtigen Durcharbeitung“;
484 2498 1538 2563 ich äußere Bedenken gegen meine eigenen Kürzungsversuche:
478 2537 1546 2608 die Besetzungsfrage erregt bei mir ebenso starke Zweifel wie
475 2570 707 2636 beim Autor.
641 2593 1537 2655 .Alle Bedenken steigerten sich, als ich nach einer
483 2649 1544 2715 zweckmäßigen Pause im April nochmals an das Studium
476 2692 1531 2749 des Werkes ging. Und sie steigerten sich bei einer dritten
469 2721 1527 2789 Durchsicht im Juni erst recht. Darauf schrieb ich am 17. Juni
480 2772 1534 2833 an Arthur Schnitzler, der bis dahin nicht den geringsten
471 2807 1534 2857 Grund hatte, die Annahme des Stückes für gesichert zu
466 2850 1531 2901 halten. Dem Urtheil einer Bühnendirektion bieten sich, wie
474 2882 1508 2937 dem Urtheil der Kritik, drei Kategorien von Stücken dar
474 2925 1532 2989 Bei den einen steht die Unannehmbarkeit von vornherein
464 2946 1070 3004 fest: es sind weitaus die meisten.
567 2986 1524 3032 Bei den anderen steht die Annehmbarkeit von vorn¬
473 3018 1535 3074 herein fest; es sind die wenigsten. Bei der dritten Kategorie
466 3059 1531 3132 kann man zweifeln, und das Urtheil kann und wird nicht
463 3115 1528 3167 nur bei der Gesammtheit der Leser, sondern auch beim Ein¬
471 3150 1521 3201 zelnen schwanken. Man hat Beispiele, daß die Autoren selbst,
474 3183 1532 3244 im Laufe der Wochen und Monate, über ihre eigenen Stücke
467 3227 1516 3283 zu einer anderen Meinung gelangten und die Stücke zurück¬
471 3257 1515 3320 zogen oder umarbeiteten Man hat Beispiele, daß auch
475 3297 1518 3348 Kritiker nach der ersten Bühnenaufführung ein Stück ver¬
469 3334 1526 3393 dammten, dessen Vorzüge sie einige Zeit später anerkannten.
568 3368 1517 3433 Zu dieser dritten Kategorie scheint mir „Der Schleier
463 3401 1515 3457 der Beatrice" zu gehören. Was mich an dem Stücke immer
470 3439 1521 3501 stärker zweifeln ließ, geht aus meinem Briefe vom 17. Juni
468 3478 1514 3548 klar hervor. Dort heißt es unter Anderem: „Ich habe mich
467 3514 1520 3593 dieser Tage noch einzak sehr genau mit dem Stücke, seiner
462 3557 1513 3612 Personenfülle und ##en sienischen Schwierigkeiten, seinen
463 3593 1520 3654 feinen poetischen Reizen beschäftigt und ich bin Ihnen das
471 3638 1523 3697 ehrliche Geständniß schuldig, daß meine Hoffnungen auf einen
459 3667 1521 3734 Bühnenerfolg mit jedem neuen Studium immer mehr sinken.
463 3708 1521 3785 Nur weil mir diese Ueberzeugung sehr gegen das Herz geht,
557 3773 1518 3839 *) Die sechs Schriftsteller haben in dieser Anklageschrift
461 3803 1516 3881 einen Privatbrief Direktor Schlenther's an Arthur
457 3848 1481 3895 Schnitzler veröffentlicht, auf welchen sich die Präsumptio¬
453 3878 1476 3948 der definitiven Annahme des Stückes hauptsächlich stü
1274 3930 1534 4013 Die R###l
