3436 4448
1978 149 2447 260 box 20/6
304 143 1843 270 14. Der Schleier der Beatrice
201 603 1101 707 Nr. 132 (XXVII. Jahrgang).
1340 597 2062 704 II. Juni-Hälfte 1925.
2202 604 3158 706 Preis 20 Groschen (2000 K)
584 833 932 935 Honer
575 946 1694 1055 Näeg iadtse
1676 957 3006 1075 Gntdekkituna
643 1135 2892 1231 mit dem tägl. „Programm“ (Theaterzettel) der beiden Staatstheater zur Straßenkolportage.
2659 1247 3197 1357 Telephon Nr. 23-1-87.
2523 1269 2585 1336 10
193 1253 2551 1352 igentümer und Herausgeber: Karl Ed. Klopfer. Commandit-Verlag Klopfer & Comp., Wien, VIII., Skodagasse 28.
192 1338 3178 1414 bonnement (kann mit jeder Nummer beginnen) 1½ Schilling für 10 fortlaufende Nummern mit Postversandt: ohne Theaterzettel. Man verlange Erlagschein.
198 1451 3187 1508 Satzschluß dieser Nummer: 5. Juni. Die nächste wird ab 1. Septbr. ausgegeben.  Bei sämtl. Artikeln ist der Nachdruck verboten.
1154 1550 2182 1633 Liedern und einer symphonischen Tondichtung
2182 1546 3221 1603 die unveränderlich Kleinen und lebt in glück¬
1160 1592 1504 1676 „Kaleidoscop“.)
2176 1598 3234 1660 lichster Unkenntnis dahin. Und sie plaudert
195 1583 1155 1683 Der Schleier der Beatrice.“
1242 1619 2198 1718 Spät genug also tat sich das Burgtheater dem
2178 1649 3229 1722 weiter in heiterem Mitteilungsdrang, als blättere
206 1682 1170 1745 Schauspiel in fünf Akten von Arthur
1160 1683 2188 1751 Drama auf, dessen Schicksal es schien, von den
2187 1699 3230 1750 sie in einem Bilderbuch. Bentivoglio, Bolognas
190 1732 1161 1800 hnitzler. (Samstag, den 23. Mai zum ersten
1149 1747 2192 1807 Zeitgenossen verkannt zu werden, wurden ja heute
2175 1744 3233 1804 Herzog, ist von seiner römischen Reise zurück.
185 1774 685 1855 le im Burgtheater.)
1147 1795 2193 1855 noch kritische Stimmen laut, die in Schnitzler
2185 1799 3225 1858 Er kam mit großem Gefolg durch ihre Straße
1153 1840 2189 1900 Istets nur den Dichter des unsterblichen Süßen
210 1817 1167 1901 Es ist das erste der zwei großen Versstücke
2176 1840 3242 1912 und — nur auf ihr ließ er den Blick ruhn. Das
1155 1890 2202 1966 Mädels und den bevollmächtigten Geschäftsträger
190 1885 1173 1954 nitzlers, und man darf es als das bedeutendste
2183 1893 3237 1957 brachte ihr dann einen anmutigen Traum, als sie
1162 1947 2202 2007 der „Decadence“ erblicken wollen. So kann ein
184 1945 1167 2010 Erk des bedeutendsten österreichischen Dichters
2227 1941 3217 1994 zum Gange hierher ihre Schuhe wechselnd —
201 1987 2189 2051 Gegenwart ansprechen. Bereits 1899 ent-Verworbener Ruhm zum Verhargnis werden. Wie
2187 1986 3242 2057 auf ihrem Bette in kurzen Schlummer verfiel.
1154 2034 2194 2099 Tanders wür es, wenn man das Stück nun anonym
188 2039 1171 2101 nden, wurde es 1900 von Schlenther für's
2183 2043 3233 2107 „Denk' nur, ich war die Herzogin!“ Filippo
1164 2091 2192 2158 hätte aufführen können! Ich glaube, da hätte
195 2083 1174 2145 rgtheater erworben, um im September des
2191 2096 3238 2156 wird stutzig. Und weiter? Sie setzt ganz arglos
1154 2134 2193 2198 man allgemein begriffen, warum Schnitzler sein
190 2140 1169 2200 bigen Jahres — zurückgereicht zu werden,
2177 2127 3239 2208 fort, daß sie huldvoll nach allen Seiten gedankt
182 2191 2189 2251 sden Protest von sechs namhaften Burgtheater- Bologneser Mädchen zwischen jedes Volk und in
2181 2187 3228 2255 habe, auch ihm, Filippo, der ehrfürchtig das Knie
1144 2220 2195 2300 Jjedes Zeitalter versetzen dürfte und daß es nur
183 2234 1159 2288 itikern herausforderte, aber keine andere ein
2190 2239 3240 2307 vor ihr beugte. Und daß ihr dann gewesen sei,
1167 2289 3242 2349 auf die Umwelt ankommt, ob ein zögernd auf- als führe der Herzog sie durch ein Dunkel, ihren
196 2285 1171 2349 mische Bühne bewog, sich um das Stück zu
190 2331 1162 2395 werben, das nach der Uraufführung (in Breslau,
1156 2331 2196 2402 blühendes Weibtum — das die Neuheit jeder
2184 2317 3246 2404 Namen flüsternd und seine Lippen den ihrigen
1161 2375 2189 2436 Minute in animalischer Unschuld erlebt, sich über
213 2386 1169 2439 1. XII. 1900) in Druck erschien. Anfangs
2186 2384 3233 2452 nähernd. — Filippo stößt sie empört zurück:
1156 2428 2199 2487 Nichts oder Alles wundert und bald lächelnd
182 2441 1168 2497 03 brachte es Brahm in Berlin, erst sieben
2179 2429 3238 2498 Träume sind freche Wünsche, Begierden ohne
1154 2478 2178 2542 genußfroh, bald in furchtsamer Scheu vor ge¬
183 2481 1166 2537 er acht Jahre später kam es in Hamburg heraus.
2178 2479 3244 2540 Mut“ und nennt sie die Dirne ihres Traumes.
1166 2523 2198 2596 ahnten Abgründen triebhaft den verläßlichen
2179 2533 3241 2590 Sie kann’s nicht verstehen. Liebt er sie nicht
183 2534 1166 2599 d man scheint es nirgends gebührend gewürdigt
1156 2572 2154 2643 Führer durch die Buntheit des Daseins sucht —
186 2580 1169 2636 haben. Freilich, der Autor der „Liebelei“ und
2178 2579 3240 2643 mehr? Er weist sie aus seinem Garten. „Wann
1156 2600 2203 2676 als holdes Naturkind geliebt oder als leicht¬
2182 2623 3237 2667 soll ich wiederkommen?“ ist ihre bettelnde Frage.
197 2623 1162 2692 8 „Anatol“-Cyklus war da bereits rubriziert.
1154 2666 2189 2724 fertiges Dirnchen bis zur Hexenprobe verdammt
186 2671 1165 2728 auf eine Spezialitht verpflichtet, und „Schuster.
2189 2659 3247 2742 „Im Leben nicht.“ Das dringt ihr zu Herzen,
183 2717 1165 2774 ibe bei deinem Leisten!“ ist eine Mahnung.
1163 2717 2195 2774 wird. Das echte Weib geht unverbildet durch die
2191 2720 3238 2780 und mit schier überirdischer Heiterkeit geht es
186 2745 1168 2818 ren sich alle — Schuster befleißen, auch wenn
1156 2749 2188 2837 Jahrhunderte, denen die wechselnden Kampfziele
2179 2766 3241 2825 ihr ein, daß er ihr die Möglichkeit ließe, mit
1157 2805 2201 2873 und -spiele des Mannes den „Zeitgeist“ verleihen.
183 2810 1165 2871 sich Dramaturgen oder gar „Kunstrichter“
2189 2812 3239 2872 ihm zu sterben, wenn sie erkenne, daß sie ohne
173 2856 1178 2917 nken. Schlenther, der in Wahrheit das Prä¬
1250 2855 2187 2912 Mitten in jeder Kultur-Hochblüte sitzt auch
2189 2856 3240 2924 ihn nicht zu leben vermöchte. — Filippo fühlt
178 2905 1161 2969 niere vor einer verantwortungslosen Geheim¬
1163 2895 2191 2962 die Fäulnis. Schnitzlers Verständnis für diese
2181 2909 3235 2970 sich in seinem Vertrauen betrogen — durch den
171 2947 1168 3011 nsur spielte, gebrauchte die Ausrede, das Stück
1169 2957 2198 3026 Erscheinung hat man für die perverse Lust dran
2177 2963 3239 3030 Traum dieser undisziplinierten Mädchenseele, die
1160 3005 2192 3062 genommen. Aber der Dichter hat vielfältige
172 3004 1166 3055 ht besetzen zu können, obwohl Frl. Medelsk,
2179 3006 3241 3078 also doch nicht bis in die geheimste Falte sein
183 3054 1177 3113 mals das Gretchen spielte, bald auch die Isabel
1157 3058 2189 3118 Fühler und senkt sie in alle Kelche. Sich voll¬
2187 3058 3226 3116 Herreneigentum wäre. Er hätte ja allen An¬
182 3105 1176 3162 lderons, und sich ebenso sicher Fr. Hohenfels,
1160 3108 2188 3175 saugend mit Allem, was Lebensgenuß ist, gelangt
2177 3101 3232 3163 spruch darauf, er, der sich — nicht bloß in
183 3151 1177 3212 zweieinhalb Jahre darnach als Monna Vanna
1161 3154 2197 3228 er zu seiner Weltgefühls-Plastik, die jede seiner
2182 3150 3244 3215 Dichterträumen — jeden Tag anderen Wünschen
173 3192 1171 3265 tzückte, für die Beatrice interessiert hütte.
1156 3204 2185 3262 Gestalten zum Träger ge-griffener Wahrheit
2180 3209 3230 3265 hingibt und auch dem erreichten Idealweib, das
179 3249 1184 3310 fr den Herzog wäre wohl Georg Reimers¬
1162 3246 2186 3308 macht. Und eben deßhalb darf man ihn nie mit
2178 3249 3228 3313 mit jedem Gedankenkeim restlos die Seine wäre,
175 3290 1176 3366 Finzivalli, später Gerasch, für den Filippo aber
1157 3303 2185 3360 einer seiner Gestalten völlig identifizieren, mit
2183 3299 3226 3354 nur so lange treu bliebe, als es ihn nicht ge¬
221 3350 1174 3414 gewisser Josef Kainz zur Verfügung ge¬
1150 3353 2186 3409 diesem Filippo Loschi etwa, der wirklich ein
2179 3343 3229 3419 lüstet, sich eine Erhöhung des Glückes durch
179 3391 2197 3456 anden. Es sollte nicht sein. Nach der Ham-Dekndenter ist, bereits ein Ermüdender, der an
2180 3396 3227 3460 das Bewußtsein zu schaffen, daß es ihm auch
184 3444 2190 3505 rger Aufführung plante Alfred v. Berger alsdem Tag, an dem #r die Braut aus edlem Ge¬
2191 3451 3158 3523 noch die Freiheit ließe, sich anderswo
181 3500 3230 3556 achfolger Schlenthers die Aufführung am Burg-Ischlecht am Sterbebert ihrer Mutter mit brünsti-Zwischenstimmung zu suchen. So ergreift er
179 3531 3240 3606 eater — und starb, eh es dazu kam. Auchigem Antrag beschmutzte, aus einer bunten Volks-Tauch jetzt ein probates Mittel, sein trauerndes
182 3577 1168 3661 illenkovich und Max Paulsen versprachen sie.
1168 3592 3235 3650 menge die kleine Beatrice Nardi an sich zog Herz zu betäuben, als zwei adlige Lebejünglinge
179 3636 1176 3700 er es schob sich immer Etwas dazwischen.
1160 3641 2199 3710 und mitnahm, wie man von der Hecke die Rose
2183 3630 3241 3713 ein Paar Florentiner Kurtisanen bei ihm ein¬
177 3688 1167 3757 ittlerweil wurde der Stoff nach des Dichters
1159 3689 2195 3750 stiehlt. Durch sie, die sich dem Gold seiner
2193 3688 3239 3757 führen, die den berühmten Dichter Bolognas zu
180 3737 1166 3791 rsprungsentwurf in das Wiener Biedermeier¬
1166 3741 2195 3804 Geisteskraft wie einer neuen Sonne erschließt,
2185 3744 3239 3803 sehn und zu sprechen wünschen. Er behält sie
171 3774 1177 3846 ilien übertragen und kam als Pantomime (Musik
1170 3789 3222 3838 wird auch er noch einmal Neuempfänger. Seinsamt den mitgebrachten Musikanten bei sich. Eine
179 3827 1169 3887 n Ernst Dohanyi) unter dem Titel „Der Schleier
1161 3831 3171 3889 Vorsatz ist, mit ihr zu flichen. In eine Fremde.durchlärmte Nacht soll ihm vergessen helfen.
184 3880 1171 3937 r Pierrette“ ans Deutsche Volkstheater (jetzt
1171 3889 2203 3960 wo niemand ihn kennt und Beatrice — dort so
2259 3880 3223 3961 Zuhause wird Beatrice von ihrem Bruder
178 3936 1659 3990 ll sie mit einem russischen Giste-Ensemble am sentwurzelt wie er —
1638 3937 2187 4003 bis in die letzte Faser
2188 3921 3231 3989 Francesco, der schon den Panzer des freiwilligen
175 3979 1649 4039 aimundtheater erscheinen) — begreiflicherweis mit ihm verschmölze.
2174 3983 3236 4036 Stadtverteidigers trügt, zur Vermählung mit dem
165 4016 1178 4089 ne Erfolg, da die Handlung trotz ihrer voll¬
1243 4018 2192 4090 Beatrice erscheint: „Da hast du mich!“ Sie
2177 4035 3224 4088 Jugendgespielen Vittorino gedrängt. Die gefähr¬
176 4055 2190 4138 ramatischen Kraft mißdentet wird, wenn sie der hat sich durch arges Gedräng schlagen, müissen.
2174 4070 3235 4157 liche Stunde heischt raschen Entschluß, nur diesen
175 4105 1180 4183 Fläuternden Sprache entbehren muß, noch dazu
1167 4129 2188 4189 Ganz Bologna ist auf in Erwartung der Scharen
2184 4132 3227 4190 Abend noch ließe sich für zwei Leute ein heim¬
