3484 4352
463 805 842 888 Nachdruck verbo en.
150 868 550 960 derne Litteratur.
195 937 382 1018 XVIII.
161 982 559 1077 s neue Drama.“
138 1036 880 1133 n sich Anzeichen, daß die Talentvollen
144 1103 883 1166 ation das Bedürfnis einer höheren Ent¬
138 1144 880 1228 ers empfinden, der auch mancherlei
164 1185 873 1257 sollen. Man besinnt sich wieder auf
161 1231 885 1301 rythmischen Form, die Stoffe werden
173 1271 879 1348 in den niederen Kreisen und auf der
150 1313 886 1390 Fesucht, der Begriff der Schönheit wagt
151 1360 883 1426 genüber der platten Wirklichkeit, die eine
178 1399 892 1485 schien, kommt sogar eine Märchen¬
196 1430 896 1512 die noch vor einem Jahrzehnt mit
142 1477 898 1567 begrüßt worden wäre. Auch die Sehn¬
172 1523 901 1594 t will sich wieder regen, und so viel
136 1573 905 1642 In einer vermeintlichen zweiten Sturm= und
155 1625 899 1696 mag, die Hoffnung besteht, daß es dies¬
163 1648 908 1743 te, von der eine Erhebung des Volkes
171 1703 900 1772 und Weltanschauung ausgehen werde,
150 1743 898 1815 er dem Angesicht der Zeit den Spiegel,
164 1785 897 1875 k Kulturstimmung seiner Epoche Form
154 1847 315 1905 Flegte.“
161 1858 896 1939 längst in seinen „Jugenderinnerungen“
165 1892 906 1986 febt ihm die Entwickelung des deutschen
163 1962 909 2034 #turalismus ist heute nicht nur „über¬
159 1989 906 2094 Heradezu fremdartig an. Wir meinen
165 2089 803 2171 eund, was kann denn dieser Misere
157 2141 814 2227 nn Großes denn durch sie geschehen?“
167 2191 900 2277 Größe hat dann einerseits zu erneuter
179 2257 915 2321 n Tragiker vergangener Zeiten geführt.
174 2283 910 2360 Ausgrabungen veranstaltet, Aeschylus,
168 2329 915 2401 Lyan aufgeführt, freilich nur mit einem
173 2376 911 2449 d begreiflichem Teilerfolge, denn diese
174 2424 915 2490 Zeit Buchdramen geworden und keine
156 2461 915 2526 und Darstellung kann den Umstand be¬
167 2510 917 2579 nzigsten Jahrhundert leben, daß unser
168 2553 913 2629 sere Interessen und Anschauungen neue
206 2581 914 2655 Wir sind andere Menschen und finden
167 2638 917 2706 kur zu einem kleinen Bruchteile winden.
159 2680 917 2739 eginnt die dramatische Produktion der
164 2714 920 2801 er Romantik zu liebäugeln. Und ihr im
174 2765 918 2828 k und Mystik. Die großen Fragen des
164 2804 923 2875 es Zwiespalts zwischen Natur und Kultur,
165 2852 929 2918 Siduum und Allgemeinheit werden wach,
177 2892 917 2964 en mit Recht nach dem farbenprächtigen
172 2932 925 2996 der Verssprache, nach einem erhabenen
170 2977 923 3041 d weitschichtiger Probleme umrahmt. Die
182 3023 928 3087 sehr ferne, da wir wieder Könige und
187 3057 923 3129 sehen, da uns wieder der starke Atem
192 3110 931 3165 d Laster anweht, die eine zeitlang allzu
179 3147 921 3218 drig gefaßt wurden. Das letzte Wort in
170 3191 921 3267 Kramas wie in der Fortpflanzung jeder
169 3233 931 3302 ildeten — dieses Wort im strengsten
179 3274 929 3346 prechen. Weder der Künstler noch das
185 3324 935 3391 se Entscheidung. Wenn die Minderheit
171 3371 891 3432 em Künstler ihr Interesse verweigert,
182 3407 932 3472 prochen. Wohl ihm, wenn er sich in
203 3453 925 3508 für ein verkanntes Genie hält. Ver¬
183 3485 942 3562 ie das Gleiche thun, werden ihm nicht
174 3536 933 3608 In er die Massen begeistert, sein Lob auf
200 3566 929 3636 8 Geld in allen Kasten springen hört.
202 3614 937 3690 an seiner eigenen Unfruchtbarkeit, durch
180 3664 829 3734 gn und Ritung zu grunde gehen.
172 3670 945 3762 s sichtbare Streben nach einem neuen
190 3732 877 3800 das Publikum und — die Dichter?
185 3775 935 3825 Backfischen und liebenswürdigen Jüng¬
180 3829 947 3891 Penserfahrung überlassen das Theater heute
196 3850 943 3922 halten. Es ist Geschäft, nichts weiter.
197 3910 941 3980 dem Publikum litterarisch zu kommen so
217 3931 949 4009 für eine Weile verschwinden, wirkliche
181 3989 945 4058 igwohnten Räume. Ob Naturalisten,
191 4034 946 4096 listen, das hängt von der jeweiligen Mode
181 4075 943 4143 mustergültigen Betrieb wenig einzuwenden.
177 4120 945 4176 er in erster Linie ein Geschäft bleiben,
181 4156 946 4217 Eilluren annimmt oder nicht. Allein die
191 4200 950 4267 brauchten nicht in erster Linie von dem
195 4250 951 4312 u sein, sie könnten ihr vornehmstes Augen¬
766 4289 840 4343 11111
222 4283 697 4357 Der iibbergenetung
866 284 3244 415 Fehlt leider nur des Bild, das in diesen Rahmen paßt. Ver= mit ihm zu sterlen. Doch im letzten Augenblicke schreckt pie der
2060 367 3245 418 käßlich bittere Tod, den sie lebendig auf dem Antlitz des Ge¬
872 365 2048 440 gessen wir nicht, es sind ganz dieselben Leute, die gestern noch auf das
2058 393 3240 449 liebten sieht, sie flieht zurück ins Leben. Ein kostbarer Schleier,
874 415 2059 482 Detail eingeschworen waren und heute eine großzügige Freskokunst an¬
2062 432 3244 498 den sie in seinem Hause gelassen hat, wird ihr verderblich. Der
873 455 2050 518 streben. Die Naturalisten von gestern sind über Nacht Märchen.
2053 460 3241 530 eigene Bruder, der ihre sündelose Schuld nicht faßt, giebt ihr den
893 497 2052 570 hantasten und Traumdenter geworden. Alle Freude an den
2061 518 3243 581 Tod, als ihr der Herzeg selbst schon mitleidig das Leben ge¬
881 540 2053 620 girklichen Blättern und Blüten ist ihnen eegällt. Nur die
2060 575 2297 642 schenkt hat.
904 578 2059 681 zie Blume kann ihnn den Sinn des Lebens erschließen.
2123 591 3246 658 Nicht nur die Zeichnung Beatrices und Filippos ist wunder¬
920 625 2058 688 un vorher nur die brutale Wirklichkeit des Lebens sprach,
2050 644 3247 730 voll geglückt, zugleich ist das Kolorit der Zeit glänzend getroffen,
924 654 2065 748 n alles erdenfeste Sinnlichkeit war, so wird nun die Erde auf
2060 682 3249 756 und eine feelisch reiche Handlung mit vielen, oft verwirrend
917 712 2058 779 ###l unseren Blicken entrückt. Wir schweben zwischen Himmel
2058 732 3252 790 vielen Nebengängen in einen großen Rahmen eingespannt.
882 756 2065 822 #o Erde und vernehmen eine seltsam tönende Seelensprach:, der
2061 781 3252 843 Leider stört in der Führung ein Mangel an Energie, an einem
875 793 2066 865 alles Leben fremd geworden ist und das Erdleben allein
2067 813 3255 892 zouhaften Hin und Her zwischen Leben und Streben. König
881 840 2074 914 wichtig erscheint. Dort ein Leben ohne Seele, ohne jenes Geid#ee¬
2064 858 3250 933 Zufall und König Laune spielen in diesem romantischen Reiche
881 874 2057 957 element, das jeden Stoff adelt und alles Stoffliche vergessen läßt.
2073 902 3257 975 eine allzu große Rolle. Immerhin sind der Schönheiten über¬
880 922 2068 1006 Hier eine Stele ohne intensives Leben, ohne jenen Erdgeruch, der
2064 937 3258 1005 genug in diesem Werke, um einen neuen großen Schritt in der
876 965 2061 1052 uns an das Wesenhafte dieser Dinge glauben läßt. Eine neue
2062 1003 3256 1060 hoffnungsreichen Entwickelung Schnitzleis erkennen zu lassen, der
888 1006 2064 1086 Richtung, die beides zu verbinden sucht, kann dem deutschen Drama
2072 1034 3254 1110 sich aus der engen Spläre der Lebewelt und des Grisettentums,
886 1051 2068 1118 wenig heifen. „Richtungen“ und „Schulen“ sind immer ein Aus¬
2076 1072 3252 1138 aus liebenswürdigem Tändeln und süßer Melancholie, in be¬
884 1094 2061 1171 druck der Schwäche, der geringen Eigenart. Das neue Drama
2072 1131 2665 1199 deutende Probleme hineinwuchs.
881 1136 2066 1205 I wird weder die „Heimatskunft“ schaffen noch irgend eine andere
2134 1140 3260 1230 Ein Romanliker ist auch Kittner in seinem „Wieder¬
887 1184 2071 1247 Gruppe von Schriftstellern, die ihre Werke mit einem Schlagwort
2078 1198 3260 1276 finden“. Er hat den Ton oft etwos zu süß und weichlich ge¬
889 1218 2074 1300 etikettieren. Wohl aber ein Künstler, der das, was den geistigen
2076 1240 3263 1307 nommen, das ist aber nicht Affektation und noch weniger schau¬
890 1268 2072 1334 Adel seiner Zeit beschäftigt, an einem bedeutenden Thema darstellt,
2079 1261 3270 1353 spielerische Sentimentalität. Der Dichter läßt hier so gar nicht
891 1309 2071 1383 eine Persönlichkeitt, die eine eigene Welt besitzt, ein eigenes
2087 1321 3278 1405 den Schauspieler erkennen, daß er sich gerade technisch oft recht
892 1362 1452 1446 Herz und eine eigne Sprache.
2087 1357 3270 1441 ungeschickt austellt und auf alle litterarischen Reminiszenzen ver¬
2091 1403 3267 1486 zichtet. Die eben besagte Weichheit liegt in seiner Natur, in
2090 1461 3276 1528 seinem durch und durch musikalischen Empfinden. Wenn wir in
946 1478 1239 1570 Ich behandle:
2082 1501 3267 1563 den Liebesscenen der beiden Jugendgespielen manches herber und
1053 1515 2080 1631 Ernst Rosmer „Mutter Maria“. Berlin S.
2087 1542 3275 1615 entschiedener wünschten, so entspräche diese Festigkeit nicht der
2075 1583 3271 1663 Natur des Dichters, der doch ein Recht sich selbst zu geben.
1126 1599 1300 1670 Fischer.
2086 1630 3263 1694 Und dafür, daß er ein Erlebnis, das ihm zum Gebicht wurde,
1056 1618 2075 1724 E. v. Keyserling „Der dumme Hans“.
2091 1670 3279 1740 ohne jedes Raffinement, das doch dem Schauspieler gefährlich
1125 1691 1525 1759 Berlin 8. Fischer.
2097 1722 3285 1788 nahe liegt, dargestellt hat in schlichter künstlerischer Reinheit,
1056 1703 2076 1808 Rudolf Rittner „Wiederfinden.“ Berlin.
2084 1768 2775 1850 dafür werden wir ihm dankbar sein.
1120 1783 1787 1859 1901. Bruno und Paul Cassirer.
2145 1774 3285 1859 Von der eigentlichen Fabel abgesehen, die zwei Menschen, die
1060 1810 2092 1915 Arthur Schnitzler „Der Schleier der
2092 1849 3253 1909 sich einst lieb hatten, in der Fremde wieder zusammenführt —
1134 1868 1810 1955 Beatrice.“ Berlin 8. Fischer.
2089 1873 3279 1961 sie als Chansonette ihn als berühmten Komponisten —, ist das
1060 1899 2083 2000 Georg Hirschfeld „Der junge Goldner.“
2092 1914 3283 1987 Grundthema des Dramas die Roheit des Lebens, das nicht nur
1132 1979 1512 2043 Berlin S. Fischer.
2088 1966 3282 2039 die Schwachen schändet sondern auch den Starken, Selbsteigenen
2090 2012 3284 2088 ihr Bestes raubt, die Ideale ihrer Jugend. Unser Träumen und
1063 2007 2083 2105 Alfied W. Heymel „Der Tod des Narcissus.“
2097 2055 3288 2130 Hoffen wird vom L.ben genarrt, wir waren Kinder, das ist auch
1126 2075 1429 2144 Insel=Verlag.
2088 2094 3279 2179 ewig dahin, wir werden Menschen („Da sind wir was rechis“
969 2094 2096 2191 Alle dramatischen Novitäten des letzten Jahres, die einen
2097 2139 3294 2209 meint einmal Herder) und spüren das Weh der Welt so tausendfach.
919 2153 2089 2241 lüterarischen Wert besaßen, hat die Bühne abgelehnt. Kittners
2093 2185 3284 2249 Das ist auch die Tragödie des Künstlers, an der Erfüllung
918 2204 2097 2289 „Wiederfinden“, Rosmers „Mutter Maria“, Keyserlings
2095 2227 3289 2303 seines Strebens leidet und zurückbegehrt in die Zeiten der
926 2243 2097 2325 dummen aus". Ich fürchte, Schnitzlers „Schleier der
2096 2285 2574 2356 Kindheit und Sehnsucht.
1134 2288 2097 2359 des nicht anders gehen. Das giebt zu denken.
922 2312 1104 2371 Beatrice
2150 2302 3299 2377 Wenn hier diese Kindheitsträume in einer frisch und flott
923 2334 2099 2417 Zweierlei ist möglich. Entweder sind diese Dramen nicht
2106 2352 3308 2435 gezeichneten Komödiantenwelt angesiedelt werden, so begegnen wir
928 2375 2089 2451 bühnenfähig, oder die heutige Bühne im weitesten Sinne
2100 2382 3320 2472 einer stärkeren und zugleich stillosen Mischung von Lebens=“
915 2413 2101 2497 Künstler und Publikum einbegriffen, ist nicht fähig sie
2097 2432 3314 2517 wahrheit, moderner Satire und Märchenphantastik in Keyserlings/
922 2466 2092 2537 aufzunehmen. Dies ist das wahrscheinlichere. Ein Buchdrama
2101 2503 2519 2575 „Dummem Hans“.
917 2509 2090 2577 ist ein toter ästhelischer Begriff. Buchdramen hat es nie
2154 2506 3297 2587 Der Held ist eine echte und rechte Märchenfigur, eine jene
922 2544 2096 2623 gegeben. Jedes echte Drama ist auf die Aufführung hin ge¬
2102 2561 3299 2646 stillleuchtenden Künstlernaturen, die in der Wilt für Dummköpie
921 2589 2092 2671 schaffen. Der Dichter sieht seine Menschen agieren, im fort¬
2107 2605 3307 2690 gelten, weil sie die harte Not des Lebens mit Traum und
922 2636 2072 2713 währenden Gegenspiel der Interessen und Gefühle. Oder er ist
2105 2654 3298 2728 Sonne übergolden. Einer von den Einfältigen, die doch
925 2676 2099 2747 kein Dramatiker. Das Gefühl für das eigentlich dramatische ist
2103 2698 3297 2781 schließlich klüger sind als alle Neuumalweisen, weil ihnen ihr
920 2717 2103 2809 freilich unter den gegenwärtigen deutschen Dichtern nur partiell
2108 2746 3307 2814 Herz die Rätsel der Welt besser erschließt als alle Politik der
925 2759 2108 2850 vorhanden, es lebt nur in der Einzelseene. Um den großen
2117 2777 3305 2856 schlauen Leute. Und so führt auch hier der dumme Hans die
932 2811 2111 2875 hinreißenden Zug, den willensgewaltigen Strom des Ganzen zu
2105 2814 3311 2888 Braut heim, das Fräulein vom Schlosse. Es schiert ihn wenig,
932 2844 2121 2930 finden, muß man freilich zu Ibsen und Björnson hinüberblicken.
2108 2861 3304 2937 daß bei seinem Verlöbnis die Totenglocken klingen, daß er unter
927 2894 2111 2968 Oder man muß zurückgehen auf Kleist, Grabbe, Hebbel,
2109 2912 3308 2987 dem falschen Verdachte, den Gutsherrn erschossen zu haben, zum
932 2933 2109 3012 Ludwig als die Ahnherren des modernen deutschen Dramas.
2107 2962 3307 3027 Tode geführt wird. Er hat das Leben genossen und der Wald,
933 2975 2106 3045 Den Neueren fehlt die rechte Continnität der Handlung, sie
2103 3019 2877 3090 der liebe, märchenreiche Wald ist gerettet.
936 3023 2104 3098 geben nur Einzelscenen, die durch lose Gedankenfäden und
2184 3024 3316 3113 Diese Märchenstimmung hat der Dichter leider nicht durchweg
924 3062 2113 3151 Personen verkrüpft sind. Sie erheben sich zu wenig über ihrem
2120 3080 3308 3155 festgehalten, er zerstört sie zeitweilig durch naturalistisch gezeichnete
932 3101 2103 3174 Stoffe, sie stecken zu tief darin, leiden zu sehr unter dem Drang
2109 3125 3303 3192 Bauermisere durch feudale Satire à k Simplicissimus, durch
932 3142 2115 3215 ihrer Gefühle und Offenbarungen. Es fehlt die rechte Freiheit,
2120 3179 3000 3250 cynisch=realistische Kerkerseenen im Operettenstil.
938 3192 2111 3269 die rechte Roheit mit der ein Künstler sein Gebilde schlägt und
2171 3201 3311 3270 Nach dem mythologisch=lyrischen Singsang des Inseldichters
933 3226 2127 3321 meißelt. Wo der Wille triumphieren soll, herrscht noch dasselbe
2121 3249 3301 3329 Alfred Walter Heymel („Der Tod des Nareissus“)
939 3273 2113 3342 Gefühl, das unsere Lyrik so reich ausgebaut hat. Noch einmal,
2121 3285 3315 3372 über dem ich neues nicht zu sagen weiß, zu Georg Hirschfeld.
939 3311 2122 3394 die Ideen sind da, und auch eine gewisse Größe der Anschauung.
2111 3337 3321 3420 Dichter erhalten rasch genug ihr Sigualement. Hirschfeld gilt
937 3357 2122 3434 Es mangelt nur die Concentration und das echte compositorische
2114 3378 3317 3455 als „fein und still“. Pamdex möchte man ähnlich wie bei dem
938 3402 2118 3479 Talent. Wir haben gelernt, Farben und Töne, Stimmungen
2116 3423 3315 3499 stumimen Spiel von Schauspielern sagen, er ist am besten da, mo
933 3450 2112 3527 und Reflexe wiederzugeben, nun heißt es die große Linie
2127 3473 3316 3540 er nichts sagt. Wo die Herzen so gestimmt sind, daß sie unter
937 3511 1233 3582 wiederzufinden.
2122 3504 3310 3580 der leisesten Berührung wie von selbst erschauern. Diese leise
2015 3529 2107 3587 ge¬
1003 3514 2031 3600 Erust Rosmer hat ein Drama „Mutter Maria“
2125 3552 3316 3619 Note hat er auch diesmal beibehalten. Das Thema des „jungen
933 3575 2124 3649 schrieben. Es erscheint notwendig den Inhalt kurz anzugeben.
920 3643 3319 3706 ist ein Märchendramg die Dichterin selbst nennt es einhGoldner“? Ein nicht aufgeführtes Drama. Der Direktor
944 3680 3328 3739 FTotengedicht. Ein trotzig=kühner Bergjäger steigt in bie des neubegründeten Nationaltheaters einer „großen mitteldeutschen
2116 3677 3318 3737 I Universitätsstadt“ sieht seine Absicht mit dem dramatischen Erst¬
939 3695 2118 3783 Einfamkeit des Hochgebirges auf, von Begierde getrieben, ins
2126 3728 3315 3791 ling seines Freundes Goldner zu eröffnen durch den Widerspruch
941 3738 2129 3826 „Jnnerste der Natur zu dringen, die Bergschwester wiederzusehen,
2132 3761 3317 3835 des kunstgewaltigen Stadttyrannen, der in seinen Mußestunden
940 3791 2131 3861 die er schon einmal zwischen Schnee und Sonne auf hohen
2125 3804 3292 3896 auch Verse macht, gekreuzt. Er beginnt also mit dem „Hamlet“
946 3820 2119 3905 Firnen geschaut hat. Vergebens sucht ihn der Einsiedler zurück¬
2133 3825 3327 3913 und der unaufgeführte Autor der „Nachtfalter“ hält beim
939 3867 2132 3938 zuhalten, der ihm zu Häupten den schwarzen Tod erblickt. Der
2134 3885 3325 3978 Fröffnungssouper eine volks= und philisterfeindliche Rede. Darum
947 3908 2126 3968 Njäger erreicht die Geliebte und fällt und stürzt. Im selben
2133 3949 2400 4015 ein Drama?
947 3949 2126 4030 Augenblicke scheint sich das starre, tote Marienbild, das der
2195 3958 3319 4037 Rückblickend auf die einleitenden Ausführungen mag man dort
954 3990 2127 4075 Einsiedlers in den Fels gehauen, zu beleben. Die Bergschwester
2137 4016 3320 4084 mehrfach die Ergänzung und die Verallgemeinerung der hier be¬
952 4043 2126 4102 wird durch das Mitleid über den Tod des Jägers Mensch.
2138 4058 3305 4129 sprochenen Einzelwerke finden. Die Moral von der Fabel. Di
953 4072 2133 4152 Durch seine Umarmung ward sie Mutter, Mutter Maria.
2137 4097 3302 4171 deutsche Bihne geht sichtbar bedeutenden Wandlungen entgegen
955 4121 2122 4189 HHungernd und frierend eilt sie durch die Lande für ihr Kind
2122 4144 3299 4234 Möge sie Dichtung, Darstellung und Publikum bereit finden. H.L
948 4160 2128 4221 Obdach und Nahrung zu erbetteln, nachdem sie sein Leben dem
955 4204 2138 4271 Tode abgetrotzt hat, der es schon in seinen Knochenarmen wiegte.
948 4245 2139 4309 1 Einmal aber kommt ihr die Stunde des Vergessens. Von dem
