3484 4320
1966 170 2424 263 box 20/5
313 167 1837 267 14. Der Schlefen der Beatrice
3002 1187 3386 1259 völlig verstanonisth
1767 1191 3013 1265 wohnenden und von ihm ausgehenden dämonischen Tragik
528 1201 1767 1268 bestimmen lasse. Aber zu welch langweiliger, pedantischer und
3004 1246 3377 1299 beine Ahnung von
1756 1255 3005 1314 keine Ahnung hat, dessen Schlauheit ihm angeboren ist, fein
531 1250 1763 1296 schließlich auch kuiturwidriger Auffassung führt diese be¬
3005 1286 3375 1335 ersten Szenen des
1768 1297 3000 1343 behende mit Notlügen zur Hand, von sehr entschiedenen Ge¬
537 1291 1769 1354 schränkende und beschränkte Anklammerung an vielleicht im
3001 1322 3371 1379 schade, wenn dort
1764 1340 3003 1390 fühlen bei sehr unentwickelter Denkfähigkeit, immer nur dem
529 1338 1768 1394 Kern nicht unrichtige Erkenntnisse, wenn sie nicht der Schöpfer¬
2995 1359 3369 1414 gesprochen werden
1762 1375 2997 1435 Augenblick lebend und sich bei allem Tun keiner Schuld be¬
532 1376 1771 1435 kraft Anregung geben, sondern nur der raffinierten talmi¬
3002 1403 3383 1463 gehen auf die Prän
1767 1412 3002 1476 wußt, aber die Notwendigkeit seines Handelns sehr klar
521 1423 1451 1493 dichterischen Exegese zur Grundlage dienen.
2998 1437 3375 1495 „Goldfische“,
1776 1470 2998 1523 fühlend, ohne auch nur eine Sekunde nachzudenken. So voll¬
611 1455 1762 1525 Hagemann hat das Werk in einer Weise inszeniert, die
3001 1468 3384 1530 die des Goldes er#
1771 1512 2999 1569 endete Frau Valéry mit ihrer feinen Kunst, was Schnitzler
3004 1515 3363 1564 werken, die man
519 1512 1769 1578 zugleich pomphaft und geschmackvoll ist. Rein als Bühnen¬
3003 1554 3384 1609 gerne gefallen lasse
1763 1557 2995 1605 unvollendet ließ, dessen Hand bei der Zeichnung dieser Figur
537 1557 1762 1607 leistung genommen, war die Inszenierung vortrefflich; die
3004 1584 3370 1642 ihre Darstellung i
1763 1596 3006 1661 oft unsicher geworden ist. Die Rosine Frl. Mays war in der
528 1598 1764 1651 Hintergründe der einzelnen Szenen waren dem Entwurf nach
2993 1631 3387 1689 hinaus zu fördern
1772 1641 3000 1707 Charakteristik sehr sicher erfaßt; der Bruder der beiden
524 1644 1767 1706 von starker Großzügigkeit, in der Ausführung von farben¬
2991 1659 3372 1722 Theaters. Dem of
1771 1672 3003 1735 Schwestern, der dem Valentin im Faust nachgeahmte Fran¬
527 1683 1774 1743 reicher Schönheit, die den Märchenreiz der Dichtung und die
3000 1691 3387 1765 Situationen bracht
1769 1716 3001 1780 zesco, wurde von Konrad Gebhardt mit jener unbestechlichen
529 1731 1771 1794 Renaissancewirklichkeit in poetischer Durchdringung mit¬
2995 1734 3382 1798 Frank=Witt all
1754 1772 3001 1825 Bravheit und jenem überschwang gespielt, die die entscheiden¬
519 1763 1769 1826 einander verschmolz. Vor einzelnen der Bilder mit ihren fein
2994 1781 3374 1840 Frau Bach=Clen
1758 1804 2997 1867 den Wesenszüge des feurigen Junglings sind. Vollendet in
3001 1812 3367 1872 als Roué a. D. P
530 1811 1762 1882 gestimmten Beleuchtungen konnte man ins Träumen geraten,
2999 1856 3376 1909 wandloser Leutnan
1768 1856 3003 1913 der feinen Individualisierung ihrer beiden Rollen wirkten
526 1843 1762 1917 wie vor Böcklintafeln, und Schnitzlers darüber vergessen.
2992 1886 3376 1954 Besitzes an künstler
1765 1898 2997 1959 Frau Doré und Frl. Schneider als florentinische Courtisanen.
531 1905 1760 1962 Böcklins konnte man auch der Gestaltenfülle gegenüber ge¬
2987 1930 3382 1993 In dieser Umgebun
1767 1929 2999 2003 Anschauliche und überzeugende Charakterbilder zeichneten
528 1940 1771 2000 denken, die in ihren prangenden Kostümen diese Rahmen er¬
2998 1974 3386 2030 von Koßwitz es nich
1764 1976 3003 2045 dann noch Andresen in seinem bedächtigen Geheimschreiber
516 1988 1769 2050 füllten, diese Hintergründe belebten. Schnitzler hat dreiund¬
2988 2005 3382 2069 großen Sicherheit i
1760 2033 2992 2090 Cosini, Kreidemann in seinem Haudegen Carlo Magnani,
538 2029 1759 2093 fünfzig Darsteller für seine Tragödie nötig, dazu noch Adelige,
2999 2040 3379 2105 Debutant, Herr L
1764 2058 2999 2143 Röhl in dem Hauptmann Guidotti, v. Dollen in dem jungen
1247 2061 1758 2144 ". Er hat es seinen Re¬
519 2069 1269 2147 Bürgerliche, Soldaten, kurz: „Volk“
2995 2079 3376 2150 diese Sicherheit, de
1756 2124 2991 2173 Liebhaber Beatricens Pittorino Monaldi Heinrich Lang als
520 2118 1763 2178 gisseuren nicht leicht gemacht. Aber Hagemann hatte es
2997 2120 3374 2179 fordert werden m
1765 2168 2997 2221 Bildhauer Manussi, Wlach als Lautenspieler Dossi. Aber es
2996 2159 3374 2238 hilflos und unbea
512 2159 1758 2222 prächtig verstanden, diese Figuren — zum größten Teil sind
3001 2208 3147 2273 stand.
1763 2207 1866 2260 ist
1877 2215 2993 2267 — bei der Fülle guter Leistungen in einem so überreich
508 2210 1761 2267 es Figuren — lebendig zu machen und das Hochzeitsfest wirkte
1763 2251 2998 2304 besetzten Stück und angesichts der vorgerückten Stunde—leider
523 2246 1769 2311 durch die lebendige und natürliche Gliederung der Ensemble¬
3072 2252 3382 2333 wh. [Altonaer
1767 2293 2999 2351 nicht angängig, hier weiter auf Einzelheiten des Spiels ein¬
513 2290 1766 2354 und Massenszenen bezaubernd echt. Daß die Darsteller der
2995 2288 3358 2374 sahen wir gestern
1772 2326 3001 2393 zugehen. Die Zuschauer nahmen das Stück mit unschlüssiger
512 2337 1766 2396 hervorragenderen Rollen unter der Führung Hagemanns
2993 2347 3377 2397 Eidal. Es ist natü
1755 2372 2956 2449 1 Kühle auf und der Beifall am Schluß klang ziemlich lau.
3000 2378 3377 2442 abschließendes Urte
508 2381 1765 2438 Vortreffliches leisteten, ließ sich erwarten; wie die Glieder
2994 2421 3382 2476 kann man indessen
512 2422 1775 2478 einer Kette griffen die Szenen ineinander und selbst in die
2691 2430 2959 2505 Iven Kruse.
3002 2456 3383 2527 besitzt eine naürlich
515 2474 1761 2531 Verse, von so guten Sprechern mit flutender Rhythmik er¬
2995 2504 3375 2561 in der Lage, ihre
520 2510 1763 2577 füllt, kam Klang und Leben und sie wirkten so zum Teil nicht
3001 2534 3378 2612 Spiel, besonders in
523 2554 1776 2611 übel. Mar Montor hatte den Dichter Filippo Loschi über¬
2081 2554 2719 2652 Theater und Kunst.
3000 2574 3380 2643 Für ähnliche Rollen
508 2603 1768 2663 nommen; er zeichnete diese Gestalt — in Sprache, Mimik und
2995 2612 3375 2679 treterin sein. Herr
520 2628 1773 2706 Bewegung gleich belebt — mit großer Feinheit: die regellos
2393 2637 2967 2722 Hamburg, den 3. September.
3003 2653 3380 2713 kalten Geschäftsma
516 2680 1766 2751 flutende und ebbende, leicht erregbare Seele des
2994 2691 3375 2755 Sohn das Pathetisc
1833 2702 2995 2773 W. [Thalia=Theater.] In neuer Einstudierung ging gestern
2987 2727 3378 2786 lebenswahr spielte
512 2721 1769 2795 Dichters seine Reizbarkeit und Schwermut kamen
1758 2735 2987 2815 das Schönthan=Kadelburgsche Lustspiel „Goldffsche¬
3001 2768 3384 2824 Eldal. Frau Ste
1613 2756 1766 2831 Aus¬
509 2756 1632 2841 anschaulich, aber ohne jede übertreibung zum
1758 2797 2994 2857 in Szene. Von dem einen Teil dieser Schriftstellerfirma — Kadel¬
2996 2816 3383 2866 Vergangenheit“ für
507 2807 1588 2889 druck. Carl Wagner schuf dazu in seinem
1584 2810 1784 2891 Herzog
1761 2830 3001 2899 burg — erfuhren wir erst kürzlich, daß er sechzig Jahre alt ge¬
2987 2833 3371 2896 drucksmöglichkeiten.
523 2852 1593 2929 eine wohlerwogene Kontrastfigur; wohlwollend,
1586 2867 1762 2919 jovial,
1760 2880 2996 2926 worden ist. Franz v. Schönthan dürfte kaum jünger sein. Das
2993 2875 3385 2946 des lebensklugen #
519 2889 1769 2960 geistig und leiblich seinem Hofstaat bei weitem
1765 2909 2990 2960 Rezept, nach dem die „Goldfische“ gearbeitet sind, ist aber jeden¬
2985 2915 3387 3004 gut besetzte Hausn
1760 2949 2992 2999 falls so alt, wie die beiden Herren zusammen. Die kleinen Ver¬
523 2940 1762 3000 überlegen, wirkte er durch seine ruhige und heitere Hoheit,
2992 2963 3113 3037 auf.
1770 2986 3006 3048 wickelungen und Mißverständnisse, die das dünne Gewebe der
525 2981 1764 3052 die nur beim Einsetzen des Konflikts einer leichten, aber gut
3064 2999 3378 3083 = [Zum Neub
1766 3028 2995 3084 Handlung wie Nähte zusammenhalten, wären unmöglich, wenn
521 3027 1763 3091 beherrschte, mehr nach innen gewandten Beunruhigung wich.
2988 3044 3386 3122 wird sind die Vorc
1756 3059 2992 3125 die handelnden Personen die Hälfte von dem, was sie einander zu
514 3085 1760 3133 Sehr fein und sehr bestimmt suchte Frau Valéry der weit
2992 3094 3387 3165 die Verhandlungen,
1769 3098 2994 3151 sagen haben, nicht für sich behielten, bis zu dem einen Augen¬
515 3126 1765 3187 versprengten Eigenschaften der Beatrice Herr zu werden, und
2996 3143 3380 3203 Generalintendantur
1754 3128 2994 3204 blick in dem es den Verfassern paßt, sie ihrer Enthaltsamkeit zu¬
520 3156 1762 3220 das gelang ihr überraschend gut; äußerlich und innerlich blieb
1764 3188 2986 3245 entbinden, ebenso wäre aber auch das ganze Stück unmöglich, wenn
2989 3175 3377 3241 daß sie in kurzer Z
518 3221 1767 3278 (die Künstlerin das seinen Instinkten anheimgegebene an¬
1751 3221 2997 3281 das Publikum auf das ihm zugemutete Blindekuhspiel nicht be¬
2990 3223 3381 3279 und danach den für
519 3272 3371 3342 mutige und schmiegsame Kindweib, das von der ihm inne¬ reitwillig einginge, und nicht täte, als stände es dem Geschehenden sicht genommenen
