3436 4448
1931 190 2351 278 box 20/4
260 188 1758 288 14. Der Schleien der Beatrice
207 1191 489 1266 A
863 1231 3232 1295 Rollen von den Personen zu bewußt aufgenommen, und selbst die verkündet, daß nicht die That unsterblich ist sondern das Lied und
853 1276 3223 1337 kleine Heldin Beatrice sieht man an einem Faden gezogen, die die letzten Verse, die wiederum das Leben im Augenblick, im
128 1277 480 1362 Feuilleton.
867 1326 3216 1370 weiter nichts soll als leben ganz aus sich heraus, nur von ihrem starken Handeln und im raschen Genießen feiern kommen zu spät,
876 1354 3216 1421 launisch springenden Verlangen, von der Zugkraft weiblicher und kind= um sich noch als wuchtigen Abschluß und erschöpfenden Grund¬
121 1355 535 1432 ater und Musik.
879 1408 2048 1456 licher Instinkte durch märchenhaft wechselnde Abenteuer geführt. Die
2050 1412 3219 1466 gedanken einzusetzen. Dieser Philippo, der nicht unbedenklich ge¬
118 1432 577 1499 tsches Theater.
859 1434 2037 1499 Schwäche des Stückes, der Mangel eines den Stoff durchdringenden
2053 1442 3215 1500 nießen kann, der niemals zuzupacken wagt aus Furcht,
151 1463 869 1545 Zum 1. Male: Der Schleier der
879 1480 2039 1530 Willens verräth sich auch dadurch, daß es mindestens dreimal ge¬
2053 1475 3213 1546 eine von seinen Illusionen zu zerbrechen hat sich durch¬
123 1514 805 1570 n 5 Akten von Arthur Schnitzler.
2049 1527 3215 1574 weg als einen weichen modernen Dekadenten erwiesen,
866 1518 2035 1573 zwungen wird, sich selbst zu erklären und wir würden ihm ziemlich
126 1546 870 1621 edrama hat eine zum mindesten sehr
875 1560 2047 1613 rathlos gegenüberstehen, wenn nicht verschiedene Personen die
2043 1554 3224 1616 und wenn der Mann der That sich vor ihm neigt,
118 1596 867 1655 efunden, ohne daß es uns gezwungen
2037 1588 3220 1646 so kommt Schnitzler ungefähr dahin, wohin er nicht kommen wollte:
869 1598 2038 1660 Schlüssel brächten, um durch die Erschließung der Hauptfigur zu¬
114 1627 870 1694 gelbst, an der Zukunft seines feinen, ein¬
873 1643 2042 1705 gleich sein Inneres zu öffnen. Am erschöpfendsten sagt es der
2042 1640 3222 1695 bei dem Versuch, eine Höhe des Lebens mit Ungestüm zu nehmen,
121 1676 871 1735 u zweifeln, das sich zu einem wohlklingen¬
2045 1682 3229 1720 ist er wieder ins Literarische gefallen. Aber in seinem Drama ist
869 1681 1033 1746 Herzog.
123 1715 881 1765 timmungen gemacht hat, die aus einer
2047 1717 3224 1767 ein großer Reichthum verstreut an fein aufgegriffenen Stimmungen,
1024 1697 1800 1770 Warst Du nicht, Beatrice, nur ein Kind,
1508 1755 1555 1787 14
131 1754 893 1804 serer Zeit mit der Nothwendigkeit von
2044 1753 3230 1812 an tief gehenden Lebenseinsichten an melancholischen, geistreichen
1018 1750 1835 1797 Das mit der Krone spielte, weil sie glänzte, -
132 1798 888 1842 ervorgehen. Das ist sein persönlicher Er¬
2051 1795 3222 1848 niemals unbedeutenden Gedankenspielen und so lange wir uns
1022 1793 1922 1858 Mit eines Dichters Seel', weil sie voll Räthsel, —
129 1836 879 1886 hicksale auch seinem Werke beschieden sein
2042 1839 3222 1889 auf den Rhythmen dieser graziösen Verse schaukeln, vergessen wir
1023 1835 1843 1891 Mit eines Jünglings Herzen, weil's Dir just
128 1859 875 1921 und besonders die dramatische, die dem
1019 1864 1813 1912 Geschenkt war? Aber wir sind allzu streng
2046 1872 3232 1930 unter dem Stimmungszauber dieser Fahrt, daß es ohne Richtung
126 1906 882 1967 kitt bewegt sich immer in Ellipsen,
1021 1892 1856 1962 Und leiden's nicht, und jeder von uns wollte
2037 1905 3218 1966 nur eben hin= und hergeht. Schnitzler hat eben Geist, er ist
130 1948 877 2014 Wirklichkeit, an die wir gebunden
1012 1936 1914 1998 Nicht nur das einz'ge Spielzeug sein nein mehr!
2045 1943 3228 2005 weltmännisch, elegant, graziös und wer neben diesen immer sel¬
726 1989 877 2036 einem
396 1972 736 2044 Gegenwart in
1016 1979 1897 2031 Die ganze Welt. So nannten wir Dein Thun
135 1974 408 2043 dann der
2049 1984 3230 2048 teuer werdenden Gaben noch die einer bilderreichen höchst anmu¬
115 2015 877 2082 nsere Sehnsucht in ein Land der Träume
1023 2025 1908 2084 Betrug und Frevel — und Du warst ein Kind.“
2042 2028 3228 2075 thig spielenden Phantasie hat, dem sollte man für Auregungen dank¬
131 2068 881 2118 vergangene Zeiten die unsere Phantasie
898 2048 2049 2113 Das sind schöne Verse, aber es wäre noch besser, wenn sie nicht
2042 2064 3185 2125 bar sein, die zu fein sind um im Augenblick auf die Masse zu
126 2100 870 2147 Schönheitszauber im festlichen Glanze zu
883 2091 2038 2159 da zu sein brauchten. Und sie geben der Beatrice schließlich auch
2051 2100 3225 2173 wirken, die aber doch in dem einzelnen Genießen nicht so leicht
128 2137 869 2200 müssen so weit entlegen sein daß wir nur
2042 2144 2271 2202 verklingen.
876 2143 2048 2204 nicht die Einfachheit und Einseitlichkeit die sie im Laufe des
126 2184 873 2231 bfel großer Ereignisse, verklärender Kunst¬
871 2173 2048 2239 Stückes durchaus vermissen läßt. Man begreift, daß sie den
2080 2173 3220 2232 Wie schon bemerkt, hat das Deutsche Theater mit dieser Auf¬
121 2207 877 2267 Werkeltage, die dazwischen in den Niede¬
875 2208 2047 2261 Männern alles gilt, was diese als das Beste erwarten: der harm¬
2039 2211 3219 2275 führung einen großen Fortschritt gemacht, es hat die hohen For¬
112 2259 871 2310 ßtsein zu haben. Wie in der klassischen
869 2261 2047 2316 lose Bräutigam Vittorino sucht in ihren Armen die Ruhe und
2043 2255 3229 2319 derungen, die das Stück in Bezug auf seine sinnlich gefällige
123 2283 876 2346 n, so e cheint den Menschen unserer Tage,
871 2303 2042 2356 Reinheit der Dichter Philippo ein unsterbliches Lied und der
2042 2298 3237 2356 farbenfrohe Erscheinung stellt, mit Opulenz bewilligt, und die große
122 2335 868 2387 pzialer bundenheit und Eingeschränktheit
871 2337 2048 2394 Herzog Bentivoglio die Kraft zu ruhmvollen Thaten, aber da sie
2052 2338 3223 2394 Masse, die der Regisseur hier zu lenken hat, ist ebenso lebendig
124 2377 865 2424 als eine ideale Epoche freien und schönen
879 2363 2042 2421 einmal das instinktive, pflanzenhaft blühende, von keiner Vergangen¬
2051 2369 3222 2428 wie wohldisziplinirt gewesen. Auf diesem Wege wird und muß
119 2410 875 2472 ena uns Schnitzler in das Bologna des
882 2417 2039 2461 heit beschattete Leben sein soll, so begreift man nicht, daß sie
2050 2410 3216 2466 man die Lust und die Fähigkeit zu lange vernachlässigten Auf¬
119 2451 878 2505 versetzt, so hater immerhin ohne Anspruch auf
865 2446 971 2508 sich
2047 2454 3219 2506 gaben wiedergewinnen, vielleicht führt er in absehbarer Zeit auf ein
955 2457 2047 2501 innerlich doch verzehrt, daß sie müde wird des
113 2484 869 2542 keit bestätigte historische Treue eine von ihrem
870 2486 2030 2542 Gaukelspiels und sich nach dem Ende sehnt, das ihr der Dolch des
2041 2485 3228 2553 Shakespearesches Lustspiel. Die große Leistung von Frl. Triesch ist
2440 2521 2529 2563 ——
125 2532 869 2585 r beglaubigte Atmosphäre geschaffen, die von
882 2531 2042 2582 Bundes bereitet. Der Wunsch zu sterben ist ihr erster, aus ihrer
2052 2531 3224 2584 hier schon nach Gebühr anerkannt worden. Die Künstlerin hatte unge¬
142 2555 871 2615 , und in der die Menschen dem obersten
2050 2570 3234 2623 heure Schwierigkeiten zu überwinden, die durch die Passivität ihrer Figur
883 2559 2037 2620 Natur wenig gerechtfertigter Wille, bis dahin ließ sie sich lieben
110 2612 866 2662 ben könnten. Der poetische Dekor ist das
883 2610 2034 2660 und leiten, ohne zu wissen wohin, und eben dieses willenlose Gleiten
2043 2611 3232 2664 gegebenwaren. Ohne zu handeln mußte sie in jedem Augenblick dadurch
122 2650 878 2694 das Fest im Garten des Dichters, das bunt
879 2651 2048 2701 von einer Hand in die andere verursachte die Richtungslosigkeit, die
2049 2650 3217 2697 wirken, daß sie schön ist, und die Schönheit, nicht die der statua¬
120 2692 869 2736 kaße, das Bachanal am Hofe des Herzogs,
875 2689 2038 2733 dramatische Lahmheit des Stückes, die Unverbundenheit der Aben¬
2040 2678 3235 2745 rischen Ruhe, sondern die räthselhaft beseelte und wieder feelisch
113 2706 866 2771 stimmung aufgeregte Lebenslust der fast
884 2722 2046 2772 teuer, die durch reale Unmöglichkeiten noch besonders bloßgestellt wird.
2050 2729 3237 2779 wirkende kann nur von innen heraus erspielt werden. Das ist ihr
128 2763 881 2816 nur daß die Menschen selbst zu weich, zu
875 2766 2044 2813 Es giebt Dinge, die sich das Theater eben nicht gefallen läßt. So
2048 2768 3231 2821 gelungen. Von den anderen Damen kommt nur Fräulein Dumont
2038 2794 3219 2853 mit der höchst energisch durchgeführten von leidenschaftlichem Leben
125 2800 875 2852 erathen sind; sie genießen diese Zeit mehr,
871 2797 2040 2848 wirkt es bei den vorhandenen Umständen fast komisch, wenn
121 2844 880 2892 rvorzugehen scheinen es sind im Grunde
876 2839 2042 2890 Beatrice sich von der Hochzeit mit dem Herzog unbemerkt weg¬
2045 2846 3228 2899 strotzenden Figur der eifersüchtigen Schwester in Betracht. Mit
125 2864 872 2935 stets analysirende Menschen, die sich viel
878 2880 2035 2933 schleichen kann, um den Dichter, der sie im Ekel fortgestoßen hat,
2044 2888 3221 2932 der Rolle des Dichters stand Herr Rittner auf einem falschen
111 2922 870 2973 tigung ihres eigenen Wesens fragen, um
872 2921 2038 2968 wieder aufzusuchen, und ebenso, wenn sie sich in das Fest wieder
2051 2922 3222 2966 Platze, er war natürlich und herzlich, er war es zu sehr, es fehlte
117 2957 879 3017 großen Rücksichtslosen, der Cesare Borgia
873 2962 2048 3012 hineinstiehlt, nachdem Philippo aus der Schmach seines Lebens in
2052 2959 3214 3012 seinem Künstler, dem es noch mehr auf die schöne Reflexion über
124 2992 868 3042 nen zu. dürfen. Es fehlt ihnen an
878 2993 2037 3044 den Tod geflohen ist, wohin sie ihm noch nicht zu folgen wagte.
2041 3000 3230 3047 das Gefühl als auf das Gefühl  selbst ankommt, an der fortwähren¬
112 3031 868 3090 der Leidenschaften und weil sie nie
881 3038 2050 3083 Die beiden Männer, die um ihren Besitz streiten, sind in dem
2045 3039 3223 3086 den Selbstbespiegelung des Decadenten, wie ihm andererseits die
117 3059 870 3122 nder losgehen, so kommt auch das Drama
877 3078 2046 3131 ganzen Stück an einander vorbeigegangen, und als der Herzog seiner
2044 3072 3222 3120 Gabe der Verführung mangelte, die seine Bedeutung im Stück
106 3108 876 3162 ichtigsten wie zufällig und zusammenhanglos
879 3111 2044 3167 Braut an die Stätte folgt, wo sie ihren Schleier gelassen hat, sieht
2045 3113 3232 3159 erklärt. Herr Kayßler gab seinem Herzog vornehme Haltung
110 3143 872 3205 erden von der herumwogenden Masse über¬
877 3152 2037 3202 er seinen Rivalen zum ersten Male und als todten Mann. Der Herzog
2050 3143 3216 3210 und männliche Kraft, er muß aber noch viel ruhiger werden,
109 3178 870 3233 cht eines kostbaren, schweren Rahmens er¬
872 3193 2050 3241 hat keinen Haß gegen den Dichter, dessen Lieder ihn verführt
2055 3178 3212 3243 wenn die Besonnenheit, die auch in dieser Gestalt lebt
117 3229 881 3276 das Drama wie eine Maskerade, eine von
887 3233 2050 3283 hatten, sodaß er ihn suchen mußte wie den einzigen
2041 3213 3218 3289 nicht verloren gehen soll. Dann wird er auch nicht mehr so viel
122 3265 875 3321 die uns über das Leben selbst sinnen lassen,
2046 3267 3224 3328 Verse verwischen. Bis auf einige Darsteller, die sich, wie besonders
886 3260 2037 3319 Freund; als der Mann der That, ein anderer Fortinbras,
126 3288 882 3359 st bei Schnitzler auch künstlerische Absicht,
1081 3309 2039 3358 an der Leiche, um den Ruhm des edlen
880 3307 1097 3355 steht er
2054 3311 3223 3357 Frau v. Pöllnitz, nicht aus Versesprechen gewöhnen wollen,
114 3330 876 3386 ineren Sachen, nameutlich in dem auf seine
881 3346 2038 3397 Säigers in gläuzenden Versen zu preisen. Diese Szene ist sehr
2049 3339 3232 3397 waren die kleineren Rollen gut besetzt namentlich von den Herren
121 3379 2048 3426 n Kakadu“ das Leben ganz von selbst ein schön, aber sie wirft das Stück noch zum Schluß auf eine falsche Seite.
2048 3384 3237 3448 Bassermann, Sauer, Sommerstorf, Marx, Iwald und
133 3428 2376 3486 sSpiel schien, so werden hier die einzelnen! Der Dichter Philippo wird plötzlich zur Hauptperson, wenn ein Held! Stieler. A. E.
