3484 4224
177 1424 329 1493 haben
188 1478 327 1537 dessen
169 1512 324 1584 adeten
181 1562 327 1627 n nicht
182 1615 319 1683 gt ist.
193 1653 329 1717 seiner
187 1971 321 2050 bhelied,
197 2037 323 2093 singt.
197 2120 327 2189 Seins
198 2283 311 2370 ängen
1948 165 2384 265 box 20/6
272 186 1791 305 14. Der Schleier der Beatrice
1291 1366 3298 1454 minutiös deutlich geschildert, alles greift so geschickt Schiller und Goethe ihre Dramen schrieben und Kotzebue
381 1424 1100 1494 Denn dieser war ein Bote, ausgesandt,
1290 1439 3269 1509 ineinander, daß, so lange wir uns im Banne der  aufgeführt wurde. Und ich glaube, man braucht nur
391 1453 1155 1519 Das Grüßen einer hingeschwundnen Welt
2288 1492 3263 1545 die Namen zu ändern, dann passen jene Worte Platens,
1301 1497 2286 1553 Dichtung befinden, nicht der leifeste Zweifel an
381 1507 997 1561 Lebendig jeder neuen zu bestellen
2286 1524 3286 1600 mit denen der Dichter seine Zeitgenossen geißelte, auch
1303 1540 2288 1592 der Wahrscheinlichkeit des Ganzen aufkommen kann.
391 1518 1054 1610 Und hinzuwandeln über allen Tod!“
2291 1578 2617 1635 auf unsere Zeit:
1300 1591 2290 1641 Das ist es eben, was dieser Romantiker von heute
389 1582 1290 1648 Was aber an dem Beatrice=Drama am meisten
2290 1604 3282 1693 „Mittelmäßigem klatscht ihr Beifall, duldet das Er¬
1302 1627 2290 1676 vor den Romantikern von Anno 1800 voraus hat: er
329 1638 1302 1706 imponiert, das ist die Ueberlegenheit des Dichters, seine
2955 1649 3216 1714 hab'ne bloß,
1306 1667 2289 1725 kennt die Bühne so gut, wie nur sehr wenige unter
338 1682 1294 1753 seltene Souveränität über dem Stoffe, die wir immer
2288 1676 3275 1771 Und verbannet fast schon alles, was nicht ganz ge¬
1300 1711 2283 1783 den zeitgenössischen Dramatikern. Er hat es in seinen
2954 1731 3196 1783 dankenlos.
342 1727 1294 1797 wieder bewundern müssen. Er häuft Geschick auf Geschick,
1304 1756 2277 1825 frühern Stücken bewiesen, vor allem in dem kleinen,
2299 1749 3267 1860 Ja, in einer Stadt des Nordens, die so manches Uc####
331 1772 1304 1831 Situation auf Situation, immer kommt etwas anderes,
1312 1796 2285 1860 geradezu als Muster dramatischer Technik dastehenden
2949 1809 3101 1861 Quell,
339 1816 1306 1875 als der Leser erwartet hat. Und gerade das ist es, was
1311 1850 2291 1898 Einakter: „Die Gefährtin“. Die größten Schwierig¬
2299 1845 3282 1942 Preist man Claurens Albernheiten und verbietet Schillers
333 1861 1298 1928 Goethe an Byron so sehr bewunderte. „Dasjenige,
2945 1891 3090 1945 Tell!“
1319 1887 2287 1947 keiten weiß er zu überwinden. Und dieser außerordent¬
341 1907 1306 1962 was ich die Erfindung nenne“, sagte Goethe einmal zu
2797 1917 3219 2003 Jonas Fränkel
1319 1925 2296 1993 lichen Vertrautheit mit der Bühne, die er sich in seinen
2333 1916 2496 2014 Bern.
342 1939 1309 2013 seinem getreuen Eckermann, „ist mir bei keinem Menschen
1311 1976 2299 2033 am realistischen Drama zugebrachten poetischen Lehr¬
342 1990 1307 2046 in der Welt größer vorgekommen als bei ihm. Die
344 2015 2299 2089 Art und Weise, wie er einen dramatischen Knoten löst, jahren erworben, verdankt er es, daß er auch bei dem
1310 2059 2301 2135 kühnsten Aufflug seiner Schaffenskraft niemals den
2548 2051 3032 2150 Kleine Chronik.
338 2075 1321 2139 ist stets über alle Erwartung und immer besser, als
333 2101 2306 2169 man es sich dachte.“ Und es ist, als wein Schnitzler festen Halt unter den Füßen verliert. „Wahrscheinlichkeit
2415 2121 3288 2191 (Mitgeteilt.) Soeben ist aus dem großen
334 2147 2297 2231 selbst an dieser Buntheit der Gestalten, an dieser ist die Bedingung der Kunst, aber innerhalb des Reiches
2301 2170 3281 2234 Sammelwerke Bibliograyhie für schwei¬
329 2209 2296 2269 Wirrnis der Situationen sich voll Entzückung weidete, der Wahrscheinlichkeit muß das Höchste geliefert werden,
2306 2220 3279 2297 zerische Landeskunde erschienen: Fascikel V 1
1316 2240 2296 2297 was sonst nicht zur Erscheinung kommt.“ Mich dünkt,
326 2251 1314 2321 als wenn er geradezu mit Behagen all' die seltsamen
2301 2274 3281 2327 und 2 Anthropologie und Vorgeschichte, herausgegeben
1324 2280 2297 2340 nicht oft dürfte man einer Dichtung begegnen, die
331 2299 1306 2355 Geschicke eines nach dem andern aufrollte, als wenn
2299 2313 3281 2365 von Prof. Dr. Rud. Martin und Dr. Jak. Heieili,
1319 2321 2299 2389 diese weisen Worte Goethes in solchem Maße befolgen
338 2336 1312 2403 er uns zurufen wollte: „Schaut, wie reich ich bin,
2309 2362 3286 2425 beide in Zürich. Der erste Teil enthält ca. 160 Titel
1311 2370 2204 2436 würde, wie es „Der Schleier der Beatrice“ thut.
337 2382 1188 2463 schaut, was ich alles kann!“ Und er kann es.
2299 2415 3291 2470 über physische Anthropologie der schweizerischen Be¬
1361 2411 2297 2479 Und wenn man nun bedenkt, daß Kritik, Theater¬
395 2409 1315 2486 Und dann: wir wissen ja, das alles ist reine
2304 2443 3275 2504 völkerung und ist von Prof. Martin zusammengestellt,
1322 2457 2292 2511 direktoren und Publikum sich gegen diese mächtige
347 2467 1319 2534 Phantasie des Dichters, er spielt mit uns, gerade so
2299 2486 3291 2558 während der zweite Teil von Dr. Heierli über 2000
1327 2503 2300 2566 Schöpfung eines unserer begabtesten Dichter geradezu
346 2516 1316 2573 wie es ein Tieck in seinen Dramen thut. Diese Fülle
2306 2527 3291 2591 Titel, die Urgeschichte der Schweiz betreffend, aufweist.
1319 2548 2300 2618 verschworen zu haben scheinen, nur weil sie weder ein
349 2567 1312 2620 von Ereignissen, diese Menschen mit ihrem seltsamen
2312 2580 3290 2645 Das Heft wird den Interessenten von großem Nutzen
363 2600 2298 2661 Wesen und ihren wunderbar verschlungenen Schicksalen,modisches Probiemstück, noch ein Märchenstück, noch ein
2303 2637 3283 2678 sein; es ist zum Preise von 2 Fr. 50 durch alle Buch¬
355 2632 2299 2711 dieses Auf und Nieder von Gefühlsemotionen, diese Salonlustspiel ist, und wenn man anderseits sieht, wie
2306 2681 3295 2745 handlungen, sowie beim Verleger K. I. Wyß in Bern
353 2669 2305 2768 geheime Macht der Lebensgewalten — und all das die Capricen eines Blumenthal täglich in spaltenlangen
2314 2724 2550 2795 zu beziehen.
343 2721 2303 2810 zusammengedrängt wie in einem Zauberkasten, wo wir Abhandlungen breitgetreten werden, so muß man sich
345 2759 2312 2855 eine Ewigkeit in wenigen Minuten durchmessen! Und sagen, daß wir es auf diesem Punkte im Grunde nicht
341 2807 2321 2906 doch das einzelne ist so realistisch glaubhaft, so viel weiter gebracht haben, als vor hundert Jahren, da
