3436 4448
1362 164 1429 247 B
1943 166 2391 269 box 20/6
289 167 1936 277 14. Der Schleier der Seatrice
793 1079 1035 1164 1—9
2021 1074 3130 1166 Der Plan der Reparationspolitik hat
256 1081 778 1189 1
777 1113 1962 1210 marktpreis, so hoch bleiben, das Verlangen nach englischem
1957 1147 3133 1217 vollständig bankerott gemacht. Längst
168 1157 777 1229 #uß, um zur Goldwährung zu
778 1176 1951 1249 Kredit praktisch dem Verlangen nach unseren Goldreserven
1950 1212 3126 1267 wird nicht mehr von den Hunderten von Milliarden ge¬
188 1207 771 1274 Da wir kürzlich durch die
774 1218 1951 1301 gleichkommt. Diese Kreditpolitik wird wohl beibehalten werden
1948 1244 3130 1318 sprochen, die Deutschland an seine Besieger abzahlen sollte,
168 1245 775 1313 keinen Anreiz für fremde Gelder
782 1271 1943 1340 müssen, solange die Summe der in= und ausländischen Kapitals¬
1954 1287 3133 1359 und man ist unter dem Drucke der Wirklichkeit bis zum
164 1297 770 1375 cht geneigt, ihn wieder zu ver¬
782 1313 1953 1392 nachfrage unsere nationalen Kapitalsüberschüsse überschreitet.
1961 1341 3131 1403 Dawes=Plan fortgeschritten. Auch dieser Dawes=Plan frei¬
172 1337 784 1429 ng des Pfund Sterling zur
781 1361 1948 1430 Die Finanzkommission, auf deren Bericht sich die Regierung
1961 1371 3131 1451 lich ist nur teilweise anwendbar. Amerika hat indessen
786 1403 1953 1474 stützte, als sie beschloß, zur Goldwährung zurückzukehren, war
170 1405 782 1515 aunten Tatsachen sind die Be¬
1957 1412 3144 1505 die logischeste Politik gewählt, es hat sich von Europa ent¬
790 1453 1952 1526 der Meinung, daß ein freier Geldmarkt zur Vorkriegsparität
160 1481 787 1558 er „Vickers“ A.=G. bei der
784 1458 3141 1580 wieder eingerichtet und der Goldpreis wie vor dem Kriege fernt. Es war gekommen, um einen Imperialismus zu be¬
158 1523 797 1608 on Interesse. Nachdem er die
2053 1571 3153 1663 Man könnte sie mit einiger Freiheit eine Jüdin von
789 1596 1957 1679 was ist sie? Folgt man der Charakterentwicklung an der
170 1627 780 1709 tochen. Der Herzog aber findet
1954 1630 2531 1721 Toledo von Bologna nennen.
785 1642 1955 1721 Hand der Beatrice=Szenen, so muß man zunächst feststellen,
175 1683 779 1762 lages aus den Träumen dieser
1848 1694 1957 1752 Sie
2050 1676 3135 1764 Auf dem Theater wird alles darauf ankommen, diesen
796 1719 1847 1770 daß Beatrice ein verspieltes, kindisches Geschöpf ist.
1966 1744 3136 1824 rätselvollen Frauencharakter selbstverständlich zu machen,
793 1738 1957 1826 spricht in einem von der Todesgefahr, die der Stadt droht, und
181 1755 565 1850 wie weicher Boden
1964 1791 3138 1861 und in diesem Punkte wenigstens kann man der Ausrede
796 1786 1958 1868 von einem Kamm, den sie im Gedräng verloren hat, und da ihr
186 1796 639 1889 dieser durst'ge Morgen
1957 1841 3144 1898 verwichener Burgtheaterdirektoren, daß sie keine geeignete
787 1839 1952 1912 Loschi eine gemeinsame Flucht zu Pferde vorschlägt, fragt sie
163 1847 697 1947 er entschwundnen Nacht.
1958 1884 3134 1947 Darstellerin für die Beatrice hätten, eine gewisse Berechti¬
783 1888 1956 1960 besorgt, ob er denn auch die ganze Zeit ihr Pferd am Zügel
197 1891 784 1990 an der Seite ihres Freundes,
1965 1929 3145 1998 gung nicht absprechen. Auch Frau Wagen rist diese Dar¬
789 1938 1959 2005 führen werde? Sie ist wohl auch ein wenig dumm, aber auf
211 1957 795 2036 in der Gruft der Bentivoglio
1964 1972 3141 2047 stellerin nicht, und an dieser Fehlbesetzung krankt die Vor¬
791 1978 1962 2052 eine sehr anmutige Weise dumm, die in nichts ihren poetischen
172 2002 787 2101 Stadt zu verteidigen, dem Feind
1968 2022 3145 2096 stellung, der sich auch sonst, von der schauspielerischen Seite,
784 2030 1959 2115 Liebesreiz gefährdet, ja, ihn erhöht; hierin eine entfernte Ver¬
1962 2073 3153 2150 nicht allzu viel Gutes nachrühmen läßt. Herr Andersen
794 2079 1958 2147 wandte von Goethes Ottilie. Und sie ist vor allen Dingen
170 2078 786 2198 Inhalt hin angesehen, fast wie ein
1963 2116 3153 2187 als Loschi gibt eine redliche Talentprobe, Herr Lohner
793 2139 1967 2198 hysterisch, was man gewiß auch schon im sechzehnten Jahr¬
181 2146 796 2225 zum Drama steigert, ist der
1961 2161 3146 2240 als Francesco eine bewundernswerte Probe expressiver junger
790 2166 1958 2253 hundert war und wofür sich allerhand Züge in ihren Aeuße¬
174 2192 789 2269 verstrickten Protagonisten. Zwei
1974 2213 3147 2270 Schauspielkunst. Weitaus der Bedeutendste und, was ebenso¬
795 2219 1968 2293 rungen nachweisen lassen, vor allem ein mangelndes Identi¬
167 2243 790 2323 steressante Charaktere, deren Ent¬
1963 2249 3148 2316 viel sagen will, dem Stil des Stückes Gemäßeste ist in der
798 2272 1966 2356 tätsgefühl — Beatrice erwähnt einmal, daß ihr manchmal zu¬
169 2292 799 2361 äde Situation wir mit Interesse
1970 2300 3155 2374 Rolle des Herzogs Herr Aslan, der einzige, der uns nicht
793 2310 1967 2398 mute sei, als wäre sie gar nicht sie, als wäre sie gar nicht zu
168 2342 792 2417 frtner im Leben und im Sterben,
1974 2347 3148 2421 bedauern läßt, daß das Werk erst zwanzig Jahre zu spät am
805 2357 1967 2440 Hause — eine gewisse Unartikuliertheit, eine gewisse Gestalt¬
183 2389 789 2465 Ein launenhafter Mann, ja ein
1964 2396 3146 2466 Burgtheater gespielt wurde. Das spricht für Herrn Aslan,
795 2410 1965 2488 losigkeit ihres seelischen Wesens. Bei alldem aber ist sie, trotz
188 2436 794 2510 1 zum Gesetz seines Lebens macht
1964 2445 3157 2502 der in seiner Person die erfreulichste Stilverbindung zwischen
801 2451 1966 2535 aller Einmaligkeit, ein durchaus lebensvolles, in seiner
173 2482 800 2565 fesina, liebt er Beatrice, aus Laune
1968 2489 3153 2562 dem alten und dem neuen Burgtheater herstellt, aber auch
793 2508 1972 2584 Lebendigkeit durchaus überzeugend wirkendes Frauengeschöpf,
177 2529 801 2603 besuchen — verlangt er dennoch
1979 2553 3146 2608 für Schnitzlers Werk, das, geistig in der Problematik der
803 2557 1970 2644 ein Weib wie viele, ja in gewissem Sinne vielleicht sogar wie
176 2580 807 2664 seiner Geliebten und stirbt aus
1975 2578 3154 2664 Jahrhundertwende wurzelnd, als Dichtung in eine zeitlosere
804 2606 1968 2677 alle: „das Weib als solches, nichts als ihr Geschleih.“ Was
179 2633 800 2705 mit seinen idealen Forderungen
1979 2623 3158 2689 Sphäre hineinragt. Seine üppige Theatralik verdankt dem
800 2653 1979 2733 Grillparzer in diesem Verse der Jüdin von To do nachsagt,
175 2675 802 2766 und Lebensernst nicht Schritt zu
1972 2672 3160 2758 Burgtheater viel, das seinem Schöpfer so viel verdankt. S¬
797 2700 1971 2784 das läßt sich auch Schnitzlers Beatrice nachsage. oon der der
1989 2719 3154 2794 ist es dreifach diesem Haus verschrieben: dem Burgtheater
807 2746 1973 2824 Herzog im Morgenlichte des fünften Aktes zusammenfassend
169 2749 805 2839 Manne ist in Beatrice ein ebenso
1988 2771 3152 2843 von gestern, von heute, und als ein abschließendes Werk einer
812 2810 989 2891 äußert:
1987 2798 3157 2887 abgeschlossenen Epoche, vermutlich in noch höherem Maße
171 2815 804 2894 sen gegenübergestellt, dessen
946 2857 1718 2941 Warst du nicht, Beatrice, nur ein Kind,
164 2864 808 2944 sche Willkür — hier unterscheidet
1989 2884 2266 2971 von morgen.
950 2901 1792 2979 Das mit der Krone spielte, weil sie glänzte,
2474 2892 3173 2997 Rooul Anernbeinen
168 2904 821 2990 genossin Lulu — Schnitzler zum
1976 2931 2182 3001 aur 191
945 2954 1799 3016 Mit eines Dichters Seel', weil sie voll Rätsel,
183 2952 825 3027 s gemacht hat. Wer ist diese
2672 2974 2825 3052 ###mr 4.
956 2998 1824 3078 Mit eines Jünglings Herzen, weil's dir just.
1906 2993 2027 3083 M
1999 3015 2154 3088 42 1000
170 3015 823 3084 liebt, von einem Herzog träumt,
177 3045 1468 3156 um einem Dichter zn gebtre—  D
