3484 4256
338 154 1865 262 14. Der Schleier der Beatrice
2005 152 2439 260 box 20/1
906 973 1344 1078 Telefon 12801.
2385 971 2825 1082 Telefon 12801.
440 1084 1803 1165 Alex. Weigl’s Unternehmen für Zeitungs-Ausschnitte
1894 1078 3274 1173 Alex. Weigl's Unternehmen für Zeitungs-Ausschnitte
1460 1153 1667 1230 Ausschnitt
2934 1155 3142 1232 Ausschnitt
1880 1178 2177 1290 4 105
783 1189 1790 1307 „OBSERVLK“ Nr. 13
2952 1198 3223 1304 Nr. 9
2157 1159 2902 1306 „OBSERVER“
388 1196 680 1308 N 105
376 1281 3319 1391 I. österr. behördl. conc. Bureau für Zeitungsberichte u. Personalnachrichten L. österr. behördl. conc. Buréau für Zeitungsberichte u. Personalnachrichten
555 1351 1679 1457 Wien, IX, Türkenstrasse 17.
2041 1358 3171 1455 Wien, IX,, Türkenstrasse 17.
741 1434 1457 1538 — Filiale in Budapest: „Figyelö“ —
2244 1449 2934 1536 — Filiale in Budapest: „Figyelö“ —
369 1509 1838 1621 Vertretungen in Berlin, Chicago, Genf, London, Newyork, Paris, Rom, Stockholm.
1859 1520 3316 1604 Vertretungen in Berlin, Chicago, Genf, London, Newyork, Paris, Rom, Stockholm.
366 1614 930 1726 Ausschnitt aus:
1851 1626 2419 1745 Ausschnitt aus:
2627 1661 3126 1782 Ng (Prag
1143 1716 1757 1859 S Kleine Journal (Berig)
373 1727 1085 1898 sem 440) 1 000
1845 1769 2536 1913 N 40/0 70 60
2856 2093 3316 2199 ##mor I. Septemher
2135 2113 2477 2207 agegeagenommen.
664 2168 1775 2282 Wien, 13. September. (Privat=Depesche des
601 2227 1764 2308 „Kleinen Journals“.) Die Wiener Kritiker veröffent¬
2337 2200 3069 2323 Kunst und Literatur.
594 2275 1761 2352 lichen einen scharfen Protest gegen das Vorgehen Direktor
2198 2255 3293 2379 — Vom Wiener Burgtheater. Wien, 13. September.
592 2321 1766 2397 [Schlenther's, welcher das bereits angenommene
2080 2296 3280 2419 (Teleph.=Ver.) Die Direktion des Burgtheaters, welche vor län¬
598 2364 1765 2455 Schnitzeler'sche Stück „Schleier der Beatrice“
2089 2359 3291 2447 gerer Zeit das Schauspiel von Arthur Schnitzler: „Der
575 2404 1095 2489 Machträglich abgelehnt hat.
2093 2387 3280 2488 Schleier der Beatrice“ angenommen und sich sogar das Erstauf¬
2095 2438 3284 2529 führungsrecht gesichert hat, hat nunmehr sowohl auf das Erst¬
2088 2476 3288 2565 aufführungsrecht, wie auch auf die Aufführung des Stückes über¬
2080 2516 3276 2607 haupt verzichtet. Dieser Vorgang des Direktors Schleuther
829 2532 1382 2621 Bezugs-Bedingungen:
2073 2542 3281 2654 hat die Wiener Burgtheaterkritiker zu einer scharfen Erklärung
383 2571 520 2660 Für
500 2583 1547 2677 50 Zeitungsausschnitte (Artikel oder Notize Kr. 15.—
2072 2596 3284 2697 gegen denselben veranlaßt, worin dieser Vorgang als eine arge
1871 2594 2094 2685 Für 50
1574 2600 1799 2702 inclusive
489 2637 602 2688 100
2080 2630 3262 2729 2 Schädigung der heimischen Produktion bezeichnet mirh—or##.“
1413 2653 1544 2710 28 —
1977 2633 2088 2700 100
2258 2665 2485 2742 EF R
1602 2663 1759 2728 Porto.
474 2668 595 2734 200
1406 2695 1553 2747 50.—
1968 2687 2089 2749 200
2888 2697 3004 2749 50.—
1581 2695 1778 2765 Zahlbar
3064 2710 3264 2769 Zahlbar
469 2720 603 2767 500
1970 2718 2087 2778 500
1384 2721 1564 2787 110.—
1920 2706 1992 2791 70
2833 2728 3060 2801 „ 110.—
1363 2744 1804 2836 „ 200.—] im Voraus.
411 2739 595 2816 „ 1000
2828 2750 3297 2844 „ 200.—] im Voraus.
1910 2760 2097 2841 „ 1000
2673 2749 2773 2832 a
481 2802 1833 2902 Im Gegensatze zu anderen Bureaux für Zeitungsausschnitte ist das
1971 2811 3311 2884 Im Gegensatze zu anderen Bureaux für Zeitungsausschnitte ist das
355 2838 1826 2941 Abonnement durch keine bestimmte Zeitdauer begrenzt; — auch steht es den
1848 2870 3312 2935 Abonnement durch keine bestimmte Zeitdauer begrenzt; — auch steht es den
356 2901 1668 2985 Abonnenten frei die aufgegebenen Themen zu ergänzen oder zu ändern.
1867 2914 3157 2991 Abonnenten frei die aufgegebenen Themen zu ergänzen oder zu ändern.
483 2954 1821 3051 Der „OBSERVER“ veranstaltet täglich einen Auszug enthaltend die
1976 2975 3328 3049 Der „OBSERVER“ veranstaltet täglich einen Auszug enthaltend die
358 3020 1822 3081 Inhaltsangabe aller wichtigen Mittheilungen der Wiener Morgen¬
1866 3036 3316 3079 Inhaltsangabe aller wichtigen Mittheilungen der Wiener Morgen¬
367 3052 1821 3133 blätter (Tagesjournale ausser „Neue Freie Presse“ und „Wiener Zeitung“)
1871 3070 3325 3139 blätter (Tagesjournale ausser „Neue Freie Presse“ und „Wiener Zeitung“)
370 3102 1805 3161 wodurch eine Uebersicht über das gesammte politische und wirthschaftliche Lebens
1883 3109 3314 3164 wodurch eine Uebersicht über das gesammte politische und wirthschaftliche Leben
368 3133 1818 3223 des In- und Auslandes in drastischer Kürze geboten wird. Diese Mittheilungen
1865 3148 3329 3225 des In- und Auslandes in drastischer Kürze geboten wird. Diese Mittheilungen
358 3164 1187 3250 werden in Wien um 9 Uhr Früh verschickt.
1862 3195 2683 3268 werden in Wien um 9 Uhr Früh verschickt.
652 3235 1513 3363 Prospecte gratis und franco.
2150 3246 3014 3354 Prospecte gratis und franco.
