3484 4224
1920 296 2383 403 box 20/6
264 307 1864 435 14. Der Schleier der Beatrice
1798 959 2228 1035 Burgtheater=Premiore.
1262 1029 2036 1118 Dann zeigte der gute, brave Franz mir
1189 1103 2041 1177 den originellen Charakterkopf Julius von
1186 1156 2032 1216 Ludassys — den tiefen Kenner und
1189 1203 2033 1275 dramatischen Schilderer des langsam zu
1200 1249 2032 1333 Grunde gehenden Kleingewerbes, der uns
1189 1295 2029 1385 in seinem vielumstrittenen „Letzten Knopf¬
1193 1345 2037 1410 ein krasses aber hochbedeutendes Dokument
1193 1394 2036 1462 in künstlerischer Form geschenkt hat — das
1205 1451 2044 1523 schwatze ich alles pikfein meinem Franzl nach.
1283 1497 2053 1576 Ich sah Felix Salten, den Mann mit
1199 1541 2053 1618 den eisernen Ellenbogen, der hinauf und
1204 1601 2060 1670 vorwärts arbeitet und dem es nahezu ge¬
1212 1642 2055 1729 lingt, sich zum Künstler emporzuzüchten. Die
1207 1679 2059 1767 „Gedenktafel der Prinzessin Annat ist wirklich
1204 1736 2051 1812 eine vorzügliche Arbeit, der man die Mühe
1217 1799 1631 1868 kaum mehr anmerkt.
1290 1823 2061 1917 Ich sah dicht neben ihm Leo Feld, den
2747 1877 2895 1941 seibst ver¬
1210 1886 2051 1952 Autor der Lumpen, der ähnlich wie Salten
2072 1866 2757 1972 Er ist ein Wiener mit Leib und [ Ge spoltet, wenn sich
2759 1920 2849 1957 Klärt
2473 1936 2887 1998 !. Der Wiener in pickjüßen Weisen:
1221 1931 2059 2001 die ersehnte Künstlerschaft auf dem Umweg
2070 1946 2471 2009 Ein wuchtig Stück Wiener Ge¬
2343 1979 2462 2013 schichte.
2487 1976 2897 2028 Das goldene Wiener Herz gehört
2074 1992 2462 2040 Dass Wien nichtimmer ist ohne Fehl.
1214 1987 2056 2051 des Verstandes und des Willens zu erreichen
2485 2010 2836 2066 Schon lange ins alte Eisen!
2065 2031 2477 2081 Das sagter uns g'rab ins Gesichte.
1221 2043 2048 2107 sich bestrebt, treuherzig, aber lange nicht so
2080 2043 2861 2139 Karikatur auf Vincenz Chiavarci aus einem
1211 2080 2063 2156 geschickt, wie sein Kampfbruder; ich sah
2214 2102 2735 2166 Ballkalender der Concordia.
1219 2132 2061 2201 Jakob Wassermann, der jetzt auch in
1226 2176 2059 2247 Wien zu Hause ist, von wo aus er uns
2063 2187 2901 2277 schleudert hat — sag's nicht weiter, Maus,
1228 2228 2059 2294 den schweren und ach so gewürzten Brocken
2066 2247 2903 2324 was ich hier alles Gefährliches gelesen
1227 2285 2060 2376 seiner „Renate Fuchs“ an den Kopf ge¬
2058 2295 2896 2362 habe! Ich sah Emil Mariott, die eigent¬
425 2331 738 2420 ben, ich sah auch
2056 2347 2894 2424 lich ein Fräulein von Mataya ist und un¬
396 2399 723 2461 t Ebermanns,
2053 2402 2901 2476 erqnickliche Familienzustände mit unerbitt¬
263 2406 383 2467 Gesick
180 2415 256 2469 iger
187 2449 729 2517 folg seiner „Athenerin aus der
2067 2451 2909 2517 licher Virtuosität ausmalt, keine Bissigkeit
1494 2483 1682 2527 Weeeet e imnaseemmmt
2061 2486 2908 2576 überhörend, aber auch keinen Seufzer einer
169 2495 741 2567 ufbahn warf und der seit da¬
1462 2519 1763 2625 FCCG
177 2538 749 2621 tragischer Kämpfer um die
2061 2546 2897 2632 gequälten Brust; ich sah Guglia, den liebe¬
2060 2588 2904 2664 vollen Biographen Friedrichs von Gentz, den
158 2588 745 2668 irde, die sich ihm spröde ver¬
153 2640 749 2724 PPhilipp Langmann war
2074 2651 2908 2726 intimen Kenner der Metternichzeit und em¬
151 2691 752 2764 imer wieder das bretterne Gerüst
2067 2683 2911 2768 pfindsamen Reisenden durch Italiens ver¬
155 2743 750 2812 id sich nicht begnügen will, uns
2068 2741 2904 2817 gangenheitsreiche Städte; ich sah den
2079 2768 2913 2867 jungen Auernheimer, der die graziösen
132 2797 763 2869 Ancholisch reizvollen Novellen zu
2080 2840 2906 2904 Einakter mit den psychologischen Witzen und
169 2839 749 2911 — ich sah Adamus, den Dich¬
144 2885 752 2966 #amilie Wawroch und verblüffen¬
2079 2878 2917 2956 Spitzen schreibt; ich sah Beer=Hofmann,
2074 2935 2912 3001 der uns die wundersame Geschichte vom Tode
137 2935 755 3008 zer aller österreichischen Idiome
2076 2971 2924 3067 Georgs erzählte, Fred, der uns die feinen,
141 2986 758 3067 sich im stolzen Glauben wiegt,
2089 3030 2909 3116 sehnsüchtigen „Briefe an eine junge Frau¬
155 3036 766 3112 iche Kaiser zu sein und seinen
2091 3078 2925 3164 geschrieben hat und von einem Leben durch
159 3082 764 3150 hrtet mit dem Starrsinn eines
2079 3130 2917 3221 alle Sinne und Nerven träumt, das sich
215 3131 761 3210 Ich sah auch Dr. Schön¬
2089 3166 2927 3250 ihm in der Klarheit seines Tages nicht
201 3174 763 3256 starken Dichter der „Bild¬
2090 3220 2919 3302 offenbaren kann und will; ich sah Gustav
186 3234 776 3302 Ich sah Rudolf Lothar,
2094 3272 2923 3357 Schwarzkopf, der wieder zum Unterschied
164 3287 769 3362 schäftigten, rastlosen, der zu allem
1362 3291 1415 3363 8
2080 3328 2930 3401 das Leben durch allzu scharfe Gläser, als
176 3328 759 3396 et: ein Blatt zu leiten, Sonn¬
2099 3364 2922 3453 melancholischer Spötter und gekränkter Nach¬
162 3371 774 3453 in für die Presse zu schreiben,
1634 3270 1696 3463 4
2098 3408 2927 3492 rechner aller Dubiosa, Deficite und Mankos
164 3422 740 3496 ungen in der ganzen Welt an
2096 3470 2938 3542 sieht; ich sah Servaes, den wir nach Wien
169 3460 777 3553 erhalten, Zwiesprach mit der
2090 3522 2934 3594 abgegeben haben, wohin er doch so gar
177 3525 781 3594 chen Muse zu pflegen, eine
166 3580 777 3630 Bibliothek zu sammeln. Übrigens
2095 3564 2941 3642 nicht paßt und das er so ganz verkennt
1348 3604 2013 3697 Bucheinband zu E. Pötzls „Heuriges,“
177 3631 775 3697 König Harlekin“ kann man den Re¬
2087 3621 2942 3701 in seinen guten und bösen Eigenschaften.
1381 3663 1992 3733 Verlag von Robert Mohr in Wien.
181 3670 789 3763 it versagen, in dem steckt was drin.
