3436 4320
1602 127 2030 184 verwendet worden ist.
1652 168 2616 248 Wenn Schnitzlers „Schleier der Beatrice“ im Deutschen
1613 218 2608 296 Theater ebenfalls nur einen zweifelhaften Erfolg hatte
1598 263 2622 325 so mag das verschiedene Ursachen haben. Man hat hie
1590 315 2618 383 gewußt, daß das Stück anderwärts nicht gefallen ha
1597 348 2611 402 und sich vielleicht dadurch ein streugeres Urtheil suggerirer
1597 400 2610 470 lassen, als unter anderen Verhältnissen gefällt worder
1603 445 2617 510 wäre. Gerechtfertigt war die scharfe Opposition keines
1599 485 2601 548 falls, die sich nicht scheute, dem Dichter der „Liebelei“
1592 530 2614 579 der „Lebendigen Stunden“ bei jedem ihm zu Thei
1596 564 2618 641 werdenden Hervorruf mit Zischen zu begegnen. Das
1602 608 2618 680 neueste Werk des Wiener Poeten enthält, wie man das
1595 643 2605 726 nicht anders erwarten durfte, viel Schönes. Die drei
1596 690 2613 765 Hauptgestalten sind interessant und mit liebevoller
1602 738 2616 803 Charakterisirung gezeichnet; viel schöne tiefsinnigt
1613 792 2612 861 Gedanken sind in vornehm fließenden Versen ausge¬
1611 827 2608 905 sprochen, interessante, auch dramatisch bewegte Scenen
1607 879 2617 951 reihen sich an einander und doch vermißt man jenen letzter
1603 922 2613 994 stärksten Gehalt, der am Schlusse eines Dramas uns
1599 967 2613 1028 das eben Geschaute wie etwas greifbar Wirkliches in
1594 1007 2609 1076 unserem Inneren wieder und wieder durchleben läßt.
1601 1052 2616 1132 Vieles in dem Stück interessirt und gefällt, nichts bewegt
1601 1092 2616 1156 oder begeistert; es ist zu viel Construirtes und zu
1596 1129 2621 1210 wenig aus unmittelbarer Empfindung Hervorgegangenes
1585 1175 2607 1251 darin, auch hat der Dichter in die 5 Acte Stoff
1597 1230 2619 1294 genug für drei Dramen gepreßt, und so ist das
1598 1268 2608 1336 Ausklingen jeder schönen Wirkung im ersten Ent¬
1598 1317 2606 1397 steben unterbrochen. Der erste Act begiebt sich im
1592 1359 2599 1424 Garten des Dichters Filippo Loschi in Bologna¬
1583 1392 2580 1482 Die Stadt ist in höchster Gefahr. Cesare Borgia kommt
1580 1457 2598 1525 sie zu belagern; Loschis Freunde fordern ihn auf, sich
1583 1486 2608 1567 den Vertheidigern anzuschließen — er weigert sich; seine
1581 1531 2602 1598 Braut zu besuchest, die am Sterbebett ihrer Mutter
1588 1570 2610 1632 weilt, er lehnt es ab, ebenso wie die Einlabung des
1571 1604 2608 1678 Herzogs, der den Dichter kennen lernen will. Sein
1582 1676 2596 1724 ganzes Denken und Trachten geht nach Beatrice Nardi,
1588 1713 2599 1795 die seit drei Tagen seine Geliebte ist und nun zu ihm
1577 1745 2591 1804 kommt, um mit ihm aus der bedrohten Stadt zu ent¬
1576 1798 2604 1866 fliehen. Als sie aber dem Dichter erzählt, sie habe vom
1568 1854 2600 1904 Herzog geträumt, daß sie ihm angetraut und von ihm
1577 1891 2607 1956 geküßt worden sei, da wendet sich Loschi von ihr, die als
1570 1937 2597 1996 seine Geliebte ihre Seele durch Träume von Anderen
1579 1979 2593 2049 beflecke, und stößt sie zurück. Der zweite Act führt den
1574 2015 2599 2086 Zuschauer in die Straßen Bolognas. Die Bürger
1573 2067 2597 2134 sammeln sich zur Vertheidigung, obwohl sie die Stadt
1568 2101 2597 2160 verloren geben, aller Lebensdrang, alle Lebenslust
1569 2159 2588 2219 rauschen Angesichts der wahrscheinlichen Vernichtung
1573 2195 2595 2254 höher empor; es heißt, der Herzog werde für die letzte
1568 2245 2592 2294 Nacht das schönste Mädchen Bolognas zur Genossin
1576 2283 2593 2350 wählen und die Bologneserinnen schmücken sich, um ihm
1569 2323 2594 2395 zu gefallen. Beatrice giebt, müde und traurig, dem
1576 2379 2585 2441 Werben des jungen Vittorino nach und will sofort
1582 2412 2597 2488 mit ihm zur Kirche, da erscheint der Herzog, sieht
1576 2459 2590 2514 Beatrice und wählt sie. Allein sie weigert sich, nur als!
1567 2509 2594 2588 angetraute Gattin will sie ihm folgen, und als er
1563 2559 2579 2612 von ihrer Schönheit geblendet darauf eingeht, giebt
1574 2601 2581 2659 Vittorino sich den Tod. Der dritte Act beginnt
1567 2643 2589 2701 mit einigen für den Gang der Handlung ganz über¬
1575 2681 2582 2752 flüssigen und daher nur verwirrenden Scenen bei
1577 2722 2574 2791 Filippo Loscht. Er hat eine ziemlich leichte Gesellschaft
1573 2769 2578 2832 bei sich gehabt, doch ein Mädchen will bei ihm bleiben
1564 2805 2573 2881 und mischt sich den Giftbecher, da sendet sie Loschi fort;
1571 2864 2586 2923 der Becher bleibt gefüllt zurück. Nun erscheint Beatrice
1559 2912 2574 2967 im Brautschleier. Sie hat sich vom Hochzeitsfest fort¬
1550 2935 2574 3011 gestohlen und will mit Loschi sterben, doch als er ihr
1557 2997 2586 3056 sagt, der Becher Wein, den sie getrunken, sei vergiftet,
1565 3037 2579 3101 kreischt sie im Haß wider ihn auf. Loschi hat sie aber
1559 3080 2576 3120 nur getäuscht und da er sieht, wie werthlos und feige
1566 3115 2588 3184 sie ist, giebt er sich selbst den Tod. Beatrice entflieht voll
1555 3175 2577 3234 Grausen, läßt aber ihren kostbaren Schleier zurück. In¬
579 3154 1411 3255 #%, Berliner Theaterbrief.
1559 3207 2581 3272 zwischen ist sie beim Hochzeitsfest vermißt worden. Zurück¬
559 3231 1566 3308 (Eigenbericht des „General=Anzeigers“.)
1557 3254 2569 3301 gekehrt, will sie nicht sagen, wo sie den Schleier verloren hat
626 3302 1560 3352 Den beiden Novitäten von Bedeutung, die seit meinem
1576 3300 2568 3358 und soll den Tod erleiden. Wieder siegt die Liebe zum Leben,
563 3313 1555 3393 letzten Bericht hier über die Bretter gegangen sind,
1571 3347 2572 3402 und sie führt den Herzog in Loschis Haus; als er sie
557 3384 1567 3442 ist bei ihrer Erstaufführung eine ganz ähnliches
1576 3384 2565 3450 umarmen will, findet er den todten Dichter. Und nun,
552 3412 1559 3478 Schicksal beschieden gewesen. Sowohl Charpentiers
1565 3434 2569 3474 mit einer merkwürdigen Inconsequenz in der Charakter¬
552 3471 2570 3523 Oper — pardon, er nennt sein Werk ja einen „Musik- zeichnung Beatricens läßt Schnitzler sie plötzlich des
553 3517 2571 3580 roman“ — „Louise“ wie Arthur Schnitzlers „Schleier Lebens müde werden, so daß sie um den Tod bittet,
558 3549 2561 3602 der Beatrice“ haben ein zweiselhaften Erfolg zu den ihr der eigene Bruder giebt. Aus dieser kurz ge¬
557 3601 2583 3654 verzeichnen. In beiden Vorstellungen rangen die Beifall=faßten Sklzze wird dem Leser der eine große Mangel
550 3646 2558 3708 spendenden mit den Mißvergnügten laut und zähe des Stückes klar werden: der Charakter, oder vielmel.
550 3694 2568 3757 um die Oberhan; für den Unbetheiligten war die Charakterlosigkeit Beatricens, die sie willenlos aus
557 3732 1566 3788 es keine vergnügliche Zeugenschaft, noch weniger bei
1570 3742 2574 3816 einer Hand in die andere gleiten läßt und durch ihre
550 3766 1572 3829 der Schnitzlerschen Première als im Opernhaus. Char¬
1561 3783 2570 3838 dumpfe Gedankenlosigkeit mehr Unheil anrichtet, als zehn
564 3823 2562 3869 pentier ist uns ein Fremder, wir wußten nicht allzu Intriguantinnen es könnten. Aber eben darum ist sie
563 3867 2563 3934 viel von ihm, doch hätte das ernste Streben, die ehrliche nicht interessant geuug, um das Stück zu retten, das
550 3909 2597 3992 Arbeit in seinem Werke vielleicht auch bei jenem Theil außerdem noch an einer Ueberfülle von überflüssigen
