3436 4384
315 356 1834 480 14: Der Schleier der Beatrice
931 1195 1345 1264 Telefon 12801.
462 1286 1792 1379 Alex. Weigl’s Unternehmen für Zeitungs-Ausschnittt
1471 1368 1665 1434 Ausschnft
436 1381 695 1494 40 5
785 1418 1771 1522 „ODSERTEI Nr. 11
386 1511 1763 1596 I. österr. behördl. conc. Bureau für Zeitungsberichte u. Personalnachrig
578 1578 1683 1676 Wien, IX Türkenstrasse 17.
789 1661 1526 1746 Filiale in Budapest: „Figyelö“ —
394 1726 1762 1814 Vertretungen in Berlin, Chicago, Genf, London, Newyork, Paris, Rom, Stockh
389 1833 921 1929 Ausschnitt aus:
1050 1831 1694 1943 Berliner Fremdenblatt
402 1973 880 2070 N0 X80900
602 2190 1555 2284 —Der Schleier der Verenice“ von Arthur Schnitzler,
529 2250 1563 2328 (das Stück, dessen Zurückweisung — richtiger die Art seiner
532 2290 1570 2373 Zurückweisung — dem Burgtheaterdirektor Dr. Schleuthen
536 2331 1552 2414 Fekanntlich so böse Angriffe eingetragen hat, wird, wie
543 2390 1546 2458 Man aus Wien meldet, nunmehr im Breslauer Stadt¬
543 2433 1563 2509 theater seine Erstaufführung erleben. Uebrigens sei bei dieser
538 2484 1560 2556 Gelegenheit bemerkt, daß die Schnitzlersche Dichtung, schon
540 2525 1551 2607 lange vordem das Burgtheater sie zurückgewiesen hatte,
529 2567 1546 2653 auch von Direktor Brahm für das Deutsche Theater ab¬
525 2610 901 2692 gelehnt worden ist.
836 2729 1384 2828 Bezugs-Bedingungen.
414 2773 522 2874 Für
521 2817 1545 2881 50 Zeitungsausschnitte (Artikel oder Notizen). Kr. 15.—
502 2848 602 2895 100
1430 2827 1772 2934 28 — inelusis
1615 2882 1763 2931 Porto
507 2886 616 2933 200
1430 2903 1537 2951 50.—
512 2927 596 2974 500
1604 2920 1770 2974 Zahlba
1409 2938 1556 2986 110.—
429 2961 613 3034 „ 1000
1408 2962 1774 3045 200.— im Vora
513 3027 1752 3095 Im Gegensatze zu anderen Bureaux für Zeitungsausschnitte ist
385 3050 1751 3120 Abonnement durch keine bestimmte Zeitdauer begrenzt; — auch stcht es
383 3114 1686 3187 Abonnenten frei die aufgegebenen Themen zu ergänzen oder zu ändern.
504 3168 1750 3243 Der „OBSERVER“ veranstaltet täglich einen Auszug enthaltend
396 3222 1753 3298 Inhaltsangabe aller wichtigen Mittheilungen der Wiener Morg
384 3270 1760 3333 blätter (Tagesjournale ausser „Neue Freie Presse“ und „Wiener Zeitu
391 3307 1757 3361 wodurch eine Uebersicht über das gesammte politische und wirthschaftliche Lé
385 3349 1766 3426 des In- und Auslandes in drastischer Kürze geboten wird. Diese Mittheiluf
395 3388 1192 3448 werden in Wien um 9 Uhr Früh verschickt.
696 3454 1511 3530 Prospecte gratis und franco.
1965 360 2425 457 box 20/1
2324 1110 2735 1187 Telefon 12801.
1861 1221 3204 1309 Alex, Weigl's Unternehmen für Zeitungs-Ausschnitte
2028 1285 2147 1369 Ue
2815 1288 3060 1381 Ausschnitt
2185 1327 3178 1440 „OBSERVEN Nr. 97
1786 1431 3253 1511 I. österr. behördl. conc. Bureau für Zeitungsberichte u. Personalnachrichten
1985 1510 3085 1598 Wien, IX. Türkenstrasse 17.
2184 1573 2859 1666 Filiale in Budupest: „Figyelö“ —
1802 1649 3241 1737 Vertretungen in Berlin, Chicago, Genf, London, Newyork, Paris, Rom, Stockholm.
1791 1768 2329 1850 Ausschnitt aus:
2372 1777 2998 1888 euischos Volksblatt“
1799 1895 2363 2010 vom Z6·/0 40N
2095 2194 3192 2302 Theater, Kunst und Literatur.
2369 2283 2938 2372 Aus unseren Theatern.
2191 2334 3215 2426 Mit dem letzten Tage der nächste Woche werden alle
2076 2401 3217 2490 derzeit in Wien bestehenden Theater wieder dem Besuche
2079 2443 3210 2504 des Publikums geöffnet sein, denn am nächsten Samstag
2085 2488 3212 2565 werden auch im Carl=Theater und im Theater an der Wien
2086 2534 3218 2619 die Vorstellungen wieder beginnen, die durch die von den
2076 2580 3225 2643 Behörden angeordneten baulichen Veränderungen und durch
2081 2613 3217 2689 den Directionswechsel zu einer außergewöhnlich langen
2071 2651 3220 2733 Sommerpause genöthigt waren. Besonders sensationelle
2078 2704 3211 2768 Premièren haben wir in den nächsten acht Tagen in den
1828 2747 3201 2828 Für 50 Zeit anderen Theatern noch nicht zu erwarten. Die Directoren
1915 2774 2022 2825 100
2077 2789 3195 2867 halten ihre Schlager insgesammt für den nächsten Monat
1905 2818 2029 2867 200
2077 2841 3211 2925 zurück, zumal das schöne, warme Wetter ein dauerndes starkes
1909 2857 2025 2904 500
2074 2875 2989 2955 Hindernis für den guten Theaterbesuch bildet.
1894 2882 2023 2956 1000
2174 2937 3244 3003 Im Burgtheater, dessen Director momentanss
1929 2951 3248 3068 im Ge wegen des von uns erwähnten Conflictes mit der Schnitzler=in
1798 2975 2059 3046 Abonnement
1798 3041 3219 3095 Abonnenten fr Elique bei unserer Judenpresse etwas in Mißcredit gerathen
2073 3060 3212 3118 ist, wird erst am 8. October der nächste Premisrenabend ver¬
1916 3115 3248 3181 Der „ anstaltet werden. Die Wahl ist auf Calderon's „Zweiste
1806 3156 2086 3216 Inhaltsangal
2082 3151 3248 3221 Eisen im Feuer“ gefallen. Und wie der große Spanier, m¬
1816 3204 2064 3256 blütter (7
2069 3200 3210 3292 soll auch der große Engländer mit seinem „König Hein¬
3196 3204 3264 3285 1
1811 3235 2063 3293 wodurch eine
2072 3244 3259 3335 rich IV.“, der neu inscenirt im Monate October in Scene##n
1808 3278 2067 3330 des In- und
2071 3283 3192 3357 gehen soll, geehrt werden. Der nächste Monat steht also
1812 3320 3194 3401 werden in Wi unter ziemlich günstigen Auspicien und wer nicht die Dienst¬
2065 3365 3196 3427 beflissenheit des Directors Schlenther gegen die an den
2060 3412 3198 3492 Wiener Theatern leider noch immer tonangebende Clique
2045 3455 3187 3532 und seine übergroße Angst, mit diesen Leuten, die sich in
2047 3514 3190 3579 der Schnitzler=Affaire so arg blamirten, sich zu verfeinden,
2048 3533 3182 3616 kennt, könnte, wenn er das Octoberprogramm Director
2042 3591 3180 3658 Schleuther's liest, beinahe hoffen, daß derselbe den „Dichter¬
2042 3629 3178 3717 lingen von heute“ zu beweisen beabsichtigt, daß das Burg¬
2047 3677 3170 3736 theater auf ihre Machwerke nicht angewiesen ist, sondern
2047 3709 3174 3796 bedeutend besser fährt, wenn es sich der Pflege der großen
2047 3763 3181 3827 Classiker des Dramas widmet. Leider hat man Herrn
2047 3801 3182 3875 Schleuther nur zu gut kennen gelernt, als daß man sich
2045 3844 3187 3928 auf Grund seiner bisherigen Thaten noch zu solchen Hoff¬
2041 3898 2693 3959 nungen aufzuschwingen vermöchte.
