3484 4256
340 167 1825 269 14. Der Schleier der Beatrige
631 497 1891 581 schlürfen wird. Das lebensprühende Bologna angesichts des
638 567 1901 620 großen Sterbens — der Hintergrund paßt ganz zum Bild
642 607 1896 684 der Beatrice. Und just im Hinblick auf den sichern Unter¬
623 663 1895 712 gang packt alles Volk ein toller Lebens= und Liebestaumel.
637 704 1888 778 In dieser letzten Nacht wird der Herzog das schönste Kind
634 751 1886 825 aus Bolognas Gassen zu sich auf sein Schloß entbieten.
627 797 1886 860 Beatrice ist es, die er sich erwählt. Sie, die der. Dichter
622 829 1899 905 ihres unkeuschen Traumes willen noch eben verstoßen, erhebt
622 896 1895 962 er zu seiner Gemahlin. Von der Hochzeitstafel an der Seite
627 933 1885 1009 des Herzogs aber flüchtet Beatrice, die allzeit und instinktiv
625 975 1895 1037 Ungetreue, zu ihrem Dichter zurück. Sobald sie sein Gemach
622 1032 1890 1106 betreten, steht sie angesichts des Todes, — wie diese Menschen
626 1066 1776 1144 alle ein paar Stunden später dem Tod entgegengehen.
744 1106 1879 1194 Auf solchem Hintergrunde und auf solche Lebenshöhen
627 1151 1881 1236 erhoben, gewinnen die Gestalten, wenn nicht Größe, so doch,
619 1205 1884 1284 Glanz. In gehobener, und doch nicht farbloser Diktion hat
622 1257 1894 1330 Schnitzler ihnen das Zeitgewand gewoben. Im Charakter
610 1285 1888 1361 der Beatrice hat er, losgelöst von allem zeitlich Bedingten,
619 1341 1884 1421 das gezeichnet, was einen Frauentypus ausmacht, der immer
608 1401 1886 1451 war und immer wiederkehren wird. Eigenartig, antheil¬
618 1444 1881 1498 nahmeheischend gibt sich ihr Verhältniß zu dem Herzog und¬
611 1479 1878 1567 dem Dichter. Psychologisch sind die Fäden ganz sein ge¬
608 1528 812 1600 sponnen.
727 1567 1666 1656 Warum also blieb die Bühnenwirkung aus?
732 1624 1872 1703 Es ist keine Frage, Schnitzler hat, um das Renaissance¬
605 1668 1877 1749 Zeitbild leuchtend hervortreten zu lassen, die Handlung= allzu
1664 1728 1733 1763 4121
594 1717 1881 1800 sehr komplizirt. Es geschieht zu vieles, das willknelich an¬
603 1783 1881 1851 muthet, die Fäden wirren derart durcheinander, daß das
606 1801 1886 1887 Gewebe undurchsichtig wird. Schnitzler hat die Motive
602 1856 1870 1923 wiederholt, die Gegensätze gehäuft. Um Beatrice anzu¬
598 1885 1880 1976 gehören, hat der Dichter seine Braut, um seinetwillen
598 1938 1869 2027 Beatrice ihren ersten Verlobten aufgegeben. Eine Kontrast¬
600 2006 1877 2069 figur tritt neben Beatrice in ihrem Verhältniß zu dem Dichter:
604 2048 1883 2107 eine Kurtisane, die mit jenem zu sterben gewillt ist. Eine
604 2095 1871 2144 andere Kontrastfigur stellt sich neben sie in ihrem Ver¬
605 2132 1857 2210 hältniß zu dem Herzog: Rosina, Beatrices eigene Schwester,
599 2189 1871 2255 die vielen angehört hat und doch nur diesen Herzog mit
596 2216 1245 2288 brünstigem Verlangen liebt.
1267 2240 1860 2302 Solch eine Häufung der
596 2270 1849 2351 Kontraste aber gibt dem dramatischen Bilde naturgemäß
596 2316 1859 2379 etwas arrangirten Anstrich. Man vergißt das Leben über
603 2367 1853 2456 dem psychologischen Kalkül. Was die Handlung an Mannig¬
602 2420 1619 2487 faltigkeit gewonnen, verlor sie an innerer Kraft.
711 2464 1855 2526 Auch ist es Schnitzler nicht gelungen, diese komplizirte
594 2494 1855 2581 Handlung in rechter Weise in Fluß zu bringen. Die
589 2552 1865 2618 Exposition des bewegten Hintergrundes und damit den
592 2596 1848 2666 Stimmungsklang, auf den es ankommt, gibt erst der zweite
586 2649 1843 2726 Akt. Hinter nebensächliche Personen treten die Haupt¬
590 2684 1848 2767 gestalten zeitweise ganz zurück. Entscheidende Entschlüsse
590 2744 1845 2823 fassen sie hinter den Kulissen. Durchaus ist es in Beatrices
592 2774 1849 2862 Charakter begründet, daß sie die hochzeitliche Tafel, an die
578 2825 1854 2892 sie sich so seltsam ahnungsvoll gesehnt, heimlich verläßt, um
579 2882 1848 2943 zu ihrem Dichter zu flüchten: immer fühlt sie sich ja in den
572 2924 1836 3000 Armen eines Mannes zu dem andern hingezogen. Aber
580 2974 1845 3040 wie sie zu dem Entschlusse kommt, wie sich die Wandlung
587 3015 1843 3098 in ihr vollziehi, ist nirgend angedeutet. Genug, Beatrice taucht
577 3072 1842 3138 ganz plötzlich zu nächtlicher Unzeit im Gemach des Dichters
583 3110 1842 3189 auf. Um die Situation zu begreifen, muß der Zuschauer
575 3162 1833 3230 den psychologischen Kalkül nachrechnen und sich sagen: richtig,
577 3202 1833 3260 solch plötzlicher Entschluß war in ihrem Charakter wohl be¬
572 3244 1833 3316 gründet. Im Drama aber sollte, just in entgegengesetzter
569 3286 1828 3345 Weise, die Handlung als solche Licht auf die Charaktere
575 3338 1833 3410 werfen; das allein wirkt überzeugend; bleibt Schnitzler auch
571 3377 1836 3439 dem nachprüfenden Verstand gerecht, so schädigt er doch die
569 3429 1830 3503 augenblickliche Illusion. Und Illusion zerstörend ist auch die
563 3472 1828 3555 zeitliche Zusammendrängung, die er geschaffen: all das geht in
573 3525 1816 3598 einer Nacht vor sich. Jeder folgende Akt scheint gegen den vor¬
560 3555 1817 3639 hergehenden zurückzugreifen, oder es sind doch die Minuten so
562 3608 1832 3691 ängstlich berechnet, daß der Zuschauer sich weiter vorgerückt
551 3638 1816 3740 glaubte, bis ihm klar gemacht wird, daß der Zeiger in¬
550 3706 1827 3788 zwischen stillgestanden. In der dramatischen Handlung aber
564 3754 1817 3838 sollte sich die Zeitfolge nur aus den Geschehnissen selbst
566 3799 1781 3857 ergeben. Auf der Bühne herrsche ideale, nicht reale Zeit.
668 3837 1827 3919 Wohl besitzt Schnitzler reiche Gestaltungskraft, aber er
563 3882 1904 3978 ist vielleicht allzu sehr Psychologe; er liebt die gedankliche s a
1987 169 2451 262 box 20/4
1914 541 3158 601 Spekulation, sie ist ihm Bedürfniß. Das gibt seinen
1904 582 3163 635 Werken häufig einen Reiz mehr, es mindert andere Male
1912 629 3175 672 ihre Ueberzeugungskraft. Der Gang der Handlung beruht
1907 666 3168 748 im „Schleier der Beatrice" auf so vielen, feinen Hilfs¬
1917 719 3173 801 konstruktionen, daß die Bühnenwirksamkeit zum mindesten
1924 762 2854 832 sich nicht breit und nicht voll entwickeln kann.
2027 816 3167 893 Aber, nachdem der Vorhang gefallen und das laute
1921 857 3155 928 Spiel vorüber, tauchen die Gestalten, die Schnitzler ge¬
1915 904 3162 977 schaffen, vor den Augen wieder auf. Man bewundert die
1908 955 3164 1000 feine Künstlerhand, die ihr Innenleben bloßgelegt hat. Man
1909 1001 3177 1050 kostet den Stimmungsreiz aus, dem der Wiener Poet nach¬
1915 1047 3165 1132 gab, da er sich und die Menschen um ihn in Gestalten der
1912 1097 2464 1155 Renaissance wieder suchte.
2015 1126 2604 1198 Es nimmt sich das Bild
2604 1120 3167 1213 der kleinen, seelenlosen
1902 1168 3159 1260 Beatrice im schweren, goldenen Renaissance=Rahmen gar
1903 1226 2602 1306 wehmüthig und gar seltsam aus.
2635 1296 3088 1387 Ernst Heilborn.
3104 1335 3163 1407 —
