3484 4256
1955 178 2416 274 box 20/4
258 188 1816 286 14. Der Schleier der Beatrice
1619 1062 2854 1151 —cc „ nicht sinden tassen. Em .
179 1077 3343 1200 wir durch eine entsprechende Vermehrung der Zahl der vor, daß es gewisse Dinge giebt, wo wir uns niemals grundsätzlich Erregung in die polnische Bevölkerung tragen. Regional abgrenzen
175 1139 774 1196 Halten bald beseitigen zu können.
1061 1147 3354 1202 ganz verständigen werden und wo in Folge dessen gewisse Be=lasse sich die Frage des confessionellen Friedens nicht. Wenn
1060 1222 2212 1305 sie schließlich — durch den Dolch — nicht des Herzogs, sondern
2199 1242 3352 1321 dem Studium jener Epoche nur oberflächlich bewandert ist, als
179 1263 945 1350 8 Kunst und Wissenschaft.
1053 1255 2209 1341 ihres Bruders, nachdem ihr Tächtelmächtel mit Philippo vom
2203 1295 3344 1368 ein solches erkennen muß. Wie wäre es denn möglich, daß so
1044 1315 2216 1399 Herzog entdeckt ist. Eine „moderne“ Ueberkritik nennt sowas
632 1331 1042 1409 Berlin, 9. März.
2193 1343 3342 1410 bedeutende Culturwerthe sich bis zu uns herübergerettet haben
1057 1375 3341 1448 „sein.“ „tiessinnig,“ „phychologisch vertieft“ „interessantes könnten — Werthe, von deren Reichtbum wir noch heute in
160 1364 1070 1458 chleier der Beatrice. Schauspiel in 5 Acten
1061 1406 1362 1470 Problem“ 2c.
2175 1411 2688 1490 unserer Armuth zehren
188 1441 1083 1515 Schnitzler. Erstaufführung im Deutschen
2762 1441 3345 1500 aus einer Zeit, in der
1092 1448 3337 1540 Ein Herzog: Bentivoglio. Ein Kraftmensch. In der die absolute Schamlosigkeit, die ungeheuerlichste sittliche
181 1474 447 1533 7. März. —
1056 1478 3345 1589 letzten Nacht vor dem Verderben beschließt er, das schönste Depravation Trumpf war, so daß für höhere, geistige Ideale
171 1516 523 1586 eier der Beatrice“
498 1500 1069 1585 — es ist der Schleier der
1064 1537 3345 1636 Mädchen Bolognas abzufangen, um es seinem thierischen Ge¬ kein Raum mehr vorhanden war?! Hätte Herr Schnitzler uns
170 1568 1069 1646 keit. Es thut noth, jenen zu lüften, damit diese
1050 1566 2214 1642 lüste zu opfern. Beatrice erscheint, erweckt „edlere“ Gefühle in
162 1610 475 1674 heit sich zeige.
2198 1600 3343 1674 hierin doch wenigstens ein Gegengewicht hingestellt! Er that's
1044 1621 3337 1707 ihm. Er nimmt sie sich — aber macht sie vorher nicht. Und warum nicht? Einfach, weil ihm für diese höheren
167 1645 1074 1730 ige des 16. Jahrhunderts spielt die Handlung.
1055 1672 3336 1759 zu seinem Weibe. Während der Festlichkeit, die er aus diesem geistigen Ideale jedes Verständniß abgeht. Das Verständniß
187 1682 1066 1770 eht im Streit wider den Papst. Die
1066 1716 3335 1807 Anlaß veranstaltet, fordert er alle Männlein und Weiblein, aber für die absolute suitas — dieses einseitige Verständniß
178 1726 574 1806 Heerschaaren des
549 1732 1061 1806 Cesare Borgia rücken
1056 1767 3348 1848 die in den Gartenanlagen seines Schlosses herumschwirren, kommt ungewöhnlich craß zum Vorschein. So craß, daß das
164 1781 1063 1844 aan. Die Stadt steht vor dem Untergange,
1055 1800 2207 1863 auf, sich der niedrigen Sinnenlust schrankenlos binzugeben. Alle
2192 1816 3344 1901 Ganze einem Plaidoyer für die Berechtigung der suitas als
155 1816 1065 1886 ur eine Nacht noch zu trennen scheint. In dieser
1054 1843 2210 1901 Kinder, die aus den Folgen dieser Nacht entsprießen, sollen —
2190 1862 3182 1937 Culturfactor so ähnlich sieht, wie ein Ei dem andern.
155 1857 1061 1933 arrt das Volk, harren der Herzog, die Nobili,
1066 1890 2211 1963 so decretirt er — adlig sein!!! (Ist das nicht eine Helden¬
246 1912 1071 1990 kurz Alles, was lebt, dem blutigen Morgen
2223 1904 3337 1975 Auf solche systematische Geschichtsfälschung im Dienste un¬
1056 1928 2201 2004 that?!) Nachdem er das Verbältniß zwischen Beatrice und
2197 1933 3342 2026 ##tlicher Tendenzen sollten Strasen gesetzt sein — im Interesse
1047 1969 2192 2037 Philippo entdeckt, verzeiht er. Denn: Philippo ist ja der un¬
2185 1995 3337 2073 lwahrer Bildungsbestrebungen! Dann gäbe es vielleicht nicht
182 1995 2194 2090 t sich das Leben in diesen bangen Stunden? sterbliche Dichter, und Beatrice ist ja nur — ein Kind!
2195 2038 2677 2104 soviel Bildungspöbel...
205 2051 1065 2129 Philippo Roschi. Unsterblich soll er sein
1050 2076 2202 2134 (Danke für solche Kinder. Hoffentlich hat Herr Schnitzler
2212 2086 3341 2161 „Des Geists Verschwendungkin ein Meer von Schmach“
161 2108 1059 2182 he Kunst. So wird gesagt. Doch merken kann
1056 2108 2204 2186 das Modell nicht seiner eigenen Familienkinderstube
2246 2135 3345 2202 lautet ein Vers Griesebachs. Ich wende ihn an
1062 2136 1324 2210 entnommen.)
670 2143 1065 2214 Man sieht einen
180 2142 653 2208 nur herzlich wenig.
2179 2160 3344 2248 als Endurtheil über den „Schleier der Beatrice“. Leider noch
175 2188 1070 2251 flexionsmenschen, einen Mann könender, inhaltarmer
1092 2190 2198 2266 Die Schwester der Beatrice: Rosina. Sie ist neidisch auf
2183 2210 3332 2303 nicht einmal ganz zutreffend. Schmach? Ja, ja, ja! Geist? —
182 2227 1061 2298 im Geist und in der Seele zerrissen. Er ist der
1054 2225 2194 2311 die glücklichere Schwester. Sie lechzt darnach, sich dem Herzog
2180 2240 2326 2314 Nein!
168 2280 1055 2331 iner edlen Jungfrau. Leichten Herzens stößt er
1057 2273 2202 2350 vor die Füße zu werfen und von ihm der schmachvollsten Ent¬
2218 2306 3336 2377 Die Darstellung war anscheinend mit großer Mühe vor¬
163 2320 1061 2379 aus Liebe zu Beatrice, dem schönen Kinde aus
1063 2314 2184 2411 ehrung „gewürdigt“ zu werden. Sie ist höchst ungehalten
2189 2338 3338 2426 bereitet. Doch war sie nicht ausgeglichen. Was war aus
164 2368 1062 2423 Aber auch diese weist er von sich, wegen eines
1048 2363 1842 2434 darüber, daß er sie unberührt stehen läßt.
2160 2383 3329 2463 Rudolf Rittner, diesem großen Menschendarsteller, ge¬
169 2406 1067 2473 den sie gehabt, dessen Inhalt ihn anekelt. Gleich
1082 2402 2191 2484 Auch sonst noch rennen Männer und Weiber über die Bühne,
2183 2417 2359 2491 worden?
2333 2441 3330 2513 Aus dem Bereich des Natürlichen entfernt und in die
174 2453 1057 2512 er sich in die Arme zweier florentinischer
1063 2447 2192 2541 die nur das Bestreben zeigen, sich in dem tiefsten Schmutz
2178 2473 3334 2564 crasseste Unnatur gezwängt, stieß er sich an allen möglichen
166 2476 1060 2555 um mit ihnen in gemeinen Sinnenrausch unter¬
1056 2498 1584 2562 niedriger Triebe zu wälzen.
2179 2519 3336 2608 Hindernissen herum. Und zwischen den glatten, man muß
184 2539 1067 2601 die letzte Nacht vor dem Vergehen. Noch ein¬
1081 2537 2187 2637 Alles das — alles, alles in der letzten Nacht, die dem großen,
2178 2562 3331 2641 sagen formvollendeten Versen schwankte er wie zwischen Scylla
161 2590 1056 2648 atrice ihm in den Weg. Auch jetzt stößt er sie
1045 2577 1600 2653 blutigen Sterben vorangeht!
2171 2611 3335 2685 und Charybdis. Das einzig wirklich Bedeutende, das der Abend
202 2635 1073 2704 sich an das Leben klammert, während er zu
1088 2632 2181 2703 Ich könnte nun noch fortfahren in der Schilderung. Doch
2171 2653 3332 2728 brachte, war Irene Triesch's Beatrice. Dieser hervor¬
221 2667 682 2732 Er nimmt Gist — —.
1048 2673 2185 2746 ich unterlasse es, rechnend auf den Generalpardon des geneigten
2178 2692 3327 2774 ragenden, einzigartigen Künstlerin gelang es fast das Unver¬
151 2696 1057 2777 en aus dem Volke: Beatrice. Ein bysterisch¬
1051 2721 2181 2795 Lesers. Ganz gewiß: selbst das Zeitungspapier hat ein Recht
2181 2738 3318 2825 ständliche verständlich, das Häßliche schön, das Abstoßende er¬
162 2757 1049 2812 sches Wesen, wie es in solcher Verzwicktheit nie¬
1043 2756 1360 2822 auf Schonung!
2169 2780 3330 2866 greifend zu gestalten. Ihr Wesen wurde verklärt durch einen
174 2801 1065 2863 leben, sondern nur in der verschrobenen Phantasie
1082 2790 2188 2881 Aber ist denn das die „große Kunstoffenbarung“, die wir
2176 2810 3321 2905 unnachahmlichen Schimmer des Märchenhaften. Das wurde
151 2844 1057 2904 n Hirns existiren kann. Sie hat einen Bräutigam,
1045 2845 2186 2939 von der Bühne her erwarten? Soll das die Tragödie der
2177 2866 3322 2951 fast wie die Rettung einer verlorenen Soche empfunden;
167 2886 1050 2947 egen entleibt, was sie völlig kalt läßt. Sie liebt
1052 2889 1341 2963 Neuzeit sein?
2168 2910 3317 3001 denn was aus der Vorstellung ohne Irene Triesch geworden
168 2929 1071 3000 wahnsinniger Gluth. Trotzdem wirft sie sich dem
1069 2927 2182 3003 Ja, ist denn die Welt wirklich nichts weiter als ein großes
2170 2954 3323 3038 wäre daran wage ich gar nicht zu denken. So nahe streiften
152 2975 1058 3035 nHals, und wird im Handumdrehen Herzogin.
1044 2958 2181 3055 Bordell? Und hat ein dramatischer Dichter kein anderes Ziel,
2175 2997 3326 3076 einzelne Momente schon die Grenze des Komischen. Friedrich
162 3027 1057 3075 dinal muß in der Nacht noch die Trauung voll¬
1051 3032 1716 3086 als dies im Spiegelbild zu zeigen?
2156 3037 3313 3126 [Kayßlers Herzog war eine vollsaftige Kraftnatur. Doch
166 3063 1065 3132 entläuft sie dem Herzog wieder, kehrt zu dem
1070 3062 2181 3145 Aber, werden die „Geistreichen“ einwenden: die damalige
2169 3091 3317 3151 übernahm sich der Künstler stellenweise durch forcirte Au¬
231 3105 1047 3172 rennt nach dessen Tode wieder dem
1049 3108 2175 3185 Zeit! Ein Cultur= und Sittengemälde aus einer ver¬
2174 3132 3327 3211 wendung der Mittel, und so wurde der Umschwung im letzten
156 3149 1051 3205 die Arme — und weiß bei Allem nicht,
1042 3143 2183 3225 sunkenen, farbenreichen und sinnentrunkenen Epoche! Denen ist
2163 3168 3320 3258 Acte nicht recht glaubhaft. Zu nennen wäre noch Louife
165 3197 3321 3246 eht, noch was sie eigentlich will. Uebrigens ist zu erwidern: Der Verfasser lügt! Mit Absicht und Bewußt= Dumont's fein ausgearbeitete, temperamentvolle und pilande
162 3241 3326 3302 de — so müde. Sie stirbt — denn sterben muß sein tischt er uns ein Zerrbild auf, das ein Jeder, der in Rosina, Otto Sommerstorff's innig empfundener Graf
