3436 4384
940 296 1502 385 vom 100 M
1140 545 2134 723 (-Der Fall Schnitzler.
1253 689 2248 781 Es ist eine Affaire. Allerdings keine neue. Unzählige¬
1144 752 2246 824 male ist es vorgekommen, dass Bühnenschriftsteller ihre
1147 811 2260 874 Arbeiten, nachdem solche lange in den Theaterkanzleien
1151 850 2252 924 gelegen, zurückbekommen haben. Sie ertrugen es mit
1159 903 2253 977 Anstand und Würde, oder sie haben sich persönlich ihrer
1161 964 2253 1019 Haut gewehrt, indem sie die Flucht in die Oeffentlichkeit
1151 1010 2245 1072 ergriffen; aber ganz vereinzelt ist der Fall, dass
1157 1054 2253 1126 sich der Abgewiesene mit einer Schutzgarde von kritischen
986 1079 1137 1178 Für 5
1154 1092 2368 1194 Publicisten versieht, die in seinem Namen eine Erklärung llusire
2217 1127 2356 1193 a1to
1075 1154 2362 1236 200 abgeben. Wir glauben, dass auch Herr Dr. Schnitzler, glbar
1160 1210 2394 1272 der eine gute Feder führt, seine Sache selbst hätte ver= Voraus¬
1078 1231 1157 1280 500
1026 1247 2258 1333 100 treten können. Wenn er aber schon die Wiener Kritiker
1090 1277 2426 1374 In zur Anwaltschaft aufgerufen, so hätte er sich einer stärkeren ist das
963 1334 2414 1428 Abonnem Stceitmacht versichern müssen, als sie in den sechs Ge¬t es den
966 1401 2286 1473 Abonnen rechten besteht, die für ihn das Wort gegen Doctor
1146 1435 2421 1534 [Schlenther ergriffen. Diese Herren, einzeln ist jeder stend die
1157 1492 2423 1555 leidlich klug und verständig, aber versammelt — habenorgen¬
974 1525 1153 1582 Inhaltss
1167 1533 2423 1614 sie eine Dummheit gemacht. Nicht dass wir gegen Zeitung“)
972 1564 1162 1623 blütte
1169 1580 2426 1655 Schnitzler oder für Schleuther Partei ergreifen wollen, de Leben
976 1610 1147 1664 wodurch
2233 1616 2443 1690 heilungen
979 1654 1146 1709 des In¬
1166 1642 2249 1710 Was den letzteren betrifft, gehört er zu den unleidlichsten
983 1682 1145 1763 werden
1152 1683 2266 1769 Theaterdirectoren, die jemals hier das Regime geführt.
1155 1741 2265 1822 Sein ganzes Gehaben in Bezug auf Dichter und Publicum
1159 1803 2260 1861 ist eine Mischung von Berliner Schnodderigkeit und
1155 1834 2262 1913 höchster Wurstigkeit. Wahrlich, dieser Herr, der das Burg¬
1153 1887 2256 1972 theater so weit gebracht, dass es seine Kräfte aus dem
1165 1943 2258 2012 Jantsch=Theater holen muss, darf sich nicht vermessen, zu
1154 1985 2264 2048 erklären, dass nur das Burgtheater in der Lage sei,
1156 2033 2274 2101 das Werk eines Bühnenschriftstellers in würdiger Weise
1159 2093 2256 2142 zu interpretieren. Das ist eine der berühmten Schleuther¬
1156 2138 2269 2208 schen Ueberhebungen, welche diesen Mann charakterisieren
1153 2180 2270 2251 und nur noch unsympatyischer machen, als er ohnedies
1163 2231 2275 2285 schon ist. Aber so ungeschickt anmaßend sich Director Schleuther
1170 2272 2273 2331 in diesem Falle benommen, so wenig berechtigt war die
1154 2315 2259 2395 sechs Mann hohe Solidarität der Theaterreferenten.
1162 2363 2266 2442 Wir erinnern uns eines geflügelten Wortes des ver¬
1153 2418 2261 2494 ewigten Sitter, der von den 300 Wiener Theater¬
1156 2471 2269 2537 recensenten zu sprechen pflegte. Das war eine satirische
1164 2513 2267 2589 Licenz, aber jedenfalls repräsentieren die gedachten Decla¬
1156 2569 2263 2633 ranten noch lange nicht die gesämmte Kritik, man wird
1156 2610 2273 2679 vielmehr anzunehmen versucht sein, dass sie eine Quint¬
1166 2662 2276 2730 essenz des berühmten „Klüngels“ sind, der öffentliche
1167 2710 2274 2790 Meinung machen will. Die feierliche Erklärung dieser
1167 2760 2262 2824 Herren, was im Benehmen Schlenthers gegen Schnitzler
1172 2812 2273 2882 unstatthaft gewesen, ist sehr überflüssig. Jeder halbwegs
1167 2877 2266 2917 anständig und rechtlich denkende Mensch sagt sich das¬
1176 2897 2273 2981 selbe, was ihm die Wortführer des gemaßregelten
1171 2960 1491 3028 Dichters sagen.
1288 2980 2276 3078 Die öffentlich Entrüsteten haben in dem gegebenen
1173 3054 2278 3119 Falle zu viel oder zu wenig gethan. Entweder wollen¬
1166 3107 2273 3185 sie Bühnenschriftsteller und Publicum vor Schleuther
1166 3150 2270 3223 und seinem Theater warnen, dann hätte das klipp und
1165 3212 2272 3258 klar geschehen müssen, oder sie beabsichtigten des Directors¬
1172 3245 2276 3319 Unfähigkeit zur Beurtheilung dramatischer Werke festzu¬
1178 3303 2276 3382 stellen, dann hätten sie bekennen müssen, dass Herr
1166 3352 2276 3426 Schleuther noch niemals ein Theaterstück aus der Feder
1150 3409 1944 3480 „dieser Herren zur Aufführung gebracht.
1280 3458 2284 3530 Der Burgtheater=Director hat übrigens nicht lang
1166 3570 2280 3636 mit einer Entgegnung auf das Manifest der Kritiker
1184 3628 2303 3681 warten lassen. Die Sprache, die er dabei anwendet, soll,
1171 3659 2281 3735 in ihrer diplomatischen Gewundenheit den Gedanken ver¬
1168 3722 2289 3790 bergen, dass Herr Schlenther sein Urtheil über Ein
1172 3780 2286 3844 Stück je öfter wechselt, je öfter er es liest. Vielleicht ist
1181 3818 2280 3889 das ein Vorrecht der norddeutschen Großmeister' der
1168 3855 2282 3929 Kritik. Darüber wollen wir mit ihm nicht rechten. Jeden¬
1180 3917 2281 3977 falls hat Herr Schnitzler eine Bombenreclame für seinen
1177 3967 2292 4022 „Schleier der Beatrice“, und wie wir den fixen Herrn
1173 4012 2285 4072 Director Bukovics kennen, wird er sich dieses Occasions¬
1182 4065 2274 4118 stück nicht entgehen lassen. Es wäre ja nicht das erste¬
1168 4107 2269 4170 mal, dafs Bühnendichtungen, welche Schlenther im Burg¬
1181 4142 2292 4221 theater begraben hatte, im Weghuberparkhause frohe
1170 4202 1635 4284 Auferstehung feierten.
