3436 4320
1959 213 2433 324 box 20/4
289 224 1814 322 14. Der Schleier der Beatrice
1798 612 1939 700 270
626 717 3102 822 Der Dichter des Schweigens, (si tacuisset!) der Schicksalsdeuter, noch) die sogenannten berufenen Vertreter des litterarischen
628 781 1869 851 sei durchaus nicht untergegangen, „Monna Vanna“ strecke ihre
1861 794 3109 869 Jungdeutschland für eine linelarische That von unerhörter
616 823 1861 909 Arme in das dritte Reich, in die Traum= und Ahnungstiefen
1863 845 3098 919 Kühnheit. Nur gut, daß unser Dichter nicht auch malt,
631 875 1814 929 des Unerklärlichen und Unaussprechlichen. — Also doch! —
1858 884 3099 971 er wurde uns sonst vielleicht eines Tages mit einer
614 929 1855 998 Das eine wollen wir zugeben: der Schwätzer Maeterlink ist
1858 953 3099 1017 „Kuhmagd ihre Hühneraugen schneidend“ erfreuen.
619 977 1860 1047 derselbe geblieben. Und dies Konstatieren des Schwatzens im
1855 987 3100 1060 Durchaus ernst zu nehmende Zeitungen wie die „Frank¬
612 1027 1850 1102 Gegensatz zu künstlerischer Plastik enthebt uns von vornherein
1862 1044 3109 1110 furter“ hatten es nicht nur in ihren Referaten nicht verschmäht,
613 1073 1848 1148 des Anl##ns jeden er##sthaften Maßstabes. Das hindert na¬
1848 1089 3108 1162 das Hottentottengeschwätz Wedekind'scher Dialoge im „Erdgeist“.
619 1127 1851 1181 türlichand, zu sagen, daß in „Monna Vanna“ alles wie
1851 1138 3102 1210 „Fritz Schwigerling“ u. s. w. als Kunst zu bezeichnen, sie
624 1182 1859 1245 aus dem Stein gehauen erscheint, daß der Dichter markante
1852 1186 3100 1262 haben es auch unbegreiflicher Weise nicht unterlassen, von den
613 1211 1842 1282 Profile geschaffen u. s. w. Man vernimmt Klänge aus
1850 1233 3107 1301 Leistungen der „Elf Scharfrichter“ in einer Weise zu sprechen,
606 1278 1835 1345 Dantes „Göttlicher Comödie“ man betrachtet „Monna Vanna“
1854 1286 3102 1353 die in jedem Unbefangenen den Glauben aufkommen lassen
608 1318 1859 1393 mit andächtigem Staunen, vermißt aber schmerzlich jene
1843 1319 3100 1398 mußte, es handele sich dort wirklich um künstlerische Dar¬
609 1369 1841 1428 schluchzenden Untertöne der früperen Stücke, die in ihrer Zart¬
1852 1377 3093 1457 bietungen. Wenn man schon für das Herrn Wedekind (und
616 1410 1845 1494 heit seinen Spinngeweben gleichen, und man nennt Maeter¬
1844 1434 3091 1500 auch den M. 4.— Eintrittsgeld zahlenden) so teuere Original¬
611 1456 1852 1539 link einen Eklektiker und Könner von ureigenem Empfinden,
1850 1494 3095 1546 gemach der „Scharfrichter“ (von denen nur Herr Rechtsan¬
605 1513 1834 1580 einen reinen Meister, der dem Theater seine spekulative Nie¬
1852 1522 3097 1586 walt a. D. Kothe wirklich künstlerisches bietet) nicht das nötige
609 1560 1844 1640 drigkeit nahm!!! Manche Streiter im Kampf um die erhabenen
1853 1572 3097 1644 Verständnis mitzubringen vermag und durch die ganze Auf¬
602 1602 1846 1674 Trotteltypen vorehelicher Maeterlinkscher Geschäftspraxis beklagen
1845 1626 3096 1694 machung recht unliebsam an das Münchener Vierkellertum er¬
613 1662 1845 1714 seine monströse Psychologie in „Monna Vanna“. Als w.nn der
1851 1665 3095 1728 innert wurde, so wuchs das Erstaunen ins Unermessene, wenn
600 1714 1841 1784 überhaupt je von einer Psychologie eine blasse Ahnung gehabt
1850 1724 3095 1791 man diesen unsagbar öden Singsang, diese gänzlich witzlosen
612 1751 1847 1830 hätte! Man sagt, der Meister sei seiner Seele untren geworden, die
1843 1770 3078 1829 Einakter über sich ergehen ließ. Herr Wedekind ist der Lieb¬
610 1800 1840 1883 nun in einem blütenweißen Lilienkelche sitze, die zarten Flügel
1852 1812 3100 1891 ling des Publikums. Er ist der Erfinder eines unbeschreiblich
603 1864 1835 1915 hängen ließe und weine. Dann: Maeterlink strebe in „Monna
1846 1867 3100 1944 originellen Tries: er singt die größten Zoten, ohne eine Miene
603 1901 1835 1975 Vanna“nach dem am höchsten stehenden Vorläusigen. Dieser Passus
1843 1925 3090 1997 zu verziehen. Und das Publikum, das sich einesteils aus
598 1955 1831 2025 ist des Dichters ureigenstes Produkt; er steht voll und ganz
1837 1967 3099 2040 Nervengigerln, nymphonanischen Weibern, Bierbrüdern und
597 2007 1832 2082 auf der Höhe Maeterlink'schen Gewäsches, das natürlich mit
1839 2010 3096 2093 Neugierigen, anderenteils aus etwas ganz anderes erwartenden
605 2055 1827 2123 Andacht nachgebetet wird. Man spricht auch bei dieser Ge¬
1835 2063 3098 2145 Durchreisenden zusammensetzt, quiekst, stöhnt und brüllt vor
593 2103 1825 2173 legenheit wieder mit Ekstase von dem „Schatz der Armen“
1850 2109 2107 2177 Vergnügen.
601 2137 1845 2217 jenem ehrwürdigen Monument stilisierten Blödsinns und bringt
1933 2152 3086 2224 Wenn ich sage, der Wedekind singt Zoten, so ist das
595 2212 1833 2279 dies und anderes in Verbindung mit der Wandlung Macter¬
1845 2209 3074 2270 nicht ganz korrekt. Ist schon die platte Zote im Gegensatz zu
595 2240 1830 2331 link'scher Weltanschauung! Wer da nicht lacht, dem ist über¬
1834 2249 3087 2316 dem auf erotischen Pointen berubenden wirklichen Witz ein
599 2291 1183 2377 haupt nicht mehr zu helfen.
1836 2304 3084 2384 Gewächs, bei dem das geschlechtliche Selbstzweck, so ist das,
1835 2353 3094 2431 was dieser Verherrlicher potenzierter Animalität besingt, noch
705 2362 1827 2445 Also, er schenkte uns etwas Neues, ein Drama, das zwar
1837 2401 3106 2493 um ein beträchtliches tiefer stehend. Er beschäftigt sich zwar
599 2416 1837 2474 geradess wie seine frühere „Kunst“ nichts weiter war als eine
1845 2458 3077 2519 auch, wie man das von seiner „Eigenart“ nicht anders er¬
612 2474 1829 2531 Spekulation auf die Herdeninstinkte, sich aber — wer wollte
1839 2506 3086 2576 warten kann, mit Vorliebe, mit dem arg reduzierten Trieb¬
600 2507 1828 2582 das einem findigen Litteraturkrämer verargen — diesmal an
1835 2546 3082 2618 leben alter Herren, daneben hat er aber auch ein neues Genre
594 2555 1826 2635 die unabsehbare Gemeinde derjenigen wandte, die das Theater
1839 2599 3081 2685 aufgebracht: er verweilt mit innigstem Behagen bei dem
605 2620 1822 2684 als geeignetsten Ort betrachten, um sich die für die kommende
1834 2650 3075 2738 Liebesleben der Hunde. Man denke welch neues, erschüttern¬
594 2653 1826 2737 Nacht erwünschten Sensationen auf beqnemem Wege zu ver¬
1843 2695 2446 2773 des litterarisches Beginnen!
590 2712 1828 2783 schaffen. Rudolf von Gottschall hat entschieden recht, wenn
1935 2731 3082 2818 Wenn Menschen, die infolge ihrer, sei es ererbten, sei
605 2768 1828 2833 er sagt, hinter Maeterlink habe, während er sein
1835 2805 3079 2872 es erworbenen traurigen Verfassung ihres Nervensystems einen
593 2802 1831 2857 Stück schrieb, seine Gattin ohne Mantel gestanden. Nach der
1832 2849 3067 2923 unwiderstehlichen Drang in sich fühlen, ihren Mitmenschen ihre
597 2855 1838 2906 hundertsten Aufführung von „Monna Vanna“ im Deutschen
1836 2885 3074 2980 Machwerke vorzusetzen, so kann das den litterarisch inter¬
600 2908 1823 2976 Theater beschloß unser Dichter das Geure Nr. 2 vorläufig
1835 2944 3070 3014 essierten wenig berühren. Möge Herr Wedekind in den ihm
597 2958 1829 3026 weiter zu pflegen: er droht mit einer „Versuchung des heiligen
1833 3001 3063 3069 nahestehenden Kreisen heute ein präderastisches, morgen ein so¬
594 3012 1826 3061 Autonius“ bei der diesmal im Lichte der Wahrscheinlichkeit
1826 3046 3079 3113 domitisches Epos vortragen. Wenn uns aber Leute, wie er,
593 3056 1810 3122 mehrere Mäntel definitiv fallen werden. Nach der fünf¬
1823 3092 3079 3163 in unbegreiflicher Verkennung ihres Berufes, zumuten, das
596 3096 1822 3174 hundertsten Aufführung dieses „europäischen Ereignisses“ dürfte
1833 3145 3086 3212 oben charakterisierte als Kunstleistung zu würdigen, und sich
595 3142 1821 3221 dann der Zeitpunkt gekommen erscheinen, sich mit dem Circus
1821 3179 3072 3263 Abend für Abend ein Publikum findet, das Herrn Wedekind
603 3206 1826 3282 Schumann in Verbindung zu setzen, um weitere Lieferungen
1832 3247 3077 3309 nicht mit faulen Eiern bewirft, dann kann man sich wahrlich
596 3249 1629 3311 an Entkleidungskunstwerken für ihn zu vereinbaren.
1831 3290 3081 3347 auch kaum noch über jene Leute wundern, die diesem poëta
696 3307 1824 3393 Dann das zweite Vorbild für Herrn Schnitzter: Frank
1825 3347 3075 3427 phallus eher als einem Schnitzler gerecht zu werden vermögen.
587 3353 1829 3445 Wedekind! Wenn man tagaus tagein vernimmt, daß wir es
594 3428 1826 3498 hier mit einem Dichter (nicht etwa mit einem mit erotischen
600 3478 1835 3547 Zwangsvorstellungen behafteten Neurotiker hoffnungslosester
593 3528 1831 3573 Sorte) zu thun haben, mit einem Renaissancemenschen, einem
601 3572 1827 3644 zweiten Aretin — dann löst sich etwa schon aufgestiegener
2109 3504 2944 3684 HEATERBRIEFE,
605 3618 1825 3689 Unmut in heftige Fröhlichkeit. Eine herrorragende Persönlich¬
599 3660 1822 3724 keit dieser Frank Wedekind. Und erst der Esprit, über den er ver¬
1926 3694 3063 3775 Berlin. Im Thaliatheatereröffnete das Berliner Schau¬
593 3720 1825 3779 fügt! So hat er die Gewohnheit, die ich aus latenter Per¬
590 3769 1346 3849 versität oft an ihn drängenden Littero
1833 3758 3071 3842 spiel= und Lustspiel=Ensemble unter der Direktion von William
1410 3774 1823 3849 ner und hysterischen
590 3809 1220 3893 Cabaretbesucherinnen zu fra#
1836 3815 3074 3905 Löwe ein auf mehrere Wochen berechnetes Gastspiel mir
1680 3824 1826 3888 seien.
1833 3863 2588 3925 Lauffs Schwank „Ein toller Einfall“.
601 3851 1170 3930 Welcher Witz! Ueber solch
1707 3877 1828 3943 ver¬
1915 3904 3070 3971 Da in diesen Vorstellungen unser Chefredakteur mitwirkt, können
595 3907 1133 3974 fügt. Wedekind blieb es
1835 3912 3070 4012 wir über dieselben eigene Referate nicht bringen und drucken nachstehend
594 3958 1145 4023 verwerten, was man fra¬
1828 3993 3076 4066 wörtlich die Kritik des Berliner Lokalanzeigers No. 253 vom 3. 6. 03
594 4015 1120 4087 und das hielten damals
1833 4025 2166 4099 ab, welche lautet:
