3532 4256
446 2622 545 2713 Abo
436 2688 561 2770 Abo
443 2789 573 2876 Inh
443 2868 566 2964 91
450 2940 560 2994 des
450 2981 572 3044 Werd.
2018 159 2484 271 box 20/1
356 161 1881 281 14: Der SchleienderReatrice
956 762 1374 869 Telefon 12801.
480 874 1860 969 Alex. Weigl’sy Untrnehmen für Zeitungs-Ausschnitte
1495 936 1709 1014 Ausschnitt
1492 981 1849 1090 Nr. 69
814 851 1469 1094 Gbornven¬
424 1069 1903 1165 I. österr. behördl. conc. Burean für Zeitungsberichte u. Personalnachrichten
618 1147 1735 1247 Wien, IX Türkenstrasse 17.
828 1226 1508 1314 - Filiale in Budapest: „Figyelö“ —
423 1300 1891 1392 Vertretungen in Berlin. Chicago, Genf, London, Newyork, Paris, Rom, Stockholm.
420 1421 986 1528 Ausschnitt aus:
1061 1476 1733 1631 Gauteches Volkshlast
430 1560 1082 1678 von 7519 7%0.
2701 1839 2912 1941 aen
3075 1846 3411 1957 Sen
1676 1898 3414 2008 Sache liegt aber ganz anders. Eine Anzahl von zugefügt werden mag — wir
662 1897 3416 2044 Eine moderne Tyrannis. Journalisten, zu deren Berufspflichten es gehört, über dürfte nicht weuig sein. Noch
668 1959 3426 2095 Mehrere Wiener Blätter haben gestern eine lang= die Aufführungen des Hofburgtheaters zu be=sich verpflichtet gefühlt, einen gen
562 2013 3427 2094 athmige „Erklärung“ publicirt, die von sechs Burg=richten, hat sich zusammengethan, um das Herrn zu lassen, denn die Gedemüth#
564 2078 3415 2140 theaterreferenten unterzeichnet ist, und sich gegen den Arthur Schnitzler angethane Unrecht zu rächen, sie waren nicht Mitglieder des
558 2138 1690 2208 Leiter unserer Hofbühne, Herrn Dr. Schlenther,
1690 2141 3426 2254 und in diesem Umstande liegt für uns der Anlaß, die maßt den literarischen Markt
566 2172 2806 2282 richtet. Man müßte demnach annehmen, daß es sich um von den Herren Bahr, Bauer, Speidel u.s. w.
2784 2228 3386 2292 Dr. Schlenther ist stets ein
566 2220 1690 2302 die Erörterung einer Differenz handelt, die zwischen
1695 2243 2801 2318 eingeleitete Action auf das Entschiedenste zu verur¬
2780 2257 3421 2331 gewesen und er wird es wohl
560 2265 1695 2354 den betreffenden Journalisten und dem Director des
1687 2293 3407 2388 theilen. Man hat es da mit einem Mißbrauche jenes zahllosen Sünden wären ihm
563 2316 1698 2406 Burgtheaters entstanden ist, um eine principielle Frage,
1682 2343 3420 2439 Einflusses zu thun, über den der Kritiker, der in der wenn er es sich nicht hätte ei
569 2377 1692 2449 wie sie sich ja aus dem Verhältnisse der Kritik zu dem
1686 2384 3407 2493 Lage ist, seine Ansichten Tausenden von Personen zus Schnitzler die ganze Scha
569 2415 3417 2490 Leiter eines Theaters leicht ergeben kann. Dem ist suggeriren, naturgemäß verfügt, und wenn man Director die sich einbilden, das geistige
569 2469 3409 2578 aber nicht so, sondern die Redacteure, die die erwähnte Schleuther auf diese Weise zwingen will, einen Ent=sentiren. Wir müssen gestehen:
567 2524 3414 2627 „Erklärung“ unterzeichnet haben, ergriffen nicht in schluß, den er mit Recht oder Unrecht gefaßt hat, Schadenfreude, wie Dr. Sch
561 2553 3366 2671 eigener Sache das Wort, sondern sie haben sich und wieder rückgängig zu machen, so macht dies den Ein= von Jenen behandelt wird
562 2614 3384 2728 ihren Einfluß in den Dienst eines Autors gestellt, druck, als ob die „betreffenden Theaterreferenten die seiner Uebersiedlung nach
556 2650 3400 2758 dessen Werk von der Direction des Hofburgtheaters Absicht hätten, sich als eine Art moderner Tyrannis Haaren verschrieben hatte.
554 2717 1693 2784 zurückgewiesen wurde. Es handelt sich, um es kurz zu
1673 2731 2779 2832 zu constituiren, die den Theaterdirectoren ihren Willen
2774 2748 3405 2831 [Schnitzler's beherrschten
569 2770 1682 2841 sagen, um das Schauspiel „Der Schleier der Beatrice“
1675 2768 2497 2860 in literarischen Dingen octroyiren will.
2745 2801 3314 2887 des Buratheaters, nur
563 2817 1694 2883 von Arthur Schnitzler, das Director Schlenther
1749 2832 3410 2934 Die Unterzeichner der mehrerwähnten Erklärung unserer Classiker die Ehr
554 2856 3365 2979 zuerst zur Aufführung acceptirte, später aber nach scheinen übrigens selbst das Gefühl gehabt zu haben, meist miserablen Vorstellung
559 2893 1594 2991 mehrmaliger Durchsicht dem Verfasser zurückstellte.
1674 2934 3415 3021 daß der Eindruck, den ihre Publication hervor= Das genügte nicht, sondernm
640 2961 3405 3070 Wir wollen uns in eine Untersuchung, ob das rufen dürfte, kein besonders günstiger sein werde. Standpunkt, es sei die Pflicht
553 2977 3412 3092 Vorgehen Dr. Schlenther's ein correctes zu nennen ist Sie haben sich daher einer Art von Falsch= Arbeit unbesehen zu acceptiren
552 3059 3395 3163 oder nicht, absolut nicht einlassen. Wir bekämpfen die meldung schuldig gemacht, indem sie behaupteten, marke trägt. Als das Speidel=
550 3105 3390 3213 Art und Weise der Directionsführung dieses Herrn seit sie seien genöthigt, zur principiellen Wahrung der Niemand das Loblied des Ges
541 3158 3417 3284 allem Anfange mit solcher Entschiedenheit, daß wir Autorrechte in der in Rede stehenden Angelegenheit höheren Tönen, als Dr. Schle#
550 3193 1688 3287 sicherlich nicht in den Verdacht gerathen werden, zu seinen
1667 3225 3391 3310 das Wort zu ergreifen und außerdem noch aus Be. Speidel dafür revanchirt.?
546 3256 1680 3336 Vertheidigern gezählt zu werden, wenn wir in diesem
1670 3274 2780 3361 sorgnis, daß es heranwachsenden, noch nicht beglau¬
2759 3288 3418 3366 [Schlenther aus diesen
538 3315 1687 3388 Falle uns gegen diejenigen wenden, die ihn angreifen.
1662 3318 3408 3415 bigten Talenten am Burgtheater in Zukunft ähnlich Consequenzen ziehen und einseh
555 3354 3424 3469 So weit uns die Sachlage bekannt ist, glauben wir oder noch schlimmer ergehen könnte. Es wäre besser Fabel ist, wenn von der Solid
552 3396 3417 3494 selbst der Ansicht zuneigen zu sollen, daß das Ver=gewesen, wenn die Herren hübsch bei der Wahrheit vom Terrorismus und von der
551 3441 2766 3546 fahren, welches Herr Schlenther dem eingereichten geblieben wären; die Wahrheit aber ist, daß in dieser
2759 3488 3418 3578 Presse gesprochen wird. Vielle
549 3496 3390 3551 Stücke gegenüber zur Anwendung gebracht hat, keinAngelegenheit deshalb Lärm geschlagen wurde, weil! fahrungen in ihm nachwirken,
533 3545 3412 3656 einwandfreies ist und wenn der betroffene Autor selbst es sich um Arthur Schnitzler handelt, um Arthur mehr Leiter des Hofburgtheat
546 3589 2761 3695 in Verbindung mit anderen Autoren gegen die ihm Schnitzler, der zur Clique gehört und als eine der
2758 3622 3403 3718 Wiener Aufenthalt wäre dank,
548 3639 2762 3742 widerfahrene Kränkung oder Benachtheiligung protestirt Koryphäen des Wiener Literaturjudenthums gilt. Was
2756 3680 3390 3767 Person in Frage kommt, kein
538 3689 2797 3805 hätte, so wäre daran gewiß nichts auszusetzen. Die jahraus jahrein aufstrebenden Talenten an Unrecht
