3484 4352
2818 284 3047 357 Nr. 433.
2163 276 2547 361 17. Jänner 1903.
1647 288 1892 366 Die Zeit.
1049 286 1416 370 Wien, Samstag,
531 290 766 373 Seite 30.
1789 408 3083 480 folgte einfach der Mode; und die „literarisch Gebildeten“ aus der
486 409 1786 482 ärgerlichen Sammlung berichtet wird. Ein Fractionscollege im Reichstag
1789 462 3083 528 übersatten Bourgeoisie giengen ins Theater zu den „Armeleut¬
497 468 1787 539 sagte ihm: „Sie haben ganz recht, Herr Professor, es wird immer
1783 510 3087 574 stücken“ ungefähr wie einst die Schlemmer der römischen Kaiserzeit
499 518 1793 581 schlechter!“ Und ein gelehrter Freund: „Du hast Caprivi damit
1793 547 3090 612 eine Belebung ihrer Genufsfähigkeit in der cella pauperum suchten.
497 560 1781 624 feiern wollen.“ Man könnte wirklich beinahe glauben, die Welt
1789 589 3092 661 Schließlich trug sogar der Aufschwung der Naturwissenschaft dazu
499 611 1310 676 werde zwar nicht schlechter aber dümmer.
1780 639 3102 698 bei, das Historische als zur Gestaltung ungeeignet erscheinen zu lassen.
610 640 1781 709 Wissenschaftlichen Wert haben einige historische Unter¬
1785 686 3095 740 Die Methode, der man die neuen glänzenden Resultate verdankte,
492 688 1783 752 suchungen. Der Held von Aspern wird seines Nimbus entkleidet
1787 731 3087 796 die empirische, hielt sich an das gegenwärtige Object, sah zunächst
495 736 1792 801 und steht als das Gegentheil von einem Helden und Feldherngenie
1799 782 3103 837 von dem zeitlich Zurückliegenden, ins Grab Gesunkenen ab. Mehr,
489 780 1793 838 vor uns; die Frage, ob der siebenjährige Krieg zum Zweck der
1789 820 3086 875 als das Studium von „documents“ zur Neuerweckung vergangener
495 822 1789 888 Vertheidigung unternommen wurde, beantwortet der Verfasser wie
1798 858 3092 919 Epochen, wurde die Beobachtung am Lebendigen das Princip der
489 864 1786 927 Lehmann mit nein; Preußen bestand nach dem zweiten Schlesischen
1798 897 3099 969 Kunstübung. So kam durch eine ästhetische und unter Mitwirkung
494 914 1784 984 Kriege aus lauter gar nicht oder schlecht zusammenhängenden
1805 954 3099 1025 von socialen und wissenschaftlichen Strömungen das Gegenwart¬
498 942 1789 1022 Gliedern. Der große König wollte seinem Staat eine haltbare
1800 1002 2241 1062 drama zur Herrschaft.
500 993 1800 1068 geographische Grundlage schaffen, Sachsen und Westpreußen erobern
1900 1015 3094 1092 Heute gilt der Naturalismus für todt. Eine starke Reaction
491 1052 1794 1105 und den Kurfürsten von Sachsen mit Böhmen entschädigen. In
1788 1074 3095 1142 hat sich gegen ihn erhoben. Es gibt innerhalb der menschlichen
494 1086 1798 1140 einer Kritik der Sybel'schen Darstellung wird die Frage nach dem
1795 1127 3098 1182 Beziehungen noch andere Mächte, als Hunger und Liebe, andere
495 1135 1792 1190 Ursprung des französischen Krieges ins Reine gebracht. Napoleon
1800 1170 3110 1231 Kämpfe, als den der Unterdrückten gegen die Unterdrücker, der
497 1177 1797 1240 hat nicht kopflos gehandelt, hat nicht chauvinistischem Pöbelgeschrei
1802 1213 3092 1265 Arbeiter gegen die Brotherren, des Proletariats gegen das Capital.
504 1220 1798 1287 nachgegeben; das Bündnis mit Oesterreich und Italien ist keine
1798 1255 3101 1328 Nicht nur der Alltag, auch das Ungewöhnliche, der Ausnahmefall
494 1269 1791 1324 Legende. Dieses Bündnis war verabredet, und dass es beim Aus¬
1801 1304 3098 1367 verlangt nach Gestaltung. Der bloße Ausschnitt aus dem Leben
491 1317 1795 1374 bruch des Krieges noch nicht abgeschlossen war, das lag nicht an
1797 1336 3106 1414 genügt dem ästhetischen Bedürfnis nicht, man begehrt ein abge¬
503 1353 1788 1408 Oesterreich, sondern an Napoleon. Dessen Methode war es (neben¬
1797 1384 3110 1456 rundetes Bild, innere Bedeutsamkeit, eine Kunst der Symbole.
502 1404 1750 1456 bei bemerkt, auch Bismarcks), immer zwei Eisen im Feuer z
1800 1433 3104 1482 Ueberdruss am Gegenwartdrama half das historische zu neuem
504 1447 1788 1512 haben. Er hätte seine beiden Ziele: einen Gebietzuwachs für Frank¬
1809 1477 3106 1532 Dasein erwecken. Es ist nicht nur die wechselnde Mode, die diese
504 1486 1792 1550 reich und Verhinderung der Einigung Deutschlands, lieber mit
1811 1519 3102 1581 Tendenz fördert, wie etwa in Frankreich der frischbelebte Napoleon¬
508 1529 1802 1594 Preußen als gegen diese Macht erreicht; er führte die Bündnis¬
1801 1572 3105 1638 Cult eine Anzahl Empiredramen zeitigte, deren wirksamstes die
507 1570 1791 1633 verhandlung bis auf den Punkt, dass er der österreichischen Hilfe,
1812 1618 3099 1678 „Madame Sans-gène“ des Theaterpraktikers Sardou war. Nicht
504 1625 1794 1677 sobald er ihrer bedurfte, gen 's war, wollte sich aber die Hände
1799 1661 3109 1720 von jenen Biedermaier=Stücken soll hier die Rede sein, in denen das
514 1676 1792 1726 frei behalten, um auf deutschem Boden mit beiden Mächten ver¬
1801 1698 3098 1754 Costüm Hauptsache ist. Die Mode erzeugt nicht literarische
503 1710 1794 1762 handeln zu können. Sowohl er, als der Erzherzog Albrecht und
1804 1731 3113 1806 Strömungen, sie begleitet sie nur. Man darf von einer neuen
509 1756 1803 1820 Beust verrechneten sich um einige Wochen in der Bestimmung der
1802 1777 3112 1837 Romantik sprechen; die Phantasie schaltet wieder freier mit dem
509 1811 1800 1859 Zeit, die ihrer Ansicht nach Preußen zur Mobilmachung brauchte,
1801 1824 3098 1887 Material der Erfahrung, wagt den Schritt über den Bezirk der
509 1847 1799 1920 und so warf denn die affenartige Geschwindigkeit der Preußen auch
1805 1877 3115 1948 Erfahrung hinaus, nicht nur in den des Unerforschten, des Traumes,
504 1888 1791 1948 alle übrigen schönen Berechnungen über den Haufen. Delbrück
1802 1922 3112 1983 auch ins Dämmer der Vergangenheit taucht sie hinab. Abermals
509 1935 1799 1999 meint, man brauche keine Störung des gegenwärtigen guten Ein¬
1807 1968 3107 2035 wird die ästhetische Entwickelung durch Erscheinungen auf benach¬
506 1966 1800 2031 vernehmens mit Oesterreich davon zu befürchten, dass er dessen
1797 2015 3104 2075 barten Gebieten begünstigt. Ein tiefgehendes Missvergnügen an den
509 2020 1797 2074 damalige Politik enthülle. Damals habe Oesterreich guten Grund
1811 2055 3117 2110 unfreien und unschönen Daseinsformen der Gegenwart, der Groll
505 2068 1796 2123 gehabt, zu glauben, dass seine Existenz von Preußen bedroht sei.
1809 2098 3110 2158 über politischen und socialen Druck lässt senfiblen Naturen die Ver¬
506 2096 1794 2169 Seitdem habe es überzeugende Beweise vom Gegentheil empfangen,
1800 2133 3120 2203 gangenheit in strahlendem Lichte erscheinen; und wenn es Künstler,
500 2154 1806 2211 und damit sei die aufrichtige Aenderung seiner Politik von selbst
1798 2174 3111 2241 wenn es Dramatiker sind, so formt ihre Sehnsucht, ihre Empörung oder
506 2195 1800 2267 gegeben, während ihm kein Preuße verargen könne, dass es seiner¬
1813 2229 3120 2288 Resignation Gestalten und Bilder aus entfernten Tagen. Das Indivi¬
519 2239 1800 2312 zeit die vermeintlich nothwendigen Abwehrmaßregeln getroffen habe.
1815 2273 3115 2331 duum regt sich wieder, stellt seine Forderungen an die Welt, mag nicht
631 2281 1805 2346 Ganz actuelles Interesse hat eine vor drei Jahren nach einem
1806 2314 3116 2381 untergehen in der Allgemeinheit, nicht seine Bedürfnisse und Wünsche
508 2327 1802 2385 Besuch in Warschau niedergeschriebene Schilderung des geistigen,
1814 2363 3111 2425 denen einer tyrannischen, gleichmacherischen Gesammtheit unter¬
515 2375 1806 2429 sittlichen und wirtschaftlichen Aufschwunges der russischen Polen.
1801 2400 3114 2478 ordnen. Dem Altruismus steht der Individualismus schroff gegenüber.
518 2418 1809 2468 Wie habe, heißt es am Schlufs, Italien die Hoffnungen getäuscht,
505 2458 1812 2534 die man bei seiner Einigung und Befreiung auf das hochbegabte
515 2501 1809 2561 Volk setzte! „Arm, elend, ohne Ideale, ohne Talente ohne Erfolge
1920 2518 3117 2595 Die Naturalisten hatten mit der „moralischen Verantwort¬
508 2546 1815 2618 kriecht dieses moderne Italien am Boden hin. Noch schlimmer steht
515 2593 3121 2654 es in Spanien. Als einzige von allen katholischen Nationen hält lichkeit“ aufgeräumt, indem sie die Handlungen der Menschen aus
1815 2623 3112 2684 ihrer Natur und ihrer Umgebung erklärten. Fort mit „tragischer
513 2635 1810 2685 die französische sich noch aufrecht, aber ohne wahre Freude am
1814 2674 3107 2738 Schuld“ und „Sühne,“ denn die eiserne Nothwendigkeit des Natur¬
505 2677 1812 2736 Dasein. Dagegen Polen, das ausgelöscht schien unter den Namen
1810 2718 3103 2778 gesetzes zwingt dem Menschen den Weg auf, ihm und den anderen,
514 2718 1824 2787 der Völker! Gerade unter der fremden Herrschaft hat es erst sein
1818 2755 3109 2823 unter denen er lebt, mit denen er unlöslich verbunden ist, einer
512 2769 1813 2816 Volksthum gefunden.“ Vorausgesetzt, dass Delbrück richtig be¬
1814 2797 3117 2868 von vielen. So jetzt und so immer. Die naturalistische Methode
518 2812 1812 2875 obachtet hat, würde das Wunder einen neuen Beweis für die alte
1816 2848 3106 2913 fand schon zur Zeit ihrer Blüte Anwendung auf Stoffe der Ver¬
507 2854 1807 2922 Ansicht liefern, dass Civilisation die Kräfte der Völker aufzehrt,
1813 2892 3114 2963 gangenheit, nur blieben diese Versuche vereinzelt. Im Grunde
520 2908 1817 2964 und dass darum die Menschheit jederzeit eines Vorraths von
1817 2953 3117 3000 waren ja „die Weber“ schon historisch; doch man vergaß, dass es
512 2943 1806 3023 Barbaren bedarf, aus deren unverbrauchter Naturkraft immer
1803 2980 3110 3054 „Vorgänge aus den Vierzigerjahren sein sollten, nahm es wie ein
517 2997 1392 3072 wieder neue Civilisationen entstehen können.
1812 3024 3118 3085 Stück aus dem Leben unserer Tage.. Dann aber griff Hauptmann
1492 3038 1801 3112 Karl Jentsch.,
633 3043 817 3127 Neisse.
1815 3066 3115 3131 weiter zurück, in die wilden Tage der Reformation, da die bedrückten,
1819 3114 3110 3170 halb verhungerten Bauern sich in offener Empörung zusammen¬
1813 3157 3107 3217 rotteten gegen Junker und Pfaffen. Auch hier ein socialer Gegen¬
768 3166 1561 3262 Moderne Geschichtsdramen.
1818 3196 3121 3269 satz. Die ganze Bewegung eine Sturmflut, die den übermüthigen
1812 3249 3112 3311 Herren bis an den Hals schwillt, um schließlich mangels Selbstzucht
541 3236 1809 3319 Die literarische Revolution, die man als „naturalistische Bewegung“.
1817 3294 3117 3354 und Einigkeit elend im Sande zu verlaufen. Also könnte das
579 3304 1821 3359 bezeichnet, warf das geschichtliche Drama zum alten Eisen. In
1821 3338 3105 3387 Stück „Die Bauern“ heißen, wie das andere „Die Weber“, und
522 3347 1815 3408 diesen Historienstücken war von dem psychologischen Gehalt einer
1814 3387 3108 3455 jene Scene wäre Gipfelpunkt, wo die Ritter, trunken von Sieg
512 3395 1812 3460 Culturperiode, von dem charakteristischen Empfinden einer ganzen
1811 3432 3105 3479 und Wein, ihren rohen Uebermuth mit Peitschenhieben an den
516 3433 1813 3497 Zeit gar wenig zu verspüren; conventionelle Conflicte, conventionell
1820 3464 3101 3533 gefangenen Bauern auslassen? Doch nein: „Florian Geyer“
517 3486 1811 3539 gesehene Gestalten, in einem historischen Krimskrams, alles anempfun¬
1807 3510 3111 3572 heißt es, ein einzelner steht inmitten. Er ragt hervor unter den
522 3524 1812 3585 den, alles „gestellt“ wie Modelle im Atelier. Die Gattung war in
1816 3555 3110 3625 Führern der Aufständischen, nicht als Ritter, der auf bäuerischer
513 3564 1816 3638 Misscredit gerathen; nur noch einzelne Primaner etwa fühlten sich
2118 3597 3118 3658 das thun auch Götz von Berlichingen und Stephan
1810 3610 2135 3671 Seite kämpft —
525 3616 1816 3675 unwiderstehlich zu einem Römer= oder Hohenstaufendrama gedrängt.
1816 3643 3116 3708 von Menzingen — sondern weil er mehr als alle den persönlichen
519 3665 1816 3717 Die neue Form der künstlerischen Anschauung schien gebieterisch auch
1818 3695 3118 3755 Vortheil nichts achtet, Glück und Leben der Sache opfert, stark
516 3702 1810 3755 andere Stoffe zu verlangen. Und wie so oft, giengen mit der
1821 3739 3108 3803 und treu bleibt bis in den Tod. Nicht was er thut: was er ist,
515 3746 1812 3818 ästhetischen Umwälzung Erscheinungen des politischen und socialen
1814 3780 3098 3831 macht ihn zum Helden. Er wird mehr geschoben, als er schiebt,
517 3792 1823 3855 Lebens parallel. Die „sociale Frage“ war stärker, als zuvor, in den
1821 3835 3102 3885 vermag den Gang des Schicksals nicht aufzuhalten. Freiheit und
520 3833 1813 3901 Vordergrund getreten; man interessierte sich nun für das Geschick
1822 3868 3113 3930 Recht wollte das geknechtete Volk sich erstreiten, und es ist noch
523 3885 1807 3930 der großen Masse. Zu Ende war die Alleinherrschaft der auser¬
1818 3909 3114 3973 nicht für Freiheit reif: seine Zügellosigkeit, die es damit ver¬
531 3920 1812 3980 wählten Individuen: jetzt kamen da oben auf den Brettern Durch¬
1822 3951 3125 4018 wechselt, wird ihm zum Verderben. Durch diese stürmische Zeit,
534 3964 1822 4031 schnittsmenschen und Alltagsverhältnisse zur Geltung; aus der
1811 3982 3118 4065 durch Gewaltthat und Zerstörungswuth wetterleuchtet es nur erst,
529 4012 1816 4070 Vergangenheit, aus den Palästen der Großen, der Reichen fanden
1809 4048 3106 4115 wie Ahnung kommender Tage, wie ein unklarer Drang nach
521 4053 1815 4119 die Dichter den Weg zur Gegenwart, in die Kellerwohnungen, ins
1818 4084 3099 4141 höchsten Lebenswerten. Und das große, heiße Gefühl findet künst¬
534 4100 1805 4161 Hinterhaus. Der Altruismus, das Mitleid mit den „Enterbten“
1818 4131 3118 4202 lerischen Ausdruck in der Gestalt des Florian Geyer, des Ritters,
533 4142 1820 4219 unserer Tage war manchem Herzenssache; das große Publicum
