3436 4384
1698 344 1823 435 6e
1978 347 2415 445 box 20/1
301 342 1717 452 14: Der Schleier der Beatric
861 1262 1296 1339 Telefon 12801.
2271 1263 2717 1343 Telefon 12801.
381 1368 3163 1449 Alex. Weigl's Unternehmen für Zeitungs-Ausschnitté 2# Alex, Weigl’s Unternehmen für Zeitungs-Ausschnitte
2800 1437 3042 1518 Ausschaltt
1380 1439 1608 1522 Ausschnltt
1782 1419 2032 1517 ide
1575 1456 1753 1534 —
2124 1494 3150 1594 „OSSERvER N. 81
733 1495 1608 1587 „OBSERVEN Nr.
251 1438 481 1605 105
327 1585 3227 1637 I. österr. behördl. çonc. Bureau für Zeitungsberichte u. Personalnachriel I. österr. behördl. conc. Bureau für Zeitungsberichte u. Personalnachrichten
499 1651 1625 1744 Wien, IX1. Türkenstrasse 17.
1916 1652 3046 1750 Wien, IX/. Türkenstrasse 17.
2108 1721 2814 1816 — Filiale in Budapest: „Figyelö“ -
722 1725 1422 1804 — Filiale in Budapest: „Figyelö“ —
1745 1794 3201 1882 Vertretungen in Berlin, Chicago, Genf, London, Newyork, Paris, Rom, Stockholm.
319 1796 1765 1895 Vertretungen in Berlin, Chicago, Genf, London, Newyork, Paris, Rom, Stockh
1725 1877 3014 2042 Ausschnitt aus: Täglsche Rundsehau, Periin
314 1882 1640 2028 Ausschnitt aus: Deutsche Warte, Berlin
1735 2056 2296 2185 # 40 4 0
328 2063 1009 2186 vom W./9 J9 %
684 2410 1577 2480 * Konflikt zwischen Direktor Schleuther und
558 2450 1558 2520 Arthur Schnitzler. Zwischen dem Direktor des
590 2504 1551 2563 Wiener Burgtheaters und dem Böhnenschriftsteller
592 2543 1546 2596 Arthur Schnitzler ist aus Anlaß eines neuen Stückes
1991 2549 3031 2640 * Direktor Schlenther giebt auf die Erklärung der Wiener
577 2585 1549 2632 des metzteren „Der Schleier der Beatrice“ ein Konflikt
576 2628 1548 2684 entstanden. Direktor Schlenther hat lange geschwankt,
1920 2608 3042 2681 Kritiker eine Antwort, in der er die Schnitzlersche Angelegen¬
583 2659 1540 2708 oh er das Stück annehmen sollte oder nicht. Er hat
1933 2659 3038 2714 hheit zu seinen Gunsten darzustellen sucht. Ueberzeugend und
581 2698 1549 2738 das Stück einer wiederholten Durchsicht unterzogen und
1929 2706 3037 2755 befriedigend ist diese Darlegung nicht. Schon daß ein Dichter vom
573 2732 1552 2792 es schließlich abgelehnt, obgleich Schnitzler bestimmt auf
1934 2737 3031 2806 Nange Schnitzlers länger als ein halbes Jahr auf einen bün¬
582 2772 1550 2841 eine Annahme rechnete. Briefe wurden zwischen
1930 2776 3035 2831 digen Bescheid warten muß, wäre genügend, um eine Entrüstungzu
582 2811 1540 2871 Direktor und Dichter gewechselt. Im Juni schrieb?
1923 2806 3035 2874 rechtfertigen. Daß bei dem Beschluß, Schnitzlers Schauspiel
580 2840 1534 2905 Schlenther an Schnitzler: „Bei jedem neuen Studiums
1927 2845 3038 2906 abzulehnen, weder künstlerische noch geschäftliche Rücksichten
351 2881 1538 2960 Für 50 Ze des Stückes sinken meine Hoffnungen auf Bühnenerfolge.
1762 2872 3159 2978 Für 50 ausschlaggebend waren, geht schon daraus herrer, daß in selnsive
1535 2903 1714 2989 inclusi
438 2924 561 2979 100
588 2930 1531 2985 (Ich hatte bisher nicht das Herz, dies offen auszu¬
1848 2927 3138 3021 100: Wiener Hofkreisen verlautet, Schlenthers Stellung sei durch porto.
1564 2957 1719 3009 Porto
436 2964 577 3039 200
573 2971 1548 3039 sprechen.) Im „Schleier“ zersplittert und zerstreut sich,
1844 2957 2679 3047 200 diese Lolehnung recht befestigt worden..
2944 2993 3152 3044 Zahlbar
1547 2995 1716 3049 Zahlbi
1848 3007 1978 3054 500
432 3011 570 3067 500
583 3006 1551 3069 das Interesse an dem Dualismus der beiden Kontrast¬
2740 2991 2935 3076 „ 110.—
1522 3028 1716 3104 im Vore
2747 3021 3180 3122 200.—] im Voraus.
1782 3048 1978 3111 „ 1000
379 3029 563 3115 „ 1000
588 3049 1538 3099 siguren, an Dichter und Fürst, weil diese Beiden zu
589 3079 1546 3150 wenig lebendig werden. Sie sind Begriffe, aus dem
452 3097 559 3158 Im
1860 3087 3211 3170 Im Gegensatze zu anderen Bureaux für Zeitungsausschnitte ist das
583 3090 1701 3168 theoretischen Kontrast geboren. Damit aber ist dem bitte ist
324 3136 589 3204 Ahonnement
1734 3131 3211 3224 Abonnement durch keine bestimmte Zeitdauer begrenzt; — auch steht es den
590 3155 1709 3205 Drama das Rückgrat gebrochen.“ Im Septemher ver= steht es
324 3184 579 3247 Abonnenten
1735 3167 3044 3242 Abonnenten frei die aufgegebenen Themen zu ergänzen oder zu ändern.
583 3196 1641 3267 langte Schnitzter die bindende Zusicherung einer Auf dern.
582 3245 1540 3305 führung während der jetzigen Saison, ein kategorisches
449 3252 593 3329 Der
1854 3261 3213 3308 Der „OBSERVER“ veranstaltet täglich einen Auszug enthaltend die
580 3272 1710 3357 „Ja“ oder „Nein“; und darauj antwortete Direktor nthaltene
331 3301 597 3385 Inhaltsanga
1735 3295 3209 3358 Inhaltsangabe aller wichtigen Mittheilungen der Wiener Morgen¬
1518 3317 1687 3373 Morg
589 3314 1023 3392 Schlenther mit „Nein“.
329 3341 578 3404 blütter
1751 3344 3192 3406 blätter (Tagesjournale ausser „Neue Freie Presse“ und „Wiener Zeitung“)
822 3359 934 3409 un
1477 3358 1693 3410 #ener Zeiti
1746 3395 3202 3451 wollurch eine Uebersicht über das gesammte politische und wirthschaftliche Leben
335 3367 1679 3446 wodurch eine Uebersicht über das gesammte politische und wirtiserfaftliche H
1748 3428 3200 3502 des In- und Auslandes in drastischer Kürze geboten wird. Diese Mittheilungen
323 3434 1700 3506 des In- und Auslandes in drastischer Kürze geboten wird. Diese Mittheily
1742 3456 2557 3529 werden in Wien um 9 Uhr Früh verschickt.
336 3467 1157 3540 werden in Wien um 9 Uhr Früh verschickt.
2032 3528 2886 3623 Prospecte gratis und franco.
625 3549 1486 3633 Prospecte gratis und franco.
