3436 4224
298 122 1807 233 14. Der Schleier der Beatrige
820 1026 1231 1097 Telefon 12801.
343 1121 1701 1218 Alex. Weigl's Unternehmen für Zeitungs-Ausschnitte
1361 1198 1562 1261 Ausschnitt
683 1237 1695 1351 „OBSER·  Nr. 53
285 1272 563 1367 N1
288 1340 1750 1420 I. österr. behördl. conc. Burean für Zeitungsberichte u. Personalnachrichten
477 1413 1589 1495 Wien, IX, Türkenstrasse 17.
691 1487 1391 1575 Filiale in Budapest: „Figyelö“ —
307 1563 1747 1629 Vertretungen in Berlin, Chicago, Genf, London, Newyork, Paris, Rom, Stockholm.
286 1659 1532 1774 Ausschnitt aus: Beriiner Fremdenblatt
296 1721 1774 1953 vom . Tiund CDerE□
1108 1975 1449 2080 C
460 2106 1549 2224 1 A. W. Breslau. Dem Lobetheater war die Auf¬
532 2175 1552 2247 #be zugefallen, Anthur Schnitzies schonheleigrehendes
492 2200 1524 2314 Aerk „Der Schleier der Bealtice“ zuerst in Teulschlaud
484 2257 1500 2360 anzuführen. Der Premièrenabend war von zwielachem
484 2310 1525 2408 I. Interesse, da auch der Dichter zugegen war und sich nach
486 2362 1516 2452 1 dem britten und vierten Akte dem Publikum zeigte veran¬
478 2410 1509 2505 laßt durch den warmen Beifall, der dem Stück gesunde
462 2458 1470 2541 wurde. Das fünfaktige Drama schildert die Zeit der ##
503 2495 1496 2577 wissenlosigkeit, ungezügelter Lebensfreudigkeit und Leiden
496 2551 1515 2649 schaft, die bewegte Zeit der Borgia in Italien. Das Werk
490 2574 1490 2673 hat feine Schönheiten, besonders in der Sprache, und stellen¬
329 2610 1502 2721 Für 50 weise dramatisches Feuer. Man folgt den Vorgängen mit
1510 2669 1710 2728 inclusive
426 2695 1495 2752 10g lebhaftem Interesse, ohne indeß stürmisch mit fortgerissen
1539 2716 1693 2765 Porto.
418 2738 1483 2819 200 zu werden. Aber des Dichters Sprache und seine
1518 2740 1703 2807 Zahlbar
414 2777 1500 2862 500 Charakterisirungskunst sind bewunderswerth. — In den
1502 2796 1720 2863 im Voraus.
369 2827 1751 2926 „ 1000 Beifall mischte sich gegen das Ende ein leiser Widerspruch, jnitte ist das
430 2874 1763 2981 Im Das Stück verlangt einen großen Apparat, eine Menge;j stcht es den
298 2897 1593 3002 Abonnemetüchtiger Schanspielkräfte, die unsere vereinigten Thenter adern.
303 2959 1495 3059 Abonnenttglücklicherweise besitzen. — Hervorragend bedeutens waren
473 2997 1748 3095 idie Herren Letlinger als Filippo und Jessen (Heigen).enthaltend die
431 3035 1051 3083 Der „uLE
315 3068 1749 3122 Inhaltsangabe aller wichtigen Mittheilungen der Wiener Morgen¬
1695 3116 1745 3159 *
303 3114 1723 3163 blätter (Tagesjournale ausser „Neue Freie Presse“ und „Wiener Zeitung“,
302 3151 1742 3211 wodurch eine Uebersicht über das gesammte politische und wirthschaftliche Leben
310 3202 1748 3252 des In- und Auslandes in drastischer Kürze geboten wird. Diese Mittheilungen,
305 3235 1110 3280 werden in Wien um 9 Uhr Früh verschickt.
608 3300 1439 3396 Prospecte gratis und franco.
1955 125 2390 209 box 20/2
2376 1122 2799 1199 Telefon 12801.
1919 1223 3270 1320 Alex. Weisl's Unternehmen für Zeitungs-Ausschnitte
2930 1295 3131 1354 Ausschaltt
1863 1333 3258 1442 Ma „OBSERVER“ Nr. 44
1849 1437 3315 1519 I. österr. behördl. conc. Bureau für Zeitungsberichte u. Personalnachrichten
2045 1499 3151 1591 Wien, IX/, Türkenstrasse 17.
2248 1595 2915 1673 Filiale in Budapest: „Figyelé“-
1850 1657 3290 1737 Vertretungen in Berlin, Chicago, Genf, London, Newyork, Paris, Rom, Stockholm.
2831 1757 3042 1843 Berlin
1859 1760 2669 1858 Ausschnitt aus: Deuische
1853 1894 2407 2015 vom 4/1/2.70 00.
2558 2100 2645 2149 —
2114 2105 3086 2175 — Der Schleier der Beatrice,, Schnitzers
2133 2177 3082 2238 viel umsrittenes Drama, das zu dem Konflikt zwischen
2126 2222 3074 2274 dem Dichter und Direktor Schlenther in Wien geführt
2127 2255 3097 2317 hatte, wurde Sonnabend im Lobetheater zu Breslau
2130 2295 3085 2349 zum ersten Male aufgeführt und erzielte trotz der un¬
2134 2337 3079 2380 zulänglichen Befetzung einen bedeutenden Erfolg.
2131 2374 3077 2419 Schnitzler hat mit dem „Schleier der Beatrice“
2126 2410 3081 2471 sein ursprüngliches Gebiet, die intime Milieu¬
2899 2448 3095 2505 verlassen
2493 2444 2891 2500 modernen Lebens,
2133 2445 2500 2503 schilderung des
2143 2495 3093 2546 und eine gewaltige Epoche vergangener Zeiten auf die
3023 2525 3089 2579 or
2144 2521 2858 2574 Bühne gebracht, eine Periode, da Cesare
3030 2572 3093 2616 rte
2140 2571 2835 2610 Bologna ericheint, und seine blutige, mit 2
3044 2614 3082 2650 t.
2137 2607 2824 2663 Gewalt die Bürger Italiens in
2130 2634 2842 2701 Auf diesem Hintergrunde spielt sich
2137 2692 2859 2740 Liebesgeschichie des Dichters Filippo
2143 2729 3081 2777 der Beatrice Nurdi, einer jugendschöne Bur¬
1884 2721 2140 2811 Für 50 Zeit
2143 2763 3268 2814 gunderin, ab, die Beide sterben mußten, weil ihre inclusive
1968 2788 2072 2835 100
2143 2806 3236 2860 Liebe sie im Leben nicht einen durfte. Bei allen Porto.
1970 2830 2081 2877 200
2151 2843 3256 2891 Schwächen des Stückes war der Eindruck ein gewaltiger, Zahlbar
1964 2867 2073 2914 500
2144 2884 3284 2944 und die Regie that das ihre, um durch eine glänzende im Voraus.
1912 2902 2075 2974 „ 1000
2145 2921 3084 2992 Ausstattung denselben zu erhöhen. Schnitzler wurde
1971 2953 2638 3004 Im Ge, wiederholt stürmisch gerufen.
3034 2948 3298 3021 ##tte ist das
1855 2999 3310 3074 Abonnement duren keine bestimmte Zeitdauer begrenzt: — auch steht es den
1855 3043 3153 3089 Abonnenten frei die aufgegebenen Themen zu ergänzen oder zu ändern.
1974 3101 3296 3178 Der „OBSERVER“ veranstaltet täglich einen Auszug enthaltend die
1863 3168 3297 3214 Inhaltsangabe aller wichtigen Mittheilungen der Wiener Morgen¬
1859 3209 3297 3273 blätter (Tagesjournale ausser „Neue Freie Presse“ und „Wiener Zeitung“)
1865 3249 3289 3302 wodurch eine Uebersicht über das gesammte politische und wirthschaftliche Leben
1867 3291 3303 3350 des In- und Auslandes in drastischer Kürze geboten wird. Diese, Mittheilungen
1864 3330 2667 3392 werden in Wien um 9 Uhr Früh verschickt.
2161 3393 2997 3477 Prospecte gratis und franco.
