<?xml version="1.0" encoding="UTF-8" standalone="yes"?>
<PcGts xmlns="http://schema.primaresearch.org/PAGE/gts/pagecontent/2013-07-15" xmlns:xsi="http://www.w3.org/2001/XMLSchema-instance" xsi:schemaLocation="http://schema.primaresearch.org/PAGE/gts/pagecontent/2013-07-15 http://schema.primaresearch.org/PAGE/gts/pagecontent/2013-07-15/pagecontent.xsd">
    <Metadata>
        <Creator>prov=University of Rostock/Institute of Mathematics/CITlab/Gundram Leifert/gundram.leifert@uni-rostock.de:name=ONB_Newseye_GT_M1+(htr_id=10810)::::v=2.4.2
prov=University of Rostock/Institute of Mathematics/CITlab/Tobias Gruening/tobias.gruening@uni-rostock.de:name=de.uros.citlab.module.baseline2polygon.B2PSeamMultiOriented:v=2.4.2
prov=University of Rostock/Institute of Mathematics/CITlab/Tobias Gruening/tobias.gruening@uni-rostock.de:name=/mnt/transkribus/LA/DEA/URO/LA_news_onb_att.pb:de.uros.citlab.segmentation.CITlab_LA_ML:v=2.4.2
Transkribus</Creator>
        <Created>2019-10-07T11:38:32.533+02:00</Created>
        <LastChange>2019-10-08T15:06:50.217+02:00</LastChange>
        <TranskribusMetadata docId="223979" pageId="9502813" pageNr="536" tsid="16594670" status="IN_PROGRESS" userId="40391" imgUrl="https://files.transkribus.eu/Get?id=XJSDBQTFEGYTCPUFIQXWWWLF&amp;fileType=view" xmlUrl="https://files.transkribus.eu/Get?id=DZHVKTWQEEYPXQNBQQFALWFE" imageId="6193027"/>
    </Metadata>
    <Page imageFilename="223979_0536.jpeg" imageWidth="3436" imageHeight="4448">
        <ReadingOrder>
            <OrderedGroup id="ro_1711449339382" caption="Regions reading order">
                <RegionRefIndexed index="0" regionRef="r1"/>
            </OrderedGroup>
        </ReadingOrder>
        <TextRegion orientation="0.0" id="r1" custom="readingOrder {index:0;}">
            <Coords points="538,179 538,4029 3020,4029 3020,179"/>
            <TextLine id="r1l1" custom="readingOrder {index:0;}">
                <Coords points="682,225 1854,229 1855,189 682,160"/>
                <Baseline points="696,201 753,203 810,203 867,204 924,205 981,206 1038,207 1096,207 1153,208 1210,209 1267,209 1324,210 1381,211 1438,211 1496,212 1553,212 1610,213 1667,213 1724,214 1781,214 1839,215"/>
                <TextEquiv>
                    <Unicode> u herte Dan.</Unicode>
                </TextEquiv>
            </TextLine>
            <TextLine id="r1l2" custom="readingOrder {index:1;}">
                <Coords points="1863,209 3011,237 3012,173 1864,133"/>
                <Baseline points="1880,199 1935,202 1991,205 2047,207 2103,208 2158,210 2214,210 2270,211 2326,212 2381,212 2437,213 2493,213 2549,213 2604,214 2660,214 2716,215 2772,215 2827,216 2883,217 2939,219 2995,221"/>
                <TextEquiv>
                    <Unicode></Unicode>
                </TextEquiv>
            </TextLine>
            <TextLine id="r1l3" custom="readingOrder {index:2;}">
                <Coords points="553,238 572,240 574,244 587,242 604,253 630,240 660,246 666,191 645,186 625,199 608,185 559,181"/>
                <Baseline points="568,235 594,236 620,238 646,243"/>
                <TextEquiv>
                    <Unicode>u.</Unicode>
                </TextEquiv>
            </TextLine>
            <TextLine id="r1l4" custom="readingOrder {index:3;}">
                <Coords points="693,249 1842,263 1842,220 694,210"/>
                <Baseline points="709,247 764,247 820,248 876,249 932,250 988,251 1044,252 1100,253 1156,254 1212,254 1268,255 1323,256 1379,257 1435,257 1491,258 1547,258 1603,259 1659,259 1715,258 1771,258 1827,258"/>
                <TextEquiv>
                    <Unicode>Herr Brahm am Deutschen Theater in Berlin schon vor</Unicode>
                </TextEquiv>
            </TextLine>
            <TextLine id="r1l5" custom="readingOrder {index:4;}">
                <Coords points="1860,248 2983,275 3023,269 3024,220 1860,205"/>
                <Baseline points="1874,241 1930,244 1987,247 2044,250 2100,252 2157,253 2214,254 2270,255 2327,256 2384,256 2441,256 2497,257 2554,257 2611,257 2667,257 2724,257 2781,258 2837,259 2894,260 2951,261 3008,263"/>
                <TextEquiv>
                    <Unicode>munderliche Vater Nardi des Herrn Straßni. der</Unicode>
                </TextEquiv>
            </TextLine>
            <TextLine id="r1l6" custom="readingOrder {index:5;}">
                <Coords points="697,296 1845,312 1845,263 1812,260 697,253"/>
                <Baseline points="711,292 767,293 823,294 879,295 935,295 991,296 1047,297 1103,297 1159,298 1215,299 1271,299 1327,299 1383,300 1439,300 1495,300 1551,301 1607,301 1663,301 1719,302 1775,302 1831,302"/>
                <TextEquiv>
                    <Unicode>mehr als zwei Jahrzehnten mit diesem Schauspiel ziemlich</Unicode>
                </TextEquiv>
            </TextLine>
            <TextLine id="r1l7" custom="readingOrder {index:6;}">
                <Coords points="1848,291 2694,296 2992,342 3035,331 3037,264 1849,252"/>
                <Baseline points="1864,285 1921,288 1979,289 2037,291 2095,293 2153,294 2210,295 2268,296 2326,296 2384,297 2442,298 2499,298 2557,299 2615,300 2673,301 2731,303 2788,305 2846,306 2904,309 2962,312 3020,315"/>
                <TextEquiv>
                    <Unicode>feurige Francesco des Herrn Lohner, der gutmütig</Unicode>
                </TextEquiv>
            </TextLine>
            <TextLine id="r1l8" custom="readingOrder {index:7;}">
                <Coords points="1850,348 2928,364 2929,336 2697,301 1851,293"/>
                <Baseline points="1865,329 1917,331 1969,332 2022,333 2074,335 2126,336 2179,337 2231,338 2283,339 2336,339 2388,340 2440,341 2493,342 2545,343 2597,344 2650,345 2702,346 2754,347 2807,349 2859,351 2912,353"/>
                <TextEquiv>
                    <Unicode>bürgerliche Vittorio des Herrn Philipp Zeska.</Unicode>
                </TextEquiv>
            </TextLine>
            <TextLine id="r1l9" custom="readingOrder {index:8;}">
                <Coords points="686,335 1822,361 1844,318 687,301"/>
                <Baseline points="701,336 757,336 813,336 869,336 926,337 982,337 1038,338 1095,338 1151,339 1207,340 1264,341 1320,341 1376,342 1432,343 1489,344 1545,345 1601,345 1658,346 1714,347 1770,347 1827,347"/>
                <TextEquiv>
                    <Unicode>trübe Erfahrungen machte, weswegen man auch in Wien,</Unicode>
                </TextEquiv>
            </TextLine>
            <TextLine id="r1l10" custom="readingOrder {index:9;}">
                <Coords points="687,381 1783,400 1854,360 687,336"/>
                <Baseline points="701,379 757,379 814,379 871,379 928,380 985,381 1042,382 1098,383 1155,384 1212,385 1269,386 1326,387 1383,387 1440,388 1496,388 1553,388 1610,388 1667,387 1724,386 1781,385 1838,383"/>
                <TextEquiv>
                    <Unicode>wo man doch sonst diesen Propheten im Vaterlande wahr¬</Unicode>
                </TextEquiv>
            </TextLine>
            <TextLine id="r1l11" custom="readingOrder {index:10;}">
                <Coords points="1930,383 3026,401 3027,352 2966,339 1931,346"/>
                <Baseline points="1945,376 1998,377 2051,379 2105,381 2158,382 2211,383 2265,384 2318,385 2371,385 2425,386 2478,387 2531,387 2585,388 2638,389 2691,389 2745,390 2798,391 2851,392 2905,393 2958,395 3012,397"/>
                <TextEquiv>
                    <Unicode>Die Wiener Schnitzlergilde benützte auch diesen nicht</Unicode>
                </TextEquiv>
            </TextLine>
            <TextLine id="r1l12" custom="readingOrder {index:11;}">
                <Coords points="687,427 1691,453 1844,436 1845,393 687,378"/>
                <Baseline points="703,426 759,425 815,425 871,426 928,426 984,427 1040,427 1096,428 1153,429 1209,430 1265,431 1321,432 1378,432 1434,433 1490,433 1546,433 1603,433 1659,433 1715,432 1771,431 1828,429"/>
                <TextEquiv>
                    <Unicode>haftig zu schätzen wußte, die Hand davon ließ. Aber da</Unicode>
                </TextEquiv>
            </TextLine>
            <TextLine id="r1l13" custom="readingOrder {index:12;}">
                <Coords points="1853,423 3010,453 3011,398 2901,390 1854,377"/>
                <Baseline points="1869,418 1925,420 1981,422 2038,424 2094,426 2150,427 2207,428 2263,429 2319,430 2376,431 2432,431 2488,432 2545,433 2601,433 2657,434 2714,434 2770,435 2826,436 2883,436 2939,437 2996,439"/>
                <TextEquiv>
                    <Unicode>eben glücklich gewählten Anlaß, um ihrem Dichter Ova¬</Unicode>
                </TextEquiv>
            </TextLine>
            <TextLine id="r1l14" custom="readingOrder {index:13;}">
                <Coords points="683,482 1841,493 1841,438 1780,432 684,430"/>
                <Baseline points="699,468 755,468 811,469 868,469 924,470 980,470 1037,471 1093,472 1149,472 1206,473 1262,473 1318,474 1375,474 1431,475 1487,475 1544,475 1600,476 1656,476 1713,475 1769,475 1826,475"/>
                <TextEquiv>
                    <Unicode>das Burgtheater einem ungeschriebenen Gesetz zufolge</Unicode>
                </TextEquiv>
            </TextLine>
            <TextLine id="r1l15" custom="readingOrder {index:14;}">
                <Coords points="1851,467 2840,507 3017,490 3018,447 1852,421"/>
                <Baseline points="1866,460 1922,463 1979,465 2036,467 2093,469 2149,471 2206,472 2263,473 2320,474 2376,475 2433,475 2490,476 2547,477 2603,477 2660,478 2717,479 2774,481 2830,482 2887,483 2944,485 3001,488"/>
                <TextEquiv>
                    <Unicode>tionen darzubringen. Die Treue, sie ist eben doch kein</Unicode>
                </TextEquiv>
            </TextLine>
            <TextLine id="r1l16" custom="readingOrder {index:15;}">
                <Coords points="541,491 556,491 565,500 590,500 623,521 632,514 639,520 663,520 662,450 647,450 628,435 619,435 607,447 601,441 589,445 580,439 564,448 540,445"/>
                <Baseline points="557,495 586,498 616,495 646,496"/>
                <TextEquiv>
                    <Unicode>*)</Unicode>
                </TextEquiv>
            </TextLine>
            <TextLine id="r1l17" custom="readingOrder {index:16;}">
                <Coords points="1843,518 1883,516 1910,535 1941,524 1971,534 2045,524 2115,530 2134,515 2155,519 2156,482 2129,478 2119,487 2071,470 2046,479 1998,462 1900,477 1845,466"/>
                <Baseline points="1858,503 1883,504 1909,504 1934,504 1960,505 1985,507 2011,507 2036,508 2062,510 2087,510 2113,511 2139,512"/>
                <TextEquiv>
                    <Unicode>leerer Wahn.</Unicode>
                </TextEquiv>
            </TextLine>
            <TextLine id="r1l18" custom="readingOrder {index:17;}">
                <Coords points="687,508 1841,528 1802,479 1533,465 687,475"/>
                <Baseline points="701,510 757,511 813,512 869,513 926,514 982,515 1038,515 1095,516 1151,517 1207,517 1264,517 1320,518 1376,518 1432,518 1489,518 1545,518 1601,518 1658,518 1714,518 1770,518 1827,517"/>
                <TextEquiv>
                    <Unicode>Herrn Schnitzler Jahr für Jahr seinen Tribut zollen muß,</Unicode>
                </TextEquiv>
            </TextLine>
            <TextLine id="r1l19" custom="readingOrder {index:18;}">
                <Coords points="2869,548 2890,551 2903,546 2909,552 2921,541 2933,553 2973,552 2975,494 2960,493 2950,502 2933,486 2917,485 2911,479 2887,487 2871,487"/>
                <Baseline points="2884,525 2909,523 2934,524 2959,528"/>
                <TextEquiv>
                    <Unicode>B.</Unicode>
                </TextEquiv>
            </TextLine>
            <TextLine id="r1l20" custom="readingOrder {index:19;}">
                <Coords points="683,561 1853,563 1853,514 683,512"/>
                <Baseline points="698,553 755,554 812,555 869,556 926,557 983,558 1040,558 1097,559 1154,560 1211,560 1268,561 1325,561 1382,561 1439,562 1496,562 1553,562 1610,562 1667,562 1724,562 1781,561 1838,561"/>
                <TextEquiv>
                    <Unicode>so muß in Ermangelung eines neuen Werkes dieses alte</Unicode>
                </TextEquiv>
            </TextLine>
            <TextLine id="r1l21" custom="readingOrder {index:20;}">
                <Coords points="1971,585 2966,611 3018,600 3019,551 1971,542"/>
                <Baseline points="1987,582 2037,583 2088,584 2139,585 2190,586 2241,586 2291,587 2342,588 2393,589 2444,589 2495,590 2545,590 2596,591 2647,592 2698,593 2749,593 2799,594 2850,595 2901,596 2952,597 3003,598"/>
                <TextEquiv>
                    <Unicode>— Konzert der Dresdner Sänger. Der auf seiner</Unicode>
                </TextEquiv>
            </TextLine>
            <TextLine id="r1l22" custom="readingOrder {index:21;}">
                <Coords points="542,623 572,616 592,597 618,600 633,596 614,525 593,531 591,535 577,529 563,536 556,534 544,547 523,553"/>
                <Baseline points="553,601 583,594 613,585"/>
                <TextEquiv>
                    <Unicode>9</Unicode>
                </TextEquiv>
            </TextLine>
            <TextLine id="r1l23" custom="readingOrder {index:22;}">
                <Coords points="674,597 1602,625 1846,617 1847,565 674,557"/>
                <Baseline points="688,598 745,599 802,600 859,600 916,601 973,601 1030,602 1087,603 1144,603 1201,604 1259,604 1316,605 1373,605 1430,605 1487,605 1544,606 1601,606 1658,606 1715,606 1772,605 1830,605"/>
                <TextEquiv>
                    <Unicode>herhalten, das bestimmt nicht sein bestes ist. In mehr als</Unicode>
                </TextEquiv>
            </TextLine>
            <TextLine id="r1l24" custom="readingOrder {index:23;}">
                <Coords points="1845,634 3014,653 3015,601 1846,566"/>
                <Baseline points="1861,620 1917,623 1974,625 2031,627 2088,629 2145,631 2202,633 2258,634 2315,635 2372,636 2429,637 2486,637 2543,638 2600,638 2656,638 2713,638 2770,638 2827,638 2884,638 2941,638 2998,638"/>
                <TextEquiv>
                    <Unicode>Sängerfahrt in Wien herzlich begrüßte „Dresdner</Unicode>
                </TextEquiv>
            </TextLine>
            <TextLine id="r1l25" custom="readingOrder {index:24;}">
                <Coords points="684,651 1835,657 1835,611 684,602"/>
                <Baseline points="700,640 758,641 817,642 876,643 935,644 994,644 1053,645 1112,646 1171,647 1230,647 1288,648 1347,649 1406,649 1465,650 1524,650 1583,650 1642,651 1701,651 1760,651 1819,650"/>
                <TextEquiv>
                    <Unicode>einem Belange hat er sich seither mit anderen Dichtungen</Unicode>
                </TextEquiv>
            </TextLine>
            <TextLine id="r1l26" custom="readingOrder {index:25;}">
                <Coords points="544,663 577,663 605,690 641,690 641,602 589,599 562,620 544,620"/>
                <Baseline points="559,661 593,659 627,661"/>
                <TextEquiv>
                    <Unicode>9</Unicode>
                </TextEquiv>
            </TextLine>
            <TextLine id="r1l27" custom="readingOrder {index:26;}">
                <Coords points="1852,671 3025,690 3007,637 1853,625"/>
                <Baseline points="1867,662 1924,665 1981,668 2038,670 2095,673 2153,675 2210,677 2267,678 2324,679 2381,680 2439,681 2496,682 2553,682 2610,683 2667,683 2725,683 2782,683 2839,683 2896,683 2953,682 3011,682"/>
                <TextEquiv>
                    <Unicode>Orpheus“ einer der bekanntesten und ältesten (schon</Unicode>
                </TextEquiv>
            </TextLine>
            <TextLine id="r1l28" custom="readingOrder {index:27;}">
                <Coords points="678,687 1836,718 1836,657 1750,651 679,650"/>
                <Baseline points="694,682 750,684 806,686 863,687 919,688 975,689 1032,689 1088,690 1144,690 1201,690 1257,690 1313,690 1370,690 1426,690 1482,689 1539,689 1595,689 1651,689 1708,689 1764,690 1821,690"/>
                <TextEquiv>
                    <Unicode>übertroffen, so etwa in der Größe der historischen Vision</Unicode>
                </TextEquiv>
            </TextLine>
            <TextLine id="r1l29" custom="readingOrder {index:28;}">
                <Coords points="1847,709 3023,732 3023,686 1848,670"/>
                <Baseline points="1861,708 1918,710 1975,712 2032,714 2090,716 2147,717 2204,719 2262,720 2319,721 2376,722 2434,723 2491,724 2548,724 2605,725 2663,725 2720,725 2777,725 2835,725 2892,725 2949,724 3007,724"/>
                <TextEquiv>
                    <Unicode>1834 gegründet) deutschen Männergesangvereine, veran¬</Unicode>
                </TextEquiv>
            </TextLine>
            <TextLine id="r1l30" custom="readingOrder {index:29;}">
                <Coords points="676,738 762,756 966,732 1146,754 1238,736 1238,681 676,698"/>
                <Baseline points="690,726 716,727 743,728 770,728 796,729 823,729 850,730 876,730 903,730 930,730 957,730 983,730 1010,730 1037,730 1063,730 1090,730 1117,730 1143,729 1170,729 1197,728 1224,728"/>
                <TextEquiv>
                    <Unicode>im „Jungen Medardus“.</Unicode>
                </TextEquiv>
            </TextLine>
            <TextLine id="r1l31" custom="readingOrder {index:30;}">
                <Coords points="532,761 553,764 563,755 581,755 602,777 611,777 636,756 663,750 664,713 648,713 624,689 609,688 597,688 578,707 557,703 551,709 532,709"/>
                <Baseline points="547,753 572,752 597,752 622,753 647,753"/>
                <TextEquiv>
                    <Unicode>50</Unicode>
                </TextEquiv>
            </TextLine>
            <TextLine id="r1l32" custom="readingOrder {index:31;}">
                <Coords points="1843,754 2948,785 3024,780 3025,734 1843,711"/>
                <Baseline points="1858,755 1915,756 1973,757 2030,758 2088,760 2145,761 2203,762 2260,763 2318,764 2375,765 2433,766 2491,766 2548,767 2606,768 2663,768 2721,769 2778,770 2836,770 2893,771 2951,771 3009,772"/>
                <TextEquiv>
                    <Unicode>staltete am 22. d. im Großen Musikvereinssaal ein großes</Unicode>
                </TextEquiv>
            </TextLine>
            <TextLine id="r1l33" custom="readingOrder {index:32;}">
                <Coords points="767,796 1170,773 1842,809 1842,744 1778,723 767,744"/>
                <Baseline points="783,784 835,785 887,785 939,786 992,786 1044,787 1096,787 1148,787 1201,787 1253,788 1305,788 1357,788 1410,788 1462,788 1514,788 1566,788 1619,788 1671,787 1723,788 1775,788 1828,788"/>
                <TextEquiv>
                    <Unicode>Im „Schleier der Beateice“ soll die historische</Unicode>
                </TextEquiv>
            </TextLine>
            <TextLine id="r1l34" custom="readingOrder {index:33;}">
                <Coords points="559,792 587,796 592,800 602,795 607,802 622,805 627,771 612,769 600,752 597,751 587,756 581,749 566,747"/>
                <Baseline points="576,788 610,793"/>
                <TextEquiv>
                    <Unicode>*</Unicode>
                </TextEquiv>
            </TextLine>
            <TextLine id="r1l35" custom="readingOrder {index:34;}">
                <Coords points="1850,804 2814,835 3019,826 3020,783 1850,758"/>
                <Baseline points="1864,799 1923,801 1983,802 2043,803 2103,804 2163,805 2223,806 2283,807 2343,808 2403,808 2463,809 2523,810 2583,811 2643,812 2703,813 2763,814 2823,815 2883,817 2943,819 3003,821"/>
                <TextEquiv>
                    <Unicode>Festkonzert mit Orchester, das unter der künstlerischen</Unicode>
                </TextEquiv>
            </TextLine>
            <TextLine id="r1l36" custom="readingOrder {index:35;}">
                <Coords points="681,832 1836,837 1836,797 1729,791 682,786"/>
                <Baseline points="698,823 754,825 810,826 866,828 922,829 978,829 1034,830 1090,831 1146,831 1202,831 1259,831 1315,831 1371,831 1427,831 1483,831 1539,831 1595,832 1651,832 1707,833 1763,834 1820,835"/>
                <TextEquiv>
                    <Unicode>Situation als drammatisches Moment mitspielen: Vologna</Unicode>
                </TextEquiv>
            </TextLine>
            <TextLine id="r1l37" custom="readingOrder {index:36;}">
                <Coords points="554,847 572,845 581,836 591,844 593,841 606,843 622,857 631,847 646,846 641,782 623,781 606,800 603,797 550,795"/>
                <Baseline points="570,848 600,846 630,844"/>
                <TextEquiv>
                    <Unicode></Unicode>
                </TextEquiv>
            </TextLine>
            <TextLine id="r1l38" custom="readingOrder {index:37;}">
                <Coords points="1841,846 3017,861 3017,824 2721,801 1842,806"/>
                <Baseline points="1857,841 1914,843 1971,844 2028,846 2085,847 2143,848 2200,849 2257,850 2314,851 2371,852 2429,853 2486,853 2543,854 2600,855 2657,855 2715,856 2772,857 2829,857 2886,858 2943,859 3001,860"/>
                <TextEquiv>
                    <Unicode>Leitung Dr. Heinz Knölls stand, eines Wiener</Unicode>
                </TextEquiv>
            </TextLine>
            <TextLine id="r1l39" custom="readingOrder {index:38;}">
                <Coords points="682,874 1629,895 1836,887 1837,838 682,831"/>
                <Baseline points="696,868 752,870 808,871 864,872 921,872 977,873 1033,873 1090,874 1146,874 1202,874 1259,874 1315,874 1371,874 1427,874 1484,874 1540,875 1596,875 1653,876 1709,876 1765,877 1822,878"/>
                <TextEquiv>
                    <Unicode>ist von Feinden umzingelt. Morgen wird die Entscheidung</Unicode>
                </TextEquiv>
            </TextLine>
            <TextLine id="r1l40" custom="readingOrder {index:39;}">
                <Coords points="1843,887 3003,920 3022,863 1843,848"/>
                <Baseline points="1859,884 1916,886 1973,889 2031,891 2088,892 2146,894 2203,895 2260,895 2318,896 2375,896 2433,897 2490,897 2547,897 2605,898 2662,898 2720,898 2777,899 2834,900 2892,901 2949,902 3007,903"/>
                <TextEquiv>
                    <Unicode>Musikers, der gegenwärtig als Kapellmeister an der</Unicode>
                </TextEquiv>
            </TextLine>
            <TextLine id="r1l41" custom="readingOrder {index:40;}">
                <Coords points="684,920 1839,922 1814,879 685,875"/>
                <Baseline points="700,914 756,914 812,915 868,915 924,915 980,916 1036,916 1093,917 1149,917 1205,918 1261,918 1317,919 1373,919 1429,920 1486,920 1542,920 1598,920 1654,920 1710,920 1766,920 1823,920"/>
                <TextEquiv>
                    <Unicode>fallen. Die Stadt ist in fieberhafter Erregung. Niemand</Unicode>
                </TextEquiv>
            </TextLine>
            <TextLine id="r1l42" custom="readingOrder {index:41;}">
                <Coords points="1841,943 2913,964 3014,953 3015,898 1842,888"/>
                <Baseline points="1857,929 1914,931 1971,932 2028,933 2085,934 2142,935 2199,936 2256,937 2313,937 2370,938 2428,939 2485,939 2542,940 2599,941 2656,942 2713,943 2770,944 2827,946 2884,947 2941,949 2999,951"/>
                <TextEquiv>
                    <Unicode>Dresdner Staatsoper tätig ist. Sein Verdienst mag es</Unicode>
                </TextEquiv>
            </TextLine>
            <TextLine id="r1l43" custom="readingOrder {index:42;}">
                <Coords points="677,965 1633,981 1837,973 1838,924 677,922"/>
                <Baseline points="693,957 749,958 805,959 862,960 918,961 975,961 1031,962 1087,962 1144,962 1200,962 1257,962 1313,962 1369,962 1426,962 1482,962 1539,962 1595,963 1651,963 1708,963 1764,964 1821,964"/>
                <TextEquiv>
                    <Unicode>wagt an Rettung zu glauben. Der gewaltige Borgia steht</Unicode>
                </TextEquiv>
            </TextLine>
            <TextLine id="r1l44" custom="readingOrder {index:43;}">
                <Coords points="1836,974 2862,1014 2981,1001 3025,946 1837,937"/>
                <Baseline points="1851,974 1908,974 1966,974 2024,975 2082,976 2140,977 2198,978 2256,979 2314,980 2372,981 2430,983 2487,984 2545,985 2603,987 2661,988 2719,989 2777,990 2835,990 2893,991 2951,991 3009,991"/>
                <TextEquiv>
                    <Unicode>auch zum Teile sein, wenn diese sachsischen Sänger mit</Unicode>
                </TextEquiv>
            </TextLine>
            <TextLine id="r1l45" custom="readingOrder {index:44;}">
                <Coords points="670,996 1840,1011 1809,968 670,953"/>
                <Baseline points="685,1000 741,1001 798,1002 855,1003 912,1004 969,1004 1026,1005 1083,1005 1140,1005 1197,1005 1254,1005 1310,1006 1367,1006 1424,1006 1481,1006 1538,1006 1595,1006 1652,1006 1709,1007 1766,1007 1823,1008"/>
                <TextEquiv>
                    <Unicode>vor dem Tore. Der junge Herzog von Bologna will diese</Unicode>
                </TextEquiv>
            </TextLine>
            <TextLine id="r1l46" custom="readingOrder {index:45;}">
                <Coords points="1843,1020 2927,1050 3022,1034 3023,985 1844,977"/>
                <Baseline points="1859,1019 1916,1019 1973,1020 2030,1020 2088,1021 2145,1022 2202,1023 2260,1024 2317,1025 2374,1026 2432,1027 2489,1028 2546,1029 2603,1030 2661,1031 2718,1032 2775,1033 2833,1034 2890,1035 2947,1036 3005,1036"/>
                <TextEquiv>
                    <Unicode>Leistungen aufwarteten, die auch für die Stadt eines</Unicode>
                </TextEquiv>
            </TextLine>
            <TextLine id="r1l47" custom="readingOrder {index:46;}">
                <Coords points="678,1052 1836,1055 1836,1012 1775,1009 679,1003"/>
                <Baseline points="695,1047 751,1048 807,1048 864,1049 920,1049 976,1050 1033,1050 1089,1051 1145,1051 1202,1051 1258,1051 1314,1051 1371,1051 1427,1051 1483,1051 1540,1051 1596,1051 1652,1051 1709,1051 1765,1050 1822,1050"/>
                <TextEquiv>
                    <Unicode>letzte Nacht mit der schönsten Tochter der Stadt verbrin¬</Unicode>
                </TextEquiv>
            </TextLine>
            <TextLine id="r1l48" custom="readingOrder {index:47;}">
                <Coords points="1839,1070 3021,1089 3022,1034 2857,1025 1840,1027"/>
                <Baseline points="1855,1064 1912,1064 1970,1064 2027,1065 2085,1065 2142,1066 2200,1066 2257,1067 2315,1068 2372,1069 2430,1070 2487,1070 2545,1072 2602,1072 2660,1074 2717,1074 2775,1075 2832,1076 2890,1077 2947,1077 3005,1078"/>
                <TextEquiv>
                    <Unicode>Wiener Männergesangvereines und Schubertbundes als</Unicode>
                </TextEquiv>
            </TextLine>
            <TextLine id="r1l49" custom="readingOrder {index:48;}">
                <Coords points="670,1107 3019,1088 671,1052"/>
                <Baseline points="685,1095 800,1093 916,1092 1032,1092 1148,1092 1264,1093 1380,1094 1496,1095 1612,1097 1728,1099 1844,1101 1959,1104 2075,1106 2191,1109 2307,1112 2423,1114 2539,1117 2655,1118 2771,1120 2887,1122 3003,1123"/>
                <TextEquiv>
                    <Unicode>gen. Er sieht die holde Beatrice, die Tochter des armen außerordentlich gute zu bezeichnen sind. Der „Dresdner</Unicode>
                </TextEquiv>
            </TextLine>
            <TextLine id="r1l50" custom="readingOrder {index:49;}">
                <Coords points="679,1153 3012,1170 679,1101"/>
                <Baseline points="695,1138 810,1136 925,1135 1040,1135 1155,1135 1270,1136 1385,1138 1500,1139 1615,1141 1730,1143 1845,1146 1960,1149 2075,1151 2190,1154 2305,1156 2420,1158 2535,1160 2650,1162 2765,1163 2880,1163 2995,1163"/>
                <TextEquiv>
                    <Unicode>Wappenschneiders Nardi, und begehrt sie, doch folgt sie ihm Orpheus“ verfügt nicht nur über ausgezeichnetes Stim¬</Unicode>
                </TextEquiv>
            </TextLine>
            <TextLine id="r1l51" custom="readingOrder {index:50;}">
                <Coords points="679,1177 3012,1200 679,1137"/>
                <Baseline points="695,1184 810,1181 925,1179 1040,1178 1155,1178 1270,1179 1385,1180 1500,1182 1615,1184 1730,1186 1846,1189 1961,1192 2076,1194 2191,1197 2306,1200 2421,1202 2536,1204 2651,1205 2766,1206 2881,1206 2997,1206"/>
                <TextEquiv>
                    <Unicode>erst, nachdem er sie in rascher Vermählung zur Herzoginmenmaterial, namentlich profunde, tragende Bässe, son¬</Unicode>
                </TextEquiv>
            </TextLine>
            <TextLine id="r1l52" custom="readingOrder {index:51;}">
                <Coords points="671,1227 2915,1260 3035,1204 672,1169"/>
                <Baseline points="685,1228 801,1226 918,1225 1034,1224 1151,1224 1268,1225 1384,1226 1501,1227 1618,1229 1734,1231 1851,1233 1968,1235 2084,1237 2201,1239 2318,1241 2434,1244 2551,1246 2668,1247 2784,1249 2901,1250 3018,1251"/>
                <TextEquiv>
                    <Unicode>gemacht hat. Sie entweicht ihm aber vom Hochzeitsfeste dern auch über eine bemerkenswerte Chordisziplin. die</Unicode>
                </TextEquiv>
            </TextLine>
            <TextLine id="r1l53" custom="readingOrder {index:52;}">
                <Coords points="664,1273 1748,1283 1839,1272 1840,1232 664,1230"/>
                <Baseline points="680,1266 737,1266 794,1266 851,1266 909,1266 966,1266 1023,1267 1080,1267 1138,1268 1195,1269 1252,1269 1309,1269 1367,1270 1424,1270 1481,1270 1538,1270 1596,1270 1653,1270 1710,1269 1767,1269 1825,1267"/>
                <TextEquiv>
                    <Unicode>und eilt zu ihrem geliebten Dichter Philippo, der sie vor</Unicode>
                </TextEquiv>
            </TextLine>
            <TextLine id="r1l54" custom="readingOrder {index:53;}">
                <Coords points="1835,1278 3019,1311 3020,1256 1835,1244"/>
                <Baseline points="1849,1281 1906,1281 1964,1281 2022,1281 2079,1282 2137,1282 2195,1283 2252,1283 2310,1284 2368,1285 2426,1285 2483,1286 2541,1287 2599,1288 2656,1289 2714,1290 2772,1291 2829,1292 2887,1292 2945,1293 3003,1294"/>
                <TextEquiv>
                    <Unicode>sich in der Sicherheit der Einsätze, der Klangreinheit der</Unicode>
                </TextEquiv>
            </TextLine>
            <TextLine id="r1l55" custom="readingOrder {index:54;}">
                <Coords points="673,1316 1837,1323 1837,1274 1596,1255 673,1273"/>
                <Baseline points="689,1308 745,1309 802,1309 858,1309 915,1309 972,1310 1028,1310 1085,1310 1142,1311 1198,1311 1255,1311 1312,1312 1368,1312 1425,1312 1482,1312 1538,1312 1595,1312 1652,1312 1708,1312 1765,1312 1822,1312"/>
                <TextEquiv>
                    <Unicode>wenigen Stunden verstoßen hat, da sie ihm erzählte, wie</Unicode>
                </TextEquiv>
            </TextLine>
            <TextLine id="r1l56" custom="readingOrder {index:55;}">
                <Coords points="1848,1324 2596,1357 3015,1328 3015,1285 1849,1284"/>
                <Baseline points="1863,1322 1919,1323 1976,1325 2033,1326 2090,1327 2147,1328 2203,1329 2260,1330 2317,1331 2374,1332 2431,1332 2487,1333 2544,1333 2601,1333 2658,1334 2715,1334 2771,1334 2828,1334 2885,1335 2942,1335 2999,1335"/>
                <TextEquiv>
                    <Unicode>Stimmführung und der prächtigen Dynamik sowie der</Unicode>
                </TextEquiv>
            </TextLine>
            <TextLine id="r1l57" custom="readingOrder {index:56;}">
                <Coords points="672,1348 1842,1363 1842,1320 1750,1310 672,1314"/>
                <Baseline points="686,1351 743,1352 800,1354 857,1355 914,1356 971,1356 1028,1356 1085,1356 1142,1356 1199,1356 1256,1356 1313,1355 1370,1355 1427,1355 1484,1355 1541,1355 1598,1355 1655,1355 1712,1356 1769,1357 1826,1358"/>
                <TextEquiv>
                    <Unicode>seltsam sie vom Herzog geträumt. Zwischen ihren beiden</Unicode>
                </TextEquiv>
            </TextLine>
            <TextLine id="r1l58" custom="readingOrder {index:57;}">
                <Coords points="1833,1363 3015,1390 3016,1329 2618,1356 1834,1320"/>
                <Baseline points="1848,1368 1905,1369 1963,1369 2020,1370 2078,1371 2135,1371 2193,1372 2250,1372 2308,1373 2365,1373 2423,1374 2481,1374 2538,1375 2596,1376 2653,1376 2711,1377 2768,1378 2826,1378 2883,1379 2941,1380 2999,1380"/>
                <TextEquiv>
                    <Unicode>hervorragenden Aussprache äußert. Der künstlerische</Unicode>
                </TextEquiv>
            </TextLine>
            <TextLine id="r1l59" custom="readingOrder {index:58;}">
                <Coords points="535,1413 554,1415 559,1422 577,1421 588,1413 596,1418 615,1420 623,1353 599,1350 593,1346 590,1349 582,1339 572,1341 564,1333 560,1336 545,1334"/>
                <Baseline points="552,1395 600,1401"/>
                <TextEquiv>
                    <Unicode>7</Unicode>
                </TextEquiv>
            </TextLine>
            <TextLine id="r1l60" custom="readingOrder {index:59;}">
                <Coords points="677,1394 1844,1404 1844,1361 1780,1358 677,1361"/>
                <Baseline points="691,1396 747,1397 804,1398 861,1399 918,1399 975,1400 1031,1400 1088,1400 1145,1400 1202,1400 1259,1399 1315,1399 1372,1399 1429,1399 1486,1399 1543,1399 1599,1400 1656,1400 1713,1401 1770,1402 1827,1403"/>
                <TextEquiv>
                    <Unicode>Abenteuern mit dem Dichter und dem Herzog wäre</Unicode>
                </TextEquiv>
            </TextLine>
            <TextLine id="r1l61" custom="readingOrder {index:60;}">
                <Coords points="1837,1409 3019,1426 2992,1383 1838,1366"/>
                <Baseline points="1853,1411 1910,1412 1968,1413 2025,1414 2083,1415 2140,1415 2198,1416 2255,1417 2313,1417 2370,1418 2428,1419 2485,1419 2543,1420 2600,1421 2658,1421 2715,1423 2773,1424 2830,1425 2888,1426 2945,1427 3003,1429"/>
                <TextEquiv>
                    <Unicode>Gesamteindruck übertraf den, den die Leipziger Sänger</Unicode>
                </TextEquiv>
            </TextLine>
            <TextLine id="r1l62" custom="readingOrder {index:61;}">
                <Coords points="679,1453 1836,1454 1836,1405 679,1395"/>
                <Baseline points="693,1438 749,1439 805,1440 862,1441 918,1442 974,1442 1031,1443 1087,1443 1143,1443 1200,1443 1256,1443 1312,1443 1369,1443 1425,1443 1481,1443 1538,1443 1594,1443 1650,1443 1707,1444 1763,1444 1820,1445"/>
                <TextEquiv>
                    <Unicode>Beatrice beinahe die Gattin eines kleinen Gewerbs¬</Unicode>
                </TextEquiv>
            </TextLine>
            <TextLine id="r1l63" custom="readingOrder {index:62;}">
                <Coords points="1836,1465 3021,1464 3021,1424 1836,1410"/>
                <Baseline points="1851,1458 1908,1457 1966,1457 2024,1456 2081,1457 2139,1457 2197,1458 2254,1458 2312,1459 2370,1461 2428,1462 2485,1463 2543,1464 2601,1465 2658,1466 2716,1468 2774,1468 2831,1469 2889,1470 2947,1470 3005,1470"/>
                <TextEquiv>
                    <Unicode>und der Neebsche Männerchor in Wien hinterlassen haben.</Unicode>
                </TextEquiv>
            </TextLine>
            <TextLine id="r1l64" custom="readingOrder {index:63;}">
                <Coords points="674,1483 1837,1499 1819,1444 674,1446"/>
                <Baseline points="690,1481 746,1483 803,1485 859,1486 916,1487 973,1487 1029,1488 1086,1488 1142,1488 1199,1488 1256,1488 1312,1487 1369,1487 1425,1487 1482,1487 1539,1487 1595,1487 1652,1487 1708,1488 1765,1488 1822,1490"/>
                <TextEquiv>
                    <Unicode>mannes geworden, dem sie seit langem versprochen ist.</Unicode>
                </TextEquiv>
            </TextLine>
            <TextLine id="r1l65" custom="readingOrder {index:64;}">
                <Coords points="1837,1507 3013,1535 3013,1483 2931,1473 1838,1468"/>
                <Baseline points="1852,1499 1909,1501 1966,1501 2023,1503 2081,1504 2138,1505 2195,1505 2252,1506 2310,1507 2367,1507 2424,1508 2481,1508 2539,1508 2596,1509 2653,1509 2710,1510 2768,1510 2825,1511 2882,1512 2939,1513 2997,1514"/>
                <TextEquiv>
                    <Unicode>Auch die Vortragsfolge stand auf ansehnlicher Höhe, wenn</Unicode>
                </TextEquiv>
            </TextLine>
            <TextLine id="r1l66" custom="readingOrder {index:65;}">
                <Coords points="539,1510 560,1507 582,1525 603,1528 634,1518 664,1521 664,1463 636,1463 627,1469 606,1470 560,1470 554,1464 539,1464"/>
                <Baseline points="553,1517 585,1517 617,1518 649,1515"/>
                <TextEquiv>
                    <Unicode>Curt</Unicode>
                </TextEquiv>
            </TextLine>
            <TextLine id="r1l67" custom="readingOrder {index:66;}">
                <Coords points="673,1546 1839,1549 1840,1491 673,1482"/>
                <Baseline points="687,1524 743,1526 800,1527 857,1529 914,1530 971,1531 1028,1531 1084,1532 1141,1532 1198,1533 1255,1533 1312,1533 1369,1533 1426,1533 1482,1533 1539,1533 1596,1533 1653,1533 1710,1532 1767,1532 1824,1532"/>
                <TextEquiv>
                    <Unicode>Eben wollte sie mit ihm zur Trauung gehen, da trat der</Unicode>
                </TextEquiv>
            </TextLine>
            <TextLine id="r1l68" custom="readingOrder {index:67;}">
                <Coords points="526,1551 673,1553 673,1513 658,1513 645,1522 606,1522 591,1506 575,1506 569,1512 563,1506 551,1512 526,1509"/>
                <Baseline points="540,1545 569,1544 599,1543 628,1544 658,1547"/>
                <TextEquiv>
                    <Unicode>tr. 42</Unicode>
                </TextEquiv>
            </TextLine>
            <TextLine id="r1l69" custom="readingOrder {index:68;}">
                <Coords points="1836,1550 3021,1562 3021,1510 1836,1513"/>
                <Baseline points="1851,1545 1908,1545 1966,1546 2024,1546 2082,1547 2139,1548 2197,1548 2255,1548 2313,1549 2370,1550 2428,1550 2486,1550 2544,1551 2601,1551 2659,1552 2717,1552 2775,1552 2832,1553 2890,1553 2948,1553 3006,1553"/>
                <TextEquiv>
                    <Unicode>auch vielleicht der orchestrale Teil etwas zu stark in den</Unicode>
                </TextEquiv>
            </TextLine>
            <TextLine id="r1l70" custom="readingOrder {index:69;}">
                <Coords points="677,1585 1828,1586 1828,1540 1785,1534 677,1537"/>
                <Baseline points="693,1574 749,1574 805,1575 861,1575 917,1576 973,1576 1029,1576 1085,1576 1141,1576 1197,1576 1253,1576 1309,1576 1365,1575 1421,1575 1477,1575 1533,1575 1589,1575 1645,1576 1701,1576 1757,1576 1813,1577"/>
                <TextEquiv>
                    <Unicode>Herzog dazwischen. Nun aber wird sie durch einen ihr</Unicode>
                </TextEquiv>
            </TextLine>
            <TextLine id="r1l71" custom="readingOrder {index:70;}">
                <Coords points="1840,1598 3007,1604 3007,1561 2913,1554 1841,1546"/>
                <Baseline points="1855,1590 1911,1590 1968,1589 2025,1590 2082,1590 2139,1590 2195,1590 2252,1591 2309,1592 2366,1592 2423,1593 2479,1594 2536,1595 2593,1596 2650,1596 2707,1597 2763,1598 2820,1598 2877,1599 2934,1599 2991,1599"/>
                <TextEquiv>
                    <Unicode>Vordergrund trat. Besonderes Lob gebührt dem Diri¬</Unicode>
                </TextEquiv>
            </TextLine>
            <TextLine id="r1l72" custom="readingOrder {index:71;}">
                <Coords points="684,1629 1829,1634 1829,1588 1750,1570 684,1580"/>
                <Baseline points="698,1618 753,1618 809,1619 865,1619 921,1619 977,1619 1032,1619 1088,1619 1144,1619 1200,1619 1256,1619 1311,1619 1367,1619 1423,1619 1479,1619 1535,1620 1590,1620 1646,1620 1702,1620 1758,1621 1814,1621"/>
                <TextEquiv>
                    <Unicode>selber unerklärlichen Zwang von der Hochzeitstafel weg</Unicode>
                </TextEquiv>
            </TextLine>
            <TextLine id="r1l73" custom="readingOrder {index:72;}">
                <Coords points="1843,1643 3019,1661 3019,1603 1844,1597"/>
                <Baseline points="1858,1637 1915,1637 1972,1637 2030,1636 2087,1636 2144,1636 2202,1636 2259,1637 2316,1637 2374,1637 2431,1638 2488,1638 2546,1639 2603,1639 2660,1640 2718,1641 2775,1642 2832,1643 2890,1644 2947,1645 3005,1646"/>
                <TextEquiv>
                    <Unicode>genten, der feinfühlig aus Chor und Orchester prächtige</Unicode>
                </TextEquiv>
            </TextLine>
            <TextLine id="r1l74" custom="readingOrder {index:73;}">
                <Coords points="673,1671 1839,1667 1806,1618 673,1613"/>
                <Baseline points="689,1663 745,1663 802,1663 859,1662 916,1662 973,1662 1029,1662 1086,1662 1143,1662 1200,1662 1257,1662 1313,1663 1370,1663 1427,1663 1484,1663 1541,1663 1597,1663 1654,1663 1711,1664 1768,1664 1825,1664"/>
                <TextEquiv>
                    <Unicode>zu dem Dichter zurückgeführt. Von Ekel und Lebensüber¬</Unicode>
                </TextEquiv>
            </TextLine>
            <TextLine id="r1l75" custom="readingOrder {index:74;}">
                <Coords points="1837,1683 2496,1700 2665,1669 2902,1702 3012,1688 3013,1648 1837,1644"/>
                <Baseline points="1851,1678 1908,1677 1965,1677 2022,1677 2080,1677 2137,1678 2194,1678 2251,1679 2309,1680 2366,1681 2423,1681 2480,1682 2538,1683 2595,1684 2652,1685 2709,1686 2767,1687 2824,1687 2881,1688 2938,1688 2996,1688"/>
                <TextEquiv>
                    <Unicode>Leistungen hervorholte. Er verstand es jedes einzelne</Unicode>
                </TextEquiv>
            </TextLine>
            <TextLine id="r1l76" custom="readingOrder {index:75;}">
                <Coords points="675,1717 1716,1725 1841,1713 1841,1668 675,1669"/>
                <Baseline points="689,1705 745,1706 802,1706 859,1707 916,1707 973,1707 1030,1707 1086,1707 1143,1707 1200,1707 1257,1707 1314,1707 1371,1707 1428,1707 1484,1707 1541,1707 1598,1707 1655,1708 1712,1708 1769,1709 1826,1709"/>
                <TextEquiv>
                    <Unicode>druß gequält trinkt Philippo den Giftbecher. Beatrice hat</Unicode>
                </TextEquiv>
            </TextLine>
            <TextLine id="r1l77" custom="readingOrder {index:76;}">
                <Coords points="1834,1731 3007,1739 3007,1693 2665,1668 1835,1682"/>
                <Baseline points="1849,1722 1906,1723 1963,1723 2020,1724 2077,1724 2135,1725 2192,1725 2249,1725 2306,1726 2363,1726 2421,1726 2478,1726 2535,1727 2592,1727 2649,1728 2707,1729 2764,1730 2821,1731 2878,1732 2935,1734 2993,1736"/>
                <TextEquiv>
                    <Unicode>Vortragsstück klangplastisch und dynamisch ganz prächtig</Unicode>
                </TextEquiv>
            </TextLine>
            <TextLine id="r1l78" custom="readingOrder {index:77;}">
                <Coords points="666,1746 1845,1759 1845,1719 1750,1707 666,1706"/>
                <Baseline points="681,1749 738,1750 795,1750 853,1750 910,1751 967,1751 1025,1751 1082,1751 1139,1751 1197,1751 1254,1751 1311,1751 1369,1751 1426,1752 1483,1752 1541,1752 1598,1752 1655,1753 1713,1753 1770,1754 1828,1755"/>
                <TextEquiv>
                    <Unicode>nicht genug Kraft, ihm in den Tod zu folgen, sie will</Unicode>
                </TextEquiv>
            </TextLine>
            <TextLine id="r1l79" custom="readingOrder {index:78;}">
                <Coords points="1832,1772 3017,1790 3017,1731 1832,1726"/>
                <Baseline points="1848,1767 1905,1767 1963,1768 2020,1768 2078,1769 2136,1769 2193,1769 2251,1770 2309,1770 2366,1771 2424,1771 2482,1772 2539,1772 2597,1772 2655,1773 2712,1773 2770,1773 2828,1774 2885,1774 2943,1775 3001,1775"/>
                <TextEquiv>
                    <Unicode>herauszuarbeiten. Der erste Teil des Programms enthielt</Unicode>
                </TextEquiv>
            </TextLine>
            <TextLine id="r1l80" custom="readingOrder {index:79;}">
                <Coords points="1834,1815 2964,1831 3017,1762 1835,1772"/>
                <Baseline points="1849,1811 1906,1811 1964,1812 2021,1812 2079,1812 2137,1813 2194,1813 2252,1813 2309,1814 2367,1814 2425,1815 2482,1815 2540,1816 2597,1816 2655,1817 2713,1817 2770,1818 2828,1819 2885,1820 2943,1821 3001,1822"/>
                <TextEquiv>
                    <Unicode>einleitend Regers schwieriges „Requiem“ für acht¬</Unicode>
                </TextEquiv>
            </TextLine>
            <TextLine id="r1l81" custom="readingOrder {index:80;}">
                <Coords points="683,1840 1333,1863 1834,1803 1834,1764 1718,1745 683,1755"/>
                <Baseline points="699,1836 757,1837 816,1838 875,1839 934,1839 993,1840 1052,1840 1111,1840 1170,1840 1229,1841 1287,1841 1346,1840 1405,1840 1464,1840 1523,1840 1582,1840 1641,1840 1700,1840 1759,1841 1818,1841"/>
                <TextEquiv>
                    <Unicode>Sechenter derststun von sie die Soechelteschmnnck</Unicode>
                </TextEquiv>
            </TextLine>
            <TextLine id="r1l82" custom="readingOrder {index:81;}">
                <Coords points="1828,1852 3016,1877 3016,1807 1828,1821"/>
                <Baseline points="1844,1853 1901,1854 1959,1855 2017,1855 2075,1856 2133,1856 2191,1857 2248,1857 2306,1857 2364,1857 2422,1858 2480,1858 2538,1858 2596,1859 2653,1859 2711,1860 2769,1861 2827,1862 2885,1863 2943,1865 3001,1866"/>
                <TextEquiv>
                    <Unicode>stimmigen Männerchor a cappelli mit Orgeleinleitung</Unicode>
                </TextEquiv>
            </TextLine>
            <TextLine id="r1l83" custom="readingOrder {index:82;}">
                <Coords points="670,1897 3012,1908 670,1839"/>
                <Baseline points="685,1887 800,1884 916,1882 1031,1881 1147,1881 1263,1882 1378,1883 1494,1885 1610,1887 1725,1890 1841,1892 1957,1895 2072,1897 2188,1900 2304,1902 2419,1904 2535,1906 2651,1907 2766,1907 2882,1907 2998,1906"/>
                <TextEquiv>
                    <Unicode>Ihre lange Abwesenheit wurde bemerkt, ihre Ausreden und Finale, das glänzend gemeistert wurde. Den Orgel¬</Unicode>
                </TextEquiv>
            </TextLine>
            <TextLine id="r1l84" custom="readingOrder {index:83;}">
                <Coords points="672,1940 1835,1942 1835,1893 1799,1890 672,1894"/>
                <Baseline points="686,1927 742,1927 799,1928 856,1928 912,1928 969,1928 1026,1928 1082,1928 1139,1928 1196,1929 1253,1929 1309,1929 1366,1929 1423,1929 1479,1929 1536,1929 1593,1929 1649,1929 1706,1929 1763,1929 1820,1928"/>
                <TextEquiv>
                    <Unicode>werden als Lügen durchschaut und der Herzog zwingt sie</Unicode>
                </TextEquiv>
            </TextLine>
            <TextLine id="r1l85" custom="readingOrder {index:84;}">
                <Coords points="1830,1941 3021,1954 2978,1908 1830,1905"/>
                <Baseline points="1845,1944 1903,1945 1961,1946 2019,1947 2077,1948 2135,1948 2193,1948 2251,1948 2309,1948 2367,1947 2426,1947 2484,1947 2542,1947 2600,1947 2658,1947 2716,1947 2774,1947 2832,1948 2890,1949 2948,1951 3007,1953"/>
                <TextEquiv>
                    <Unicode>part spielte unser Wiener Meister, Herr Domorganist</Unicode>
                </TextEquiv>
            </TextLine>
            <TextLine id="r1l86" custom="readingOrder {index:85;}">
                <Coords points="666,1975 1836,1984 1836,1938 1760,1929 666,1923"/>
                <Baseline points="683,1971 739,1971 796,1971 853,1972 910,1972 967,1972 1024,1973 1081,1973 1138,1973 1195,1973 1252,1973 1308,1973 1365,1973 1422,1973 1479,1974 1536,1974 1593,1974 1650,1974 1707,1974 1764,1974 1821,1974"/>
                <TextEquiv>
                    <Unicode>unter Androhung des Todes, ihm zu sagen, wo sie den</Unicode>
                </TextEquiv>
            </TextLine>
            <TextLine id="r1l87" custom="readingOrder {index:86;}">
                <Coords points="1829,2000 2992,2006 3011,1957 1829,1942"/>
                <Baseline points="1844,1987 1901,1988 1959,1989 2016,1990 2074,1991 2131,1991 2189,1991 2246,1991 2304,1991 2361,1991 2419,1991 2477,1990 2534,1990 2592,1990 2649,1991 2707,1991 2764,1992 2822,1993 2879,1994 2937,1996 2995,1998"/>
                <TextEquiv>
                    <Unicode>Walter, in vorbildlicher Weise, der auch in der Reger¬</Unicode>
                </TextEquiv>
            </TextLine>
            <TextLine id="r1l88" custom="readingOrder {index:87;}">
                <Coords points="673,2021 1830,2024 1830,1978 1674,1969 673,1975"/>
                <Baseline points="689,2014 745,2015 801,2016 858,2017 914,2018 970,2018 1027,2018 1083,2018 1139,2018 1196,2018 1252,2018 1308,2018 1365,2017 1421,2017 1477,2017 1534,2016 1590,2016 1646,2016 1703,2016 1759,2016 1816,2016"/>
                <TextEquiv>
                    <Unicode>Schleier ließ. So führt sie denn ihren Gatten in das Ge¬</Unicode>
                </TextEquiv>
            </TextLine>
            <TextLine id="r1l89" custom="readingOrder {index:88;}">
                <Coords points="1832,2036 3017,2042 3017,2002 2971,1996 1832,1994"/>
                <Baseline points="1847,2032 1904,2033 1962,2034 2020,2035 2077,2036 2135,2036 2193,2036 2250,2036 2308,2035 2366,2035 2424,2035 2481,2035 2539,2035 2597,2035 2654,2035 2712,2035 2770,2036 2827,2038 2885,2039 2943,2041 3001,2044"/>
                <TextEquiv>
                    <Unicode>schen Introduktion und Passacaglia in F=Moll“ eine</Unicode>
                </TextEquiv>
            </TextLine>
            <TextLine id="r1l90" custom="readingOrder {index:89;}">
                <Coords points="671,2071 1810,2073 1834,2021 670,2022"/>
                <Baseline points="686,2061 742,2062 799,2062 856,2062 912,2063 969,2063 1026,2063 1082,2063 1139,2063 1196,2062 1253,2062 1309,2062 1366,2062 1423,2061 1479,2061 1536,2060 1593,2060 1649,2059 1706,2059 1763,2058 1820,2058"/>
                <TextEquiv>
                    <Unicode>mach, in dem immer noch der tote Dichter einsam hin¬</Unicode>
                </TextEquiv>
            </TextLine>
            <TextLine id="r1l91" custom="readingOrder {index:90;}">
                <Coords points="1832,2088 3023,2092 3023,2046 2898,2036 1832,2036"/>
                <Baseline points="1848,2072 1905,2075 1963,2077 2021,2078 2079,2079 2137,2080 2195,2080 2253,2081 2311,2081 2369,2081 2427,2081 2484,2081 2542,2081 2600,2080 2658,2081 2716,2081 2774,2081 2832,2082 2890,2083 2948,2084 3006,2085"/>
                <TextEquiv>
                    <Unicode>Probe seines ganz außerordentlichen Könnens ablegte.</Unicode>
                </TextEquiv>
            </TextLine>
            <TextLine id="r1l92" custom="readingOrder {index:91;}">
                <Coords points="675,2115 1652,2126 1832,2111 1832,2062 675,2070"/>
                <Baseline points="689,2108 745,2108 801,2107 858,2107 914,2107 971,2106 1027,2106 1084,2106 1140,2106 1197,2106 1253,2106 1309,2106 1366,2106 1422,2106 1479,2106 1535,2106 1592,2106 1648,2106 1705,2106 1761,2106 1818,2106"/>
                <TextEquiv>
                    <Unicode>gestreckt liegt, er, dessen Verse der Herzog so sehr liebte</Unicode>
                </TextEquiv>
            </TextLine>
            <TextLine id="r1l93" custom="readingOrder {index:92;}">
                <Coords points="1825,2140 3013,2142 3013,2087 2967,2083 1825,2082"/>
                <Baseline points="1839,2118 1896,2118 1954,2119 2012,2120 2070,2121 2128,2121 2186,2122 2243,2122 2301,2123 2359,2123 2417,2124 2475,2124 2533,2124 2591,2125 2648,2125 2706,2125 2764,2125 2822,2125 2880,2125 2938,2125 2996,2125"/>
                <TextEquiv>
                    <Unicode>Es folgten Bruckners „Träumen und Wachen" und</Unicode>
                </TextEquiv>
            </TextLine>
            <TextLine id="r1l94" custom="readingOrder {index:93;}">
                <Coords points="667,2156 1836,2155 1836,2109 1705,2100 667,2104"/>
                <Baseline points="681,2150 738,2150 795,2150 852,2150 909,2149 966,2149 1023,2149 1080,2149 1137,2149 1194,2149 1251,2149 1308,2149 1365,2149 1422,2149 1479,2149 1536,2149 1593,2149 1650,2149 1707,2149 1764,2150 1822,2150"/>
                <TextEquiv>
                    <Unicode>und den selber kennen zu lernen ihm niemals gegönnt</Unicode>
                </TextEquiv>
            </TextLine>
            <TextLine id="r1l95" custom="readingOrder {index:94;}">
                <Coords points="1839,2177 3012,2173 3012,2143 2887,2123 1839,2119"/>
                <Baseline points="1853,2162 1910,2163 1967,2164 2024,2165 2081,2165 2139,2166 2196,2167 2253,2167 2310,2168 2367,2168 2425,2169 2482,2169 2539,2169 2596,2169 2653,2170 2711,2170 2768,2170 2825,2170 2882,2170 2939,2170 2997,2170"/>
                <TextEquiv>
                    <Unicode>der wuchtige Chor „Helgoland“ aus Aufführungen</Unicode>
                </TextEquiv>
            </TextLine>
            <TextLine id="r1l96" custom="readingOrder {index:95;}">
                <Coords points="661,2201 1641,2211 1803,2202 1833,2156 660,2136"/>
                <Baseline points="677,2192 734,2193 791,2193 848,2193 905,2194 962,2194 1019,2194 1076,2194 1133,2194 1190,2194 1247,2193 1304,2193 1361,2193 1418,2193 1475,2193 1532,2192 1589,2192 1646,2192 1703,2192 1760,2191 1817,2191"/>
                <TextEquiv>
                    <Unicode>war, obwohl er sich um seine Freundschaft bewarb. Er¬</Unicode>
                </TextEquiv>
            </TextLine>
            <TextLine id="r1l97" custom="readingOrder {index:96;}">
                <Coords points="1837,2212 2881,2228 2997,2220 2998,2174 1837,2176"/>
                <Baseline points="1853,2207 1909,2208 1966,2208 2022,2208 2079,2209 2135,2209 2192,2210 2248,2210 2305,2211 2361,2211 2418,2212 2474,2212 2531,2213 2587,2214 2644,2214 2700,2215 2757,2215 2813,2216 2870,2216 2926,2216 2983,2217"/>
                <TextEquiv>
                    <Unicode>unseres Schubertbundes her bekannt. Nach der „Roman¬</Unicode>
                </TextEquiv>
            </TextLine>
            <TextLine id="r1l98" custom="readingOrder {index:97;}">
                <Coords points="671,2251 1819,2249 1819,2194 671,2205"/>
                <Baseline points="686,2238 744,2238 803,2238 862,2238 921,2237 980,2237 1039,2238 1098,2238 1157,2238 1216,2238 1274,2238 1333,2238 1392,2238 1451,2239 1510,2239 1569,2239 1628,2238 1687,2238 1746,2238 1805,2237"/>
                <TextEquiv>
                    <Unicode>schüttert von diesem tragischen Zusammentreffen will der</Unicode>
                </TextEquiv>
            </TextLine>
            <TextLine id="r1l99" custom="readingOrder {index:98;}">
                <Coords points="1831,2258 3013,2253 3013,2219 2931,2215 1831,2209"/>
                <Baseline points="1846,2250 1903,2250 1961,2250 2018,2251 2076,2251 2133,2252 2191,2252 2248,2253 2306,2253 2363,2254 2421,2255 2479,2255 2536,2256 2594,2257 2651,2257 2709,2258 2766,2258 2824,2258 2881,2258 2939,2258 2997,2258"/>
                <TextEquiv>
                    <Unicode>tischen Suite" Regers, in der das Sinfonie¬</Unicode>
                </TextEquiv>
            </TextLine>
            <TextLine id="r1l100" custom="readingOrder {index:99;}">
                <Coords points="521,2291 570,2287 583,2279 598,2292 610,2286 662,2292 665,2215 605,2203 564,2232 540,2218 525,2218"/>
                <Baseline points="538,2267 565,2268 593,2268 620,2270 648,2273"/>
                <TextEquiv>
                    <Unicode>A</Unicode>
                </TextEquiv>
            </TextLine>
            <TextLine id="r1l101" custom="readingOrder {index:100;}">
                <Coords points="673,2288 1827,2292 1827,2240 673,2242"/>
                <Baseline points="687,2282 743,2282 799,2281 855,2281 912,2281 968,2282 1024,2282 1081,2282 1137,2282 1193,2283 1250,2283 1306,2283 1362,2283 1418,2284 1475,2284 1531,2283 1587,2283 1644,2282 1700,2282 1756,2281 1813,2280"/>
                <TextEquiv>
                    <Unicode>Herzog der ungetreuen Gattin verzeihen und sie ihren</Unicode>
                </TextEquiv>
            </TextLine>
            <TextLine id="r1l102" custom="readingOrder {index:101;}">
                <Coords points="1832,2302 2977,2315 3014,2254 1832,2256"/>
                <Baseline points="1846,2293 1903,2294 1961,2295 2019,2296 2076,2297 2134,2298 2192,2298 2249,2299 2307,2299 2365,2300 2423,2300 2480,2300 2538,2301 2596,2301 2653,2301 2711,2302 2769,2302 2826,2302 2884,2303 2942,2303 3000,2304"/>
                <TextEquiv>
                    <Unicode>orchester unter Dr. Knölls feinfühliger Leitung</Unicode>
                </TextEquiv>
            </TextLine>
            <TextLine id="r1l103" custom="readingOrder {index:102;}">
                <Coords points="541,2312 556,2312 568,2319 590,2314 596,2320 672,2320 673,2286 643,2291 628,2281 588,2286 582,2280 572,2289 567,2282 542,2278"/>
                <Baseline points="557,2312 590,2314 623,2316 656,2315"/>
                <TextEquiv>
                    <Unicode>s ein¬</Unicode>
                </TextEquiv>
            </TextLine>
            <TextLine id="r1l104" custom="readingOrder {index:103;}">
                <Coords points="663,2343 1827,2335 1827,2289 1702,2277 663,2285"/>
                <Baseline points="678,2326 734,2327 791,2327 848,2328 904,2329 961,2329 1018,2329 1074,2329 1131,2329 1188,2329 1245,2329 1301,2329 1358,2329 1415,2329 1471,2329 1528,2329 1585,2329 1641,2328 1698,2328 1755,2329 1812,2329"/>
                <TextEquiv>
                    <Unicode>Eltern zurückgeben. Aber ihr eigener Bruder rächt die</Unicode>
                </TextEquiv>
            </TextLine>
            <TextLine id="r1l105" custom="readingOrder {index:104;}">
                <Coords points="1838,2346 3008,2357 3008,2299 1839,2300"/>
                <Baseline points="1854,2341 1911,2341 1968,2342 2025,2342 2082,2343 2139,2343 2196,2344 2253,2344 2310,2344 2367,2345 2424,2345 2481,2345 2538,2346 2595,2346 2652,2346 2709,2346 2766,2346 2823,2345 2880,2345 2937,2345 2994,2344"/>
                <TextEquiv>
                    <Unicode>brillierte, folgte der machtvolle „Triumphgesang“ des¬</Unicode>
                </TextEquiv>
            </TextLine>
            <TextLine id="r1l106" custom="readingOrder {index:105;}">
                <Coords points="532,2364 553,2366 560,2360 580,2368 596,2360 602,2367 614,2365 626,2378 662,2381 667,2317 627,2317 612,2322 573,2309 536,2310"/>
                <Baseline points="548,2343 573,2344 599,2346 624,2348 650,2351"/>
                <TextEquiv>
                    <Unicode>X//5,</Unicode>
                </TextEquiv>
            </TextLine>
            <TextLine id="r1l107" custom="readingOrder {index:106;}">
                <Coords points="664,2362 1586,2398 1837,2370 1837,2333 1745,2321 664,2334"/>
                <Baseline points="679,2372 736,2373 793,2373 850,2373 907,2373 964,2373 1021,2373 1078,2373 1135,2373 1192,2372 1249,2372 1306,2372 1363,2372 1420,2371 1477,2371 1534,2371 1591,2371 1648,2370 1705,2370 1762,2370 1820,2370"/>
                <TextEquiv>
                    <Unicode>Schmach, die sie über die Familie gebracht hat und Beatrice</Unicode>
                </TextEquiv>
            </TextLine>
            <TextLine id="r1l108" custom="readingOrder {index:107;}">
                <Coords points="1843,2394 3010,2391 3010,2351 2964,2345 1844,2345"/>
                <Baseline points="1858,2388 1914,2387 1971,2387 2028,2386 2085,2386 2142,2385 2199,2385 2256,2386 2313,2386 2370,2386 2427,2386 2483,2387 2540,2387 2597,2388 2654,2388 2711,2389 2768,2389 2825,2389 2882,2389 2939,2389 2996,2388"/>
                <TextEquiv>
                    <Unicode>selben Komponisten, den Knölls Dirigentenkunst zu kräf¬</Unicode>
                </TextEquiv>
            </TextLine>
            <TextLine id="r1l109" custom="readingOrder {index:108;}">
                <Coords points="671,2426 711,2439 732,2423 870,2437 998,2422 1053,2441 1184,2423 1184,2381 1120,2371 1013,2383 671,2371"/>
                <Baseline points="688,2412 713,2413 738,2414 763,2414 789,2415 814,2415 839,2416 864,2416 890,2416 915,2416 940,2416 965,2416 991,2416 1016,2416 1041,2416 1066,2416 1092,2416 1117,2416 1142,2417 1168,2417"/>
                <TextEquiv>
                    <Unicode>stirbt von seinem Dolch.</Unicode>
                </TextEquiv>
            </TextLine>
            <TextLine id="r1l110" custom="readingOrder {index:109;}">
                <Coords points="1829,2431 3008,2443 2987,2388 1830,2388"/>
                <Baseline points="1846,2431 1903,2431 1960,2431 2018,2430 2075,2430 2132,2430 2190,2430 2247,2430 2304,2430 2362,2431 2419,2431 2476,2431 2534,2431 2591,2432 2648,2432 2706,2433 2763,2434 2820,2434 2878,2435 2935,2436 2993,2437"/>
                <TextEquiv>
                    <Unicode>tigster Steigerung emporriß. Nach der Pause zeigten die</Unicode>
                </TextEquiv>
            </TextLine>
            <TextLine id="r1l111" custom="readingOrder {index:110;}">
                <Coords points="744,2481 1736,2480 1828,2465 1828,2404 744,2432"/>
                <Baseline points="760,2467 812,2468 865,2468 917,2468 970,2469 1023,2469 1075,2469 1128,2470 1180,2470 1233,2470 1286,2470 1338,2471 1391,2471 1443,2471 1496,2471 1549,2471 1601,2470 1654,2470 1706,2469 1759,2469 1812,2468"/>
                <TextEquiv>
                    <Unicode>Das Schönste an diesem Stück ist sein breiter, feier¬</Unicode>
                </TextEquiv>
            </TextLine>
            <TextLine id="r1l112" custom="readingOrder {index:111;}">
                <Coords points="1836,2478 3008,2493 3009,2453 1836,2432"/>
                <Baseline points="1851,2476 1908,2476 1965,2475 2022,2475 2079,2475 2136,2474 2193,2474 2250,2474 2307,2474 2364,2474 2421,2474 2478,2474 2535,2474 2592,2475 2649,2475 2706,2476 2763,2476 2820,2477 2877,2477 2934,2478 2992,2479"/>
                <TextEquiv>
                    <Unicode>Gäste ihr Können in a-cappella-Chören von Brandes,</Unicode>
                </TextEquiv>
            </TextLine>
            <TextLine id="r1l113" custom="readingOrder {index:112;}">
                <Coords points="651,2519 1766,2524 1830,2515 1830,2464 725,2459 651,2492"/>
                <Baseline points="667,2513 724,2512 781,2512 839,2512 896,2512 954,2512 1011,2513 1069,2513 1126,2514 1184,2515 1241,2515 1298,2516 1356,2517 1413,2517 1471,2517 1528,2517 1586,2517 1643,2517 1701,2516 1758,2514 1816,2513"/>
                <TextEquiv>
                    <Unicode>licher Ausklang, sind die Sätze, die der Herzog über die</Unicode>
                </TextEquiv>
            </TextLine>
            <TextLine id="r1l114" custom="readingOrder {index:113;}">
                <Coords points="1834,2522 3009,2529 3009,2480 1834,2482"/>
                <Baseline points="1849,2518 1906,2519 1963,2519 2020,2519 2078,2519 2135,2519 2192,2519 2250,2519 2307,2519 2364,2519 2422,2518 2479,2518 2536,2518 2593,2518 2651,2519 2708,2519 2765,2520 2823,2521 2880,2522 2937,2524 2995,2525"/>
                <TextEquiv>
                    <Unicode>Reiter und Lendvai, von denen besonders der Chor</Unicode>
                </TextEquiv>
            </TextLine>
            <TextLine id="r1l115" custom="readingOrder {index:114;}">
                <Coords points="533,2553 551,2552 564,2560 588,2561 612,2550 629,2533 636,2538 651,2537 644,2461 617,2469 591,2447 569,2446 559,2438 539,2455 524,2456"/>
                <Baseline points="547,2543 576,2540 605,2538 635,2535"/>
                <TextEquiv>
                    <Unicode></Unicode>
                </TextEquiv>
            </TextLine>
            <TextLine id="r1l116" custom="readingOrder {index:115;}">
                <Coords points="672,2562 1738,2570 1833,2558 1833,2513 672,2516"/>
                <Baseline points="686,2557 742,2556 799,2556 855,2556 912,2557 968,2557 1025,2558 1081,2559 1138,2559 1194,2560 1251,2561 1307,2561 1364,2562 1420,2562 1477,2562 1533,2562 1590,2562 1646,2561 1703,2560 1759,2559 1816,2556"/>
                <TextEquiv>
                    <Unicode>beiden Leichen hinweg in die ungewisse, blutige Zukunft</Unicode>
                </TextEquiv>
            </TextLine>
            <TextLine id="r1l117" custom="readingOrder {index:116;}">
                <Coords points="1835,2571 3007,2563 2870,2520 1835,2522"/>
                <Baseline points="1849,2562 1906,2563 1963,2563 2020,2563 2077,2563 2134,2563 2191,2563 2248,2563 2305,2563 2362,2563 2420,2563 2477,2563 2534,2563 2591,2563 2648,2563 2705,2563 2762,2563 2819,2564 2876,2564 2933,2565 2991,2566"/>
                <TextEquiv>
                    <Unicode>des letzten („Glockenlied“) prächtig herausgearbeitet war.</Unicode>
                </TextEquiv>
            </TextLine>
            <TextLine id="r1l118" custom="readingOrder {index:117;}">
                <Coords points="668,2609 1810,2617 1832,2555 668,2563"/>
                <Baseline points="682,2604 738,2603 795,2603 852,2602 908,2602 965,2602 1022,2602 1078,2602 1135,2602 1192,2603 1249,2603 1305,2604 1362,2604 1419,2604 1475,2604 1532,2604 1589,2604 1645,2604 1702,2604 1759,2603 1816,2602"/>
                <TextEquiv>
                    <Unicode>der nächsten Stunden spricht. Hier wird auch wieder das</Unicode>
                </TextEquiv>
            </TextLine>
            <TextLine id="r1l119" custom="readingOrder {index:118;}">
                <Coords points="1833,2611 3005,2604 2963,2568 1833,2571"/>
                <Baseline points="1847,2608 1904,2608 1961,2609 2018,2609 2075,2609 2133,2609 2190,2609 2247,2609 2304,2609 2361,2609 2419,2609 2476,2608 2533,2608 2590,2608 2647,2608 2705,2608 2762,2608 2819,2608 2876,2609 2933,2609 2991,2610"/>
                <TextEquiv>
                    <Unicode>Vier Volkslieder, mit bewundernswerter Präzision und</Unicode>
                </TextEquiv>
            </TextLine>
            <TextLine id="r1l120" custom="readingOrder {index:119;}">
                <Coords points="529,2622 545,2622 566,2641 596,2638 602,2642 639,2642 640,2575 622,2575 604,2556 582,2562 552,2552 530,2552"/>
                <Baseline points="545,2619 571,2618 598,2620 625,2619"/>
                <TextEquiv>
                    <Unicode>7.</Unicode>
                </TextEquiv>
            </TextLine>
            <TextLine id="r1l121" custom="readingOrder {index:120;}">
                <Coords points="661,2643 1830,2654 1785,2602 661,2607"/>
                <Baseline points="676,2646 732,2646 789,2646 846,2646 903,2646 960,2646 1017,2646 1074,2646 1131,2646 1188,2646 1245,2646 1301,2646 1358,2646 1415,2646 1472,2646 1529,2645 1586,2645 1643,2645 1700,2644 1757,2644 1814,2644"/>
                <TextEquiv>
                    <Unicode>Bewußtsein des historischen Hintergrundes hergestellt,</Unicode>
                </TextEquiv>
            </TextLine>
            <TextLine id="r1l122" custom="readingOrder {index:121;}">
                <Coords points="1832,2665 3014,2657 3014,2614 2883,2596 1832,2610"/>
                <Baseline points="1848,2654 1905,2653 1963,2652 2020,2652 2078,2651 2135,2651 2193,2651 2250,2651 2308,2651 2365,2652 2423,2652 2480,2652 2538,2653 2595,2653 2653,2653 2710,2653 2768,2653 2825,2653 2883,2653 2940,2653 2998,2652"/>
                <TextEquiv>
                    <Unicode>Feinheit gesungen, bildeten den Schluß des interessanten</Unicode>
                </TextEquiv>
            </TextLine>
            <TextLine id="r1l123" custom="readingOrder {index:122;}">
                <Coords points="651,2690 1821,2693 1794,2650 1604,2638 651,2644"/>
                <Baseline points="667,2689 723,2689 780,2689 837,2689 894,2689 951,2689 1008,2689 1065,2689 1122,2689 1179,2689 1236,2689 1292,2689 1349,2689 1406,2689 1463,2689 1520,2689 1577,2689 1634,2689 1691,2689 1748,2688 1805,2688"/>
                <TextEquiv>
                    <Unicode>das während des Spieles oft streckenlang verloren ging.</Unicode>
                </TextEquiv>
            </TextLine>
            <TextLine id="r1l124" custom="readingOrder {index:123;}">
                <Coords points="1831,2699 3003,2702 3003,2656 1831,2650"/>
                <Baseline points="1845,2694 1902,2695 1959,2695 2016,2696 2073,2696 2130,2696 2187,2696 2244,2696 2301,2697 2358,2697 2416,2697 2473,2697 2530,2697 2587,2697 2644,2697 2701,2697 2758,2698 2815,2698 2872,2698 2929,2698 2987,2698"/>
                <TextEquiv>
                    <Unicode>Konzertes, das durch die Absingung des Deutschlandliedes</Unicode>
                </TextEquiv>
            </TextLine>
            <TextLine id="r1l125" custom="readingOrder {index:124;}">
                <Coords points="657,2744 1830,2746 1830,2691 657,2689"/>
                <Baseline points="671,2734 728,2734 785,2734 842,2734 899,2734 956,2734 1013,2734 1070,2734 1127,2734 1184,2734 1242,2734 1299,2733 1356,2733 1413,2733 1470,2733 1527,2733 1584,2733 1641,2733 1698,2733 1755,2733 1813,2733"/>
                <TextEquiv>
                    <Unicode>In diesem Unvermögen aber, die Stimmung dieser Nacht</Unicode>
                </TextEquiv>
            </TextLine>
            <TextLine id="r1l126" custom="readingOrder {index:125;}">
                <Coords points="1830,2745 3009,2749 3009,2697 1830,2699"/>
                <Baseline points="1844,2738 1901,2738 1958,2739 2016,2740 2073,2740 2131,2740 2188,2741 2245,2741 2303,2741 2360,2742 2418,2742 2475,2742 2532,2742 2590,2742 2647,2742 2705,2742 2762,2742 2819,2742 2877,2742 2934,2742 2992,2741"/>
                <TextEquiv>
                    <Unicode>in einer Verbrüderung zwischen Nord und Süd endete.</Unicode>
                </TextEquiv>
            </TextLine>
            <TextLine id="r1l127" custom="readingOrder {index:126;}">
                <Coords points="648,2805 1378,2763 1442,2800 1500,2766 1824,2784 1824,2738 1695,2732 648,2738"/>
                <Baseline points="663,2779 720,2779 777,2779 834,2779 892,2779 949,2779 1006,2779 1064,2779 1121,2779 1178,2779 1236,2779 1293,2779 1350,2778 1407,2778 1465,2778 1522,2778 1579,2778 1637,2777 1694,2777 1751,2776 1809,2776"/>
                <TextEquiv>
                    <Unicode>immer mitschwingen zu lassen, liegt die fühlbarste</Unicode>
                </TextEquiv>
            </TextLine>
            <TextLine id="r1l128" custom="readingOrder {index:127;}">
                <Coords points="1822,2782 3004,2787 3004,2732 1822,2730"/>
                <Baseline points="1837,2783 1894,2783 1952,2783 2009,2783 2067,2783 2125,2783 2182,2784 2240,2784 2298,2785 2355,2785 2413,2786 2471,2786 2528,2787 2586,2787 2644,2787 2701,2787 2759,2787 2817,2786 2874,2786 2932,2785 2990,2784"/>
                <TextEquiv>
                    <Unicode>Dr. Knöll aber hoffen wir doch in absehbarer Zeit</Unicode>
                </TextEquiv>
            </TextLine>
            <TextLine id="r1l129" custom="readingOrder {index:128;}">
                <Coords points="538,2830 587,2832 593,2826 599,2829 611,2825 629,2807 648,2806 647,2764 632,2764 626,2770 604,2768 595,2774 561,2759 552,2769 537,2769"/>
                <Baseline points="553,2813 579,2811 606,2811 633,2811"/>
                <TextEquiv>
                    <Unicode>80</Unicode>
                </TextEquiv>
            </TextLine>
            <TextLine id="r1l130" custom="readingOrder {index:129;}">
                <Coords points="663,2825 1829,2840 1829,2779 663,2779"/>
                <Baseline points="679,2819 735,2820 792,2821 849,2821 905,2822 962,2822 1019,2823 1075,2823 1132,2823 1189,2823 1246,2823 1302,2822 1359,2822 1416,2822 1472,2822 1529,2821 1586,2821 1642,2821 1699,2821 1756,2821 1813,2821"/>
                <TextEquiv>
                    <Unicode>Schwäche dieser Dichtung. Die Dinge, die hier geschehen,</Unicode>
                </TextEquiv>
            </TextLine>
            <TextLine id="r1l131" custom="readingOrder {index:130;}">
                <Coords points="1830,2825 3009,2836 3009,2787 2902,2769 2646,2805 1830,2785"/>
                <Baseline points="1845,2827 1902,2827 1959,2828 2017,2828 2074,2829 2132,2829 2189,2829 2246,2830 2304,2830 2361,2830 2419,2830 2476,2830 2533,2831 2591,2831 2648,2830 2706,2830 2763,2830 2820,2830 2878,2829 2935,2829 2993,2829"/>
                <TextEquiv>
                    <Unicode>nieder für seine Vaterstadt gewinnen zu können, für</Unicode>
                </TextEquiv>
            </TextLine>
            <TextLine id="r1l132" custom="readingOrder {index:131;}">
                <Coords points="666,2867 1781,2880 1827,2868 1827,2825 666,2827"/>
                <Baseline points="681,2865 737,2865 794,2865 850,2865 907,2865 964,2865 1020,2866 1077,2866 1133,2866 1190,2866 1247,2866 1303,2866 1360,2866 1416,2865 1473,2865 1530,2865 1586,2865 1643,2864 1699,2864 1756,2863 1813,2863"/>
                <TextEquiv>
                    <Unicode>alle diese seltsamen, blutigen, grausamen Vorgänge</Unicode>
                </TextEquiv>
            </TextLine>
            <TextLine id="r1l133" custom="readingOrder {index:132;}">
                <Coords points="528,2884 547,2884 565,2893 571,2887 577,2890 589,2878 608,2881 620,2875 644,2875 645,2820 623,2820 611,2829 587,2823 581,2829 562,2829 544,2838 529,2838"/>
                <Baseline points="544,2871 572,2870 601,2871 630,2871"/>
                <TextEquiv>
                    <Unicode>00</Unicode>
                </TextEquiv>
            </TextLine>
            <TextLine id="r1l134" custom="readingOrder {index:133;}">
                <Coords points="1831,2882 3013,2885 3013,2833 2879,2823 1831,2827"/>
                <Baseline points="1845,2869 1902,2869 1960,2870 2018,2870 2075,2870 2133,2870 2191,2871 2248,2871 2306,2871 2364,2872 2422,2872 2479,2872 2537,2873 2595,2873 2652,2873 2710,2873 2768,2873 2825,2874 2883,2874 2941,2874 2999,2874"/>
                <TextEquiv>
                    <Unicode>deren Musikleben seine impulse, dabei feine Persönlichkeit</Unicode>
                </TextEquiv>
            </TextLine>
            <TextLine id="r1l135" custom="readingOrder {index:134;}">
                <Coords points="663,2912 1836,2909 1835,2867 663,2863"/>
                <Baseline points="678,2910 735,2910 792,2909 849,2909 906,2909 963,2909 1020,2908 1077,2908 1134,2908 1191,2908 1248,2908 1305,2908 1362,2908 1419,2908 1476,2908 1533,2908 1590,2908 1647,2907 1704,2907 1761,2907 1819,2907"/>
                <TextEquiv>
                    <Unicode>könnten nur aus der Eigenart einer Situation erklärt</Unicode>
                </TextEquiv>
            </TextLine>
            <TextLine id="r1l136" custom="readingOrder {index:135;}">
                <Coords points="2882,2920 2910,2922 2916,2916 2931,2923 2944,2912 2956,2919 2971,2920 2973,2893 2951,2894 2937,2881 2916,2873 2903,2885 2900,2881 2885,2880"/>
                <Baseline points="2899,2912 2927,2912 2955,2916"/>
                <TextEquiv>
                    <Unicode>tr.</Unicode>
                </TextEquiv>
            </TextLine>
            <TextLine id="r1l137" custom="readingOrder {index:136;}">
                <Coords points="1836,2918 1891,2939 1979,2918 2281,2929 2282,2880 2037,2882 1897,2875 1882,2860 1836,2872"/>
                <Baseline points="1850,2911 1875,2913 1901,2914 1927,2915 1953,2915 1979,2915 2005,2916 2031,2916 2057,2916 2083,2915 2109,2915 2135,2915 2161,2915 2187,2915 2213,2915 2239,2915 2265,2916"/>
                <TextEquiv>
                    <Unicode>viel bedeuten könnte.</Unicode>
                </TextEquiv>
            </TextLine>
            <TextLine id="r1l138" custom="readingOrder {index:137;}">
                <Coords points="536,2943 560,2944 573,2938 594,2943 603,2952 621,2947 645,2951 648,2896 630,2895 612,2879 609,2882 597,2878 584,2890 572,2886 538,2888"/>
                <Baseline points="552,2927 578,2928 605,2929 632,2931"/>
                <TextEquiv>
                    <Unicode>00</Unicode>
                </TextEquiv>
            </TextLine>
            <TextLine id="r1l139" custom="readingOrder {index:138;}">
                <Coords points="654,2963 1830,2956 1830,2913 1674,2902 654,2908"/>
                <Baseline points="670,2956 727,2955 784,2955 841,2954 898,2954 955,2953 1012,2953 1070,2953 1127,2953 1184,2952 1241,2952 1298,2952 1355,2952 1412,2952 1470,2952 1527,2952 1584,2952 1641,2952 1698,2952 1755,2951 1813,2951"/>
                <TextEquiv>
                    <Unicode>und glaubhaft gemacht werden, wie es diese ist. Maeter¬</Unicode>
                </TextEquiv>
            </TextLine>
            <TextLine id="r1l140" custom="readingOrder {index:139;}">
                <Coords points="1935,2961 3016,2975 3016,2920 2796,2896 1935,2927"/>
                <Baseline points="1950,2960 2002,2960 2055,2960 2107,2960 2160,2960 2213,2961 2265,2961 2318,2961 2370,2961 2423,2962 2476,2962 2528,2962 2581,2962 2633,2962 2686,2962 2739,2961 2791,2961 2844,2960 2896,2959 2949,2958 3002,2957"/>
                <TextEquiv>
                    <Unicode>— Die Festaufführungen in Salzburg. Durch zahlreiche</Unicode>
                </TextEquiv>
            </TextLine>
            <TextLine id="r1l141" custom="readingOrder {index:140;}">
                <Coords points="660,2992 1827,3000 1827,2954 660,2946"/>
                <Baseline points="675,2998 731,2998 788,2997 845,2997 902,2997 959,2996 1016,2996 1072,2996 1129,2995 1186,2995 1243,2995 1300,2995 1357,2995 1414,2995 1470,2995 1527,2995 1584,2996 1641,2996 1698,2996 1755,2997 1812,2997"/>
                <TextEquiv>
                    <Unicode>linck hat uns in seiner „Monna Vanna“ ein Beispiel da¬</Unicode>
                </TextEquiv>
            </TextLine>
            <TextLine id="r1l142" custom="readingOrder {index:141;}">
                <Coords points="1831,3007 3010,3003 2943,2963 1831,2958"/>
                <Baseline points="1846,3002 1903,3003 1961,3004 2018,3004 2076,3005 2133,3005 2191,3006 2248,3006 2306,3007 2363,3007 2421,3007 2478,3007 2536,3007 2593,3007 2651,3007 2708,3007 2766,3006 2823,3005 2881,3005 2938,3004 2996,3003"/>
                <TextEquiv>
                    <Unicode>Anfragen veranlaßt, verlautbart die Direktion der Salz¬</Unicode>
                </TextEquiv>
            </TextLine>
            <TextLine id="r1l143" custom="readingOrder {index:142;}">
                <Coords points="525,3044 546,3046 552,3039 586,3038 614,3048 622,3039 653,3037 651,3001 618,3005 611,3000 605,3003 571,2998 566,3002 553,2990 547,2994 522,2992"/>
                <Baseline points="541,3039 573,3035 605,3035 637,3033"/>
                <TextEquiv>
                    <Unicode>aler¬</Unicode>
                </TextEquiv>
            </TextLine>
            <TextLine id="r1l144" custom="readingOrder {index:143;}">
                <Coords points="661,3063 1828,3047 1806,2998 661,2992"/>
                <Baseline points="677,3042 733,3041 790,3041 847,3041 903,3040 960,3040 1017,3039 1073,3039 1130,3039 1187,3039 1244,3039 1300,3039 1357,3039 1414,3039 1470,3039 1527,3040 1584,3040 1640,3040 1697,3040 1754,3041 1811,3041"/>
                <TextEquiv>
                    <Unicode>für gegeben, wie starken dramatischen Impuls ein Drama</Unicode>
                </TextEquiv>
            </TextLine>
            <TextLine id="r1l145" custom="readingOrder {index:144;}">
                <Coords points="1824,3052 3000,3062 3000,3004 1824,2991"/>
                <Baseline points="1839,3047 1896,3048 1953,3048 2010,3049 2068,3050 2125,3051 2182,3051 2239,3052 2297,3052 2354,3053 2411,3053 2468,3053 2526,3053 2583,3053 2640,3053 2697,3053 2755,3052 2812,3051 2869,3051 2926,3050 2984,3049"/>
                <TextEquiv>
                    <Unicode>burger Festspiele die endgäiltigen Termine für die einzel¬</Unicode>
                </TextEquiv>
            </TextLine>
            <TextLine id="r1l146" custom="readingOrder {index:145;}">
                <Coords points="534,3086 558,3080 571,3085 596,3083 607,3075 623,3083 654,3080 649,3034 613,3044 600,3036 591,3040 557,3037 554,3041 530,3043"/>
                <Baseline points="549,3079 578,3077 607,3073 637,3071"/>
                <TextEquiv>
                    <Unicode>sse 2</Unicode>
                </TextEquiv>
            </TextLine>
            <TextLine id="r1l147" custom="readingOrder {index:146;}">
                <Coords points="668,3100 1752,3097 1831,3085 1831,3045 668,3048"/>
                <Baseline points="682,3086 738,3085 795,3085 851,3084 908,3084 965,3084 1021,3084 1078,3084 1135,3084 1191,3084 1248,3084 1305,3084 1361,3084 1418,3084 1475,3084 1531,3085 1588,3085 1645,3085 1701,3085 1758,3085 1815,3085"/>
                <TextEquiv>
                    <Unicode>aus dem stets mitschwingenden Bewußtsein einer dort</Unicode>
                </TextEquiv>
            </TextLine>
            <TextLine id="r1l148" custom="readingOrder {index:147;}">
                <Coords points="1827,3091 3012,3092 3012,3056 2847,3041 1827,3054"/>
                <Baseline points="1843,3095 1900,3094 1958,3094 2015,3094 2073,3094 2131,3094 2188,3094 2246,3094 2304,3094 2361,3095 2419,3095 2477,3095 2534,3095 2592,3095 2650,3095 2707,3095 2765,3094 2823,3093 2880,3093 2938,3091 2996,3090"/>
                <TextEquiv>
                    <Unicode>nen Festaufführungen. Am 13., 14., 15., 19., 20., 23. und</Unicode>
                </TextEquiv>
            </TextLine>
            <TextLine id="r1l149" custom="readingOrder {index:148;}">
                <Coords points="531,3126 556,3122 562,3125 568,3118 602,3126 608,3119 653,3120 652,3081 633,3082 624,3076 612,3076 587,3078 572,3085 563,3079 551,3086 529,3084"/>
                <Baseline points="547,3113 577,3113 608,3111 639,3109"/>
                <TextEquiv>
                    <Unicode>bald¬</Unicode>
                </TextEquiv>
            </TextLine>
            <TextLine id="r1l150" custom="readingOrder {index:149;}">
                <Coords points="657,3137 1827,3134 1827,3088 657,3085"/>
                <Baseline points="673,3134 729,3133 786,3132 843,3131 900,3131 957,3130 1014,3130 1071,3129 1128,3129 1185,3129 1242,3129 1298,3129 1355,3129 1412,3129 1469,3129 1526,3129 1583,3129 1640,3129 1697,3129 1754,3129 1811,3129"/>
                <TextEquiv>
                    <Unicode>ganz ähnlichen Lage empfangen kann. Fast scheint es,</Unicode>
                </TextEquiv>
            </TextLine>
            <TextLine id="r1l151" custom="readingOrder {index:150;}">
                <Coords points="1829,3139 3005,3152 3004,3088 1829,3090"/>
                <Baseline points="1844,3134 1901,3135 1958,3135 2015,3136 2072,3136 2130,3137 2187,3137 2244,3137 2301,3138 2358,3138 2416,3138 2473,3138 2530,3137 2587,3137 2644,3137 2702,3136 2759,3135 2816,3135 2873,3134 2930,3132 2988,3131"/>
                <TextEquiv>
                    <Unicode>24. August wird Hoffmannsthals „Das Salzburger</Unicode>
                </TextEquiv>
            </TextLine>
            <TextLine id="r1l152" custom="readingOrder {index:151;}">
                <Coords points="529,3172 544,3171 560,3185 570,3185 575,3178 582,3181 599,3168 631,3184 642,3174 657,3173 654,3121 617,3120 614,3124 608,3118 602,3125 590,3122 584,3126 571,3117 559,3124 526,3124"/>
                <Baseline points="542,3156 567,3154 592,3153 617,3152 642,3148"/>
                <TextEquiv>
                    <Unicode>ter¬</Unicode>
                </TextEquiv>
            </TextLine>
            <TextLine id="r1l153" custom="readingOrder {index:152;}">
                <Coords points="654,3204 749,3170 1806,3190 1830,3135 654,3137"/>
                <Baseline points="671,3176 728,3175 785,3175 842,3175 899,3174 957,3174 1014,3174 1071,3174 1128,3173 1185,3173 1243,3173 1300,3173 1357,3173 1414,3172 1471,3172 1529,3172 1586,3172 1643,3171 1700,3171 1757,3171 1815,3171"/>
                <TextEquiv>
                    <Unicode>als habe Schnitzler nicht recht gewußt, was er eigentlich</Unicode>
                </TextEquiv>
            </TextLine>
            <TextLine id="r1l154" custom="readingOrder {index:153;}">
                <Coords points="1823,3174 3011,3188 2984,3136 1823,3144"/>
                <Baseline points="1838,3177 1895,3178 1953,3178 2011,3179 2069,3179 2127,3180 2185,3180 2243,3180 2301,3181 2359,3181 2417,3181 2474,3181 2532,3181 2590,3181 2648,3181 2706,3181 2764,3180 2822,3180 2880,3179 2938,3178 2996,3177"/>
                <TextEquiv>
                    <Unicode>Große Welttheater“ unter der Regie Max Rein¬</Unicode>
                </TextEquiv>
            </TextLine>
            <TextLine id="r1l155" custom="readingOrder {index:154;}">
                <Coords points="654,3239 1790,3230 1830,3227 1830,3181 654,3193"/>
                <Baseline points="669,3221 726,3219 783,3219 840,3217 898,3217 955,3216 1012,3216 1069,3215 1127,3215 1184,3215 1241,3216 1298,3216 1356,3216 1413,3216 1470,3216 1527,3216 1585,3216 1642,3216 1699,3216 1756,3216 1814,3216"/>
                <TextEquiv>
                    <Unicode>gestalten wollte. So glaubt man manchmal, dem Hoch¬</Unicode>
                </TextEquiv>
            </TextLine>
            <TextLine id="r1l156" custom="readingOrder {index:155;}">
                <Coords points="1828,3240 3013,3223 3013,3187 2866,3175 1828,3185"/>
                <Baseline points="1844,3226 1901,3226 1959,3225 2016,3225 2074,3225 2132,3224 2189,3224 2247,3224 2304,3224 2362,3223 2420,3223 2477,3223 2535,3223 2592,3223 2650,3223 2708,3223 2765,3224 2823,3224 2880,3224 2938,3224 2996,3225"/>
                <TextEquiv>
                    <Unicode>hardt in Szene gehen. Am 16., 17., 18., 21., 22., 26., 27.</Unicode>
                </TextEquiv>
            </TextLine>
            <TextLine id="r1l157" custom="readingOrder {index:156;}">
                <Coords points="656,3262 1789,3272 1819,3220 655,3228"/>
                <Baseline points="671,3266 727,3265 784,3263 841,3262 897,3262 954,3261 1011,3261 1067,3261 1124,3261 1181,3261 1238,3261 1294,3261 1351,3261 1408,3261 1464,3261 1521,3261 1578,3260 1634,3260 1691,3259 1748,3258 1805,3257"/>
                <TextEquiv>
                    <Unicode>zeitsschleier der Beatrice eine gewichtigere, symbolische</Unicode>
                </TextEquiv>
            </TextLine>
            <TextLine id="r1l158" custom="readingOrder {index:157;}">
                <Coords points="663,3327 1805,3316 1829,3258 663,3272"/>
                <Baseline points="679,3308 735,3307 792,3306 849,3305 906,3305 962,3305 1019,3305 1076,3305 1133,3305 1189,3305 1246,3305 1303,3305 1360,3306 1416,3306 1473,3306 1530,3305 1587,3305 1643,3305 1700,3304 1757,3303 1814,3302"/>
                <TextEquiv>
                    <Unicode>Bedeutung geben zu müssen, während man gleich darauf</Unicode>
                </TextEquiv>
            </TextLine>
            <TextLine id="r1l159" custom="readingOrder {index:158;}">
                <Coords points="1833,3296 2093,3332 3002,3311 3002,3262 1833,3271"/>
                <Baseline points="1847,3311 1906,3312 1966,3312 2026,3312 2086,3312 2146,3312 2206,3312 2266,3312 2326,3311 2386,3311 2446,3310 2506,3310 2566,3309 2626,3309 2686,3309 2746,3309 2806,3309 2866,3310 2926,3310 2986,3311"/>
                <TextEquiv>
                    <Unicode>Inszenierung von Vollmöllers Marienlegende „Das</Unicode>
                </TextEquiv>
            </TextLine>
            <TextLine id="r1l160" custom="readingOrder {index:159;}">
                <Coords points="666,3354 1830,3363 1829,3305 666,3315"/>
                <Baseline points="680,3350 736,3350 793,3349 850,3349 906,3348 963,3348 1020,3348 1076,3348 1133,3348 1190,3348 1247,3348 1303,3347 1360,3347 1417,3347 1473,3347 1530,3347 1587,3347 1643,3347 1700,3347 1757,3346 1814,3346"/>
                <TextEquiv>
                    <Unicode>erkennen muß, daß er nichts anderes als ein billiger Be¬</Unicode>
                </TextEquiv>
            </TextLine>
            <TextLine id="r1l161" custom="readingOrder {index:160;}">
                <Coords points="1828,3347 3013,3358 3013,3309 1828,3296"/>
                <Baseline points="1844,3352 1901,3353 1959,3354 2017,3355 2074,3356 2132,3356 2190,3356 2247,3356 2305,3356 2363,3356 2421,3356 2478,3355 2536,3355 2594,3355 2651,3354 2709,3354 2767,3354 2824,3353 2882,3353 2940,3353 2998,3353"/>
                <TextEquiv>
                    <Unicode>Mirakel“ mit der Musik von Engelbert Humperdinck.</Unicode>
                </TextEquiv>
            </TextLine>
            <TextLine id="r1l162" custom="readingOrder {index:161;}">
                <Coords points="651,3400 1815,3397 1784,3351 651,3348"/>
                <Baseline points="667,3395 723,3395 780,3395 836,3394 893,3394 950,3394 1006,3394 1063,3394 1119,3393 1176,3393 1233,3393 1289,3393 1346,3393 1402,3392 1459,3392 1516,3392 1572,3392 1629,3392 1685,3392 1742,3392 1799,3393"/>
                <TextEquiv>
                    <Unicode>helf ist, durch sein Fehlen den Verdacht des Herzogs wach¬</Unicode>
                </TextEquiv>
            </TextLine>
            <TextLine id="r1l163" custom="readingOrder {index:162;}">
                <Coords points="1810,3394 2922,3410 3007,3397 3007,3345 1810,3364"/>
                <Baseline points="1827,3401 1885,3400 1943,3400 2001,3400 2060,3400 2118,3400 2176,3400 2234,3399 2293,3399 2351,3399 2409,3399 2467,3399 2526,3399 2584,3399 2642,3399 2700,3399 2759,3398 2817,3398 2875,3398 2933,3397 2992,3397"/>
                <TextEquiv>
                    <Unicode>„Dr. Karl Muck dirigiert am 24. und 28 August Mozarts</Unicode>
                </TextEquiv>
            </TextLine>
            <TextLine id="r1l164" custom="readingOrder {index:163;}">
                <Coords points="651,3453 1833,3447 1833,3401 1702,3392 651,3398"/>
                <Baseline points="667,3441 724,3440 782,3440 839,3439 897,3439 955,3438 1012,3438 1070,3437 1127,3437 1185,3437 1243,3437 1300,3437 1358,3437 1415,3437 1473,3437 1531,3437 1588,3437 1646,3438 1703,3438 1761,3438 1819,3438"/>
                <TextEquiv>
                    <Unicode>zurufen. Unerklärlich also, warum die ganze Dichtung</Unicode>
                </TextEquiv>
            </TextLine>
            <TextLine id="r1l165" custom="readingOrder {index:164;}">
                <Coords points="1823,3458 3008,3457 3008,3399 1823,3425"/>
                <Baseline points="1838,3445 1895,3444 1953,3444 2011,3443 2069,3443 2127,3443 2184,3442 2242,3442 2300,3442 2358,3442 2416,3442 2473,3442 2531,3442 2589,3442 2647,3442 2705,3442 2762,3442 2820,3443 2878,3443 2936,3443 2994,3443"/>
                <TextEquiv>
                    <Unicode>„Don Jnan“, Franz Schalk am 25., 27. und 30. August</Unicode>
                </TextEquiv>
            </TextLine>
            <TextLine id="r1l166" custom="readingOrder {index:165;}">
                <Coords points="659,3487 1834,3489 1834,3434 659,3426"/>
                <Baseline points="673,3485 730,3484 787,3483 845,3482 902,3481 959,3481 1017,3481 1074,3481 1131,3481 1189,3481 1246,3481 1303,3481 1361,3481 1418,3482 1475,3482 1533,3482 1590,3482 1647,3482 1705,3482 1762,3482 1820,3482"/>
                <TextEquiv>
                    <Unicode>nach ihm ihren Namen trägt. Wie lächerlich ist es, zu</Unicode>
                </TextEquiv>
            </TextLine>
            <TextLine id="r1l167" custom="readingOrder {index:166;}">
                <Coords points="1828,3491 2973,3498 3009,3443 1827,3451"/>
                <Baseline points="1842,3486 1899,3486 1957,3487 2014,3487 2072,3487 2130,3487 2187,3487 2245,3487 2302,3486 2360,3486 2418,3486 2475,3485 2533,3485 2590,3484 2648,3484 2706,3483 2763,3483 2821,3483 2878,3483 2936,3482 2994,3482"/>
                <TextEquiv>
                    <Unicode>Mozarts „Figaros Hochzeit" und Bruno Walter am</Unicode>
                </TextEquiv>
            </TextLine>
            <TextLine id="r1l168" custom="readingOrder {index:167;}">
                <Coords points="656,3535 1789,3538 1822,3489 655,3489"/>
                <Baseline points="670,3527 726,3527 783,3526 840,3526 897,3526 954,3526 1011,3526 1068,3525 1125,3525 1182,3525 1239,3525 1295,3525 1352,3525 1409,3525 1466,3524 1523,3524 1580,3524 1637,3524 1694,3524 1751,3525 1808,3525"/>
                <TextEquiv>
                    <Unicode>denken, daß Shakespeares „Othello“ auch „Das Schnupf¬</Unicode>
                </TextEquiv>
            </TextLine>
            <TextLine id="r1l169" custom="readingOrder {index:168;}">
                <Coords points="1824,3531 2871,3547 3012,3516 3012,3485 1824,3491"/>
                <Baseline points="1840,3527 1897,3528 1955,3529 2013,3530 2071,3530 2129,3531 2186,3531 2244,3531 2302,3531 2360,3531 2418,3531 2475,3531 2533,3530 2591,3530 2649,3529 2707,3529 2764,3528 2822,3527 2880,3526 2938,3526 2996,3525"/>
                <TextEquiv>
                    <Unicode>26. und 29 August Donizettis komische Oper „Don Pas¬</Unicode>
                </TextEquiv>
            </TextLine>
            <TextLine id="r1l170" custom="readingOrder {index:169;}">
                <Coords points="659,3590 1825,3581 1825,3532 658,3544"/>
                <Baseline points="675,3569 731,3570 788,3570 845,3570 902,3570 958,3570 1015,3570 1072,3570 1129,3570 1185,3570 1242,3569 1299,3569 1356,3569 1412,3569 1469,3569 1526,3568 1583,3568 1639,3568 1696,3568 1753,3568 1810,3568"/>
                <TextEquiv>
                    <Unicode>tuch der Desdemona“ heißen könnte! Letzten Endes war</Unicode>
                </TextEquiv>
            </TextLine>
            <TextLine id="r1l171" custom="readingOrder {index:170;}">
                <Coords points="1824,3579 3009,3597 3009,3535 2969,3526 1824,3530"/>
                <Baseline points="1839,3572 1896,3572 1954,3573 2012,3574 2070,3574 2128,3574 2185,3574 2243,3575 2301,3575 2359,3575 2417,3575 2474,3574 2532,3574 2590,3574 2648,3574 2706,3574 2763,3573 2821,3573 2879,3573 2937,3573 2995,3572"/>
                <TextEquiv>
                    <Unicode>quale". Die Inszenierung der Opernaufführungen leitet</Unicode>
                </TextEquiv>
            </TextLine>
            <TextLine id="r1l172" custom="readingOrder {index:171;}">
                <Coords points="659,3615 1819,3622 1819,3573 1724,3567 659,3572"/>
                <Baseline points="675,3613 731,3613 787,3614 844,3614 900,3614 957,3615 1013,3615 1070,3615 1126,3615 1183,3615 1239,3614 1295,3614 1352,3614 1408,3614 1465,3614 1521,3613 1578,3613 1634,3613 1691,3613 1747,3612 1804,3612"/>
                <TextEquiv>
                    <Unicode>es Schnitzler natürlich darum zu tun, die Rätselhaftigkeit</Unicode>
                </TextEquiv>
            </TextLine>
            <TextLine id="r1l173" custom="readingOrder {index:172;}">
                <Coords points="1824,3649 1995,3615 2835,3616 2835,3583 2728,3576 1825,3578"/>
                <Baseline points="1841,3615 1892,3616 1944,3616 1995,3617 2047,3617 2098,3617 2150,3617 2201,3617 2253,3617 2304,3617 2356,3617 2407,3617 2459,3617 2510,3617 2562,3617 2613,3617 2665,3617 2716,3617 2768,3618 2820,3618"/>
                <TextEquiv>
                    <Unicode>Prof. Hans Breuer von der Wiener Staatsoper.</Unicode>
                </TextEquiv>
            </TextLine>
            <TextLine id="r1l174" custom="readingOrder {index:173;}">
                <Coords points="1953,3658 3004,3642 2973,3588 2787,3626 1953,3622"/>
                <Baseline points="1969,3655 2022,3656 2076,3656 2129,3656 2183,3657 2237,3657 2290,3657 2344,3657 2398,3657 2451,3657 2505,3656 2558,3656 2612,3656 2666,3655 2719,3654 2773,3653 2827,3652 2880,3651 2934,3650 2988,3648"/>
                <TextEquiv>
                    <Unicode> Im Burgtheater gelangt Montag, den 25. d., bei auf¬</Unicode>
                </TextEquiv>
            </TextLine>
            <TextLine id="r1l175" custom="readingOrder {index:174;}">
                <Coords points="653,3673 1829,3674 1829,3619 653,3624"/>
                <Baseline points="669,3659 726,3659 783,3659 840,3659 897,3659 955,3659 1012,3660 1069,3660 1126,3660 1183,3660 1241,3659 1298,3659 1355,3659 1412,3659 1469,3659 1527,3659 1584,3658 1641,3658 1698,3658 1755,3657 1813,3657"/>
                <TextEquiv>
                    <Unicode>eines sechzehnjährigen Weibes zu schildern, das, ihrer</Unicode>
                </TextEquiv>
            </TextLine>
            <TextLine id="r1l176" custom="readingOrder {index:175;}">
                <Coords points="1820,3700 2986,3704 3008,3643 1820,3648"/>
                <Baseline points="1835,3698 1892,3696 1950,3695 2008,3694 2066,3694 2124,3693 2182,3693 2239,3693 2297,3694 2355,3694 2413,3694 2471,3694 2529,3694 2587,3694 2644,3694 2702,3694 2760,3693 2818,3692 2876,3691 2934,3689 2992,3687"/>
                <TextEquiv>
                    <Unicode>gehobenem Abonnement, kein Kartenverkauf, Shakespeares</Unicode>
                </TextEquiv>
            </TextLine>
            <TextLine id="r1l177" custom="readingOrder {index:176;}">
                <Coords points="663,3703 1824,3707 1781,3661 1594,3653 663,3666"/>
                <Baseline points="679,3700 735,3701 792,3702 848,3703 905,3703 961,3704 1018,3704 1074,3704 1131,3704 1187,3703 1244,3703 1300,3703 1357,3702 1413,3702 1470,3701 1526,3701 1583,3701 1639,3701 1696,3701 1752,3701 1809,3701"/>
                <TextEquiv>
                    <Unicode>Schlechtigkeit unbewußt, mit einer sozusagen noch kind¬</Unicode>
                </TextEquiv>
            </TextLine>
            <TextLine id="r1l178" custom="readingOrder {index:177;}">
                <Coords points="1829,3729 3008,3726 2690,3682 1829,3698"/>
                <Baseline points="1844,3733 1901,3733 1958,3734 2016,3734 2073,3734 2131,3734 2188,3733 2245,3733 2303,3732 2360,3732 2418,3731 2475,3730 2532,3730 2590,3730 2647,3729 2705,3729 2762,3729 2819,3729 2877,3730 2934,3730 2992,3731"/>
                <TextEquiv>
                    <Unicode>Schauspiel „Ein Sommernachtstraum" zur Auf¬</Unicode>
                </TextEquiv>
            </TextLine>
            <TextLine id="r1l179" custom="readingOrder {index:178;}">
                <Coords points="659,3758 1759,3758 1826,3749 1826,3700 659,3703"/>
                <Baseline points="675,3745 731,3746 788,3747 845,3747 902,3748 958,3748 1015,3748 1072,3748 1129,3748 1185,3748 1242,3747 1299,3747 1356,3747 1412,3746 1469,3746 1526,3745 1583,3745 1639,3745 1696,3745 1753,3745 1810,3745"/>
                <TextEquiv>
                    <Unicode>lichen Ahnungslosigkeit von einem Männerarm in den</Unicode>
                </TextEquiv>
            </TextLine>
            <TextLine id="r1l180" custom="readingOrder {index:179;}">
                <Coords points="1826,3784 2993,3772 2993,3736 2880,3727 1826,3732"/>
                <Baseline points="1841,3770 1897,3771 1954,3771 2011,3771 2068,3772 2125,3772 2182,3772 2239,3772 2296,3772 2353,3771 2410,3771 2466,3771 2523,3770 2580,3770 2637,3770 2694,3770 2751,3770 2808,3770 2865,3770 2922,3770 2979,3770"/>
                <TextEquiv>
                    <Unicode>führung. Es wirken mit: die Damen Kallina, Percy, Pünkösdy,</Unicode>
                </TextEquiv>
            </TextLine>
            <TextLine id="r1l181" custom="readingOrder {index:180;}">
                <Coords points="659,3804 1822,3799 1822,3750 659,3755"/>
                <Baseline points="674,3789 730,3790 787,3791 843,3792 900,3792 957,3793 1013,3793 1070,3793 1126,3793 1183,3793 1240,3793 1296,3793 1353,3793 1409,3792 1466,3792 1523,3791 1579,3791 1636,3790 1692,3790 1749,3789 1806,3789"/>
                <TextEquiv>
                    <Unicode>anderen taumelt, sich selber in blutige Schuld verstrickend</Unicode>
                </TextEquiv>
            </TextLine>
            <TextLine id="r1l182" custom="readingOrder {index:181;}">
                <Coords points="1833,3814 2785,3829 3005,3816 3005,3768 1832,3775"/>
                <Baseline points="1848,3808 1905,3809 1962,3809 2019,3809 2076,3810 2133,3810 2190,3810 2247,3810 2304,3810 2361,3810 2418,3810 2475,3810 2532,3810 2589,3810 2646,3809 2703,3808 2760,3808 2817,3807 2874,3806 2931,3805 2989,3803"/>
                <TextEquiv>
                    <Unicode>Wagener und Wohlgemuth, die Herren Aslan, Andersen, Blum,</Unicode>
                </TextEquiv>
            </TextLine>
            <TextLine id="r1l183" custom="readingOrder {index:182;}">
                <Coords points="654,3842 1490,3857 1573,3823 1731,3857 1823,3839 1823,3793 654,3799"/>
                <Baseline points="668,3833 725,3834 782,3835 839,3836 896,3836 953,3837 1010,3837 1067,3838 1124,3838 1181,3838 1238,3838 1295,3838 1352,3838 1409,3838 1466,3837 1523,3837 1580,3836 1637,3836 1694,3835 1751,3834 1808,3833"/>
                <TextEquiv>
                    <Unicode>und ringsum Verheerung anrichtend. Ihr Bräutigam</Unicode>
                </TextEquiv>
            </TextLine>
            <TextLine id="r1l184" custom="readingOrder {index:183;}">
                <Coords points="1827,3849 3009,3851 3009,3817 2957,3808 1827,3812"/>
                <Baseline points="1843,3845 1900,3846 1957,3846 2015,3847 2072,3848 2130,3848 2187,3848 2245,3849 2302,3849 2360,3849 2417,3849 2474,3848 2532,3848 2589,3848 2647,3847 2704,3847 2762,3847 2819,3846 2877,3846 2934,3845 2992,3845"/>
                <TextEquiv>
                    <Unicode>Häussermann, Huber, König, Lohner, Maierhofer, Schmidt,</Unicode>
                </TextEquiv>
            </TextLine>
            <TextLine id="r1l185" custom="readingOrder {index:184;}">
                <Coords points="644,3880 1829,3877 1829,3840 1570,3829 644,3840"/>
                <Baseline points="660,3881 717,3881 775,3881 833,3881 890,3882 948,3882 1006,3882 1063,3881 1121,3881 1179,3881 1237,3881 1294,3881 1352,3881 1410,3880 1467,3880 1525,3880 1583,3880 1640,3879 1698,3879 1756,3879 1814,3879"/>
                <TextEquiv>
                    <Unicode>und ihr Dichter, beide sterben um sie, und auch ihr</Unicode>
                </TextEquiv>
            </TextLine>
            <TextLine id="r1l186" custom="readingOrder {index:185;}">
                <Coords points="2770,3894 2813,3887 2843,3899 2861,3884 2889,3890 2904,3884 2959,3899 2974,3886 2980,3893 2999,3889 2999,3847 2980,3844 2962,3856 2910,3844 2876,3856 2864,3847 2770,3845"/>
                <Baseline points="2785,3887 2813,3883 2841,3882 2869,3881 2898,3882 2926,3883 2954,3883 2983,3883"/>
                <TextEquiv>
                    <Unicode>Dienstag,</Unicode>
                </TextEquiv>
            </TextLine>
            <TextLine id="r1l187" custom="readingOrder {index:186;}">
                <Coords points="1832,3885 2629,3897 2726,3884 2726,3851 1832,3852"/>
                <Baseline points="1848,3883 1891,3885 1934,3886 1977,3886 2020,3887 2063,3887 2106,3887 2149,3887 2192,3886 2235,3886 2279,3886 2322,3885 2365,3884 2408,3884 2451,3883 2494,3883 2537,3883 2580,3883 2623,3883 2666,3883 2710,3884"/>
                <TextEquiv>
                    <Unicode>Siebert, Straßni und Wawra. Anfang 7 Uhr.</Unicode>
                </TextEquiv>
            </TextLine>
            <TextLine id="r1l188" custom="readingOrder {index:187;}">
                <Coords points="1830,3926 2975,3940 3002,3888 2757,3859 2687,3890 1829,3881"/>
                <Baseline points="1846,3927 1903,3927 1960,3927 2017,3926 2074,3926 2131,3926 2188,3926 2245,3925 2302,3925 2359,3924 2416,3924 2473,3924 2530,3923 2587,3923 2644,3922 2701,3922 2758,3921 2815,3921 2872,3920 2929,3920 2987,3919"/>
                <TextEquiv>
                    <Unicode>den 26. d., wird zu erhöhten Preisen Artur Schnitzlers Schau¬</Unicode>
                </TextEquiv>
            </TextLine>
            <TextLine id="r1l189" custom="readingOrder {index:188;}">
                <Coords points="605,3920 1744,3935 1826,3932 1826,3877 604,3883"/>
                <Baseline points="621,3921 680,3923 740,3924 799,3925 859,3925 918,3925 978,3925 1037,3925 1097,3925 1156,3924 1216,3924 1275,3923 1335,3923 1394,3923 1454,3922 1513,3922 1573,3922 1632,3922 1692,3922 1751,3922 1811,3923"/>
                <TextEquiv>
                    <Unicode> Bruder wird ihretwegen in den Tod geschickt. In diesem</Unicode>
                </TextEquiv>
            </TextLine>
            <TextLine id="r1l190" custom="readingOrder {index:189;}">
                <Coords points="1824,3967 2994,3969 2993,3914 1824,3922"/>
                <Baseline points="1839,3968 1895,3967 1952,3966 2009,3966 2066,3965 2123,3965 2180,3964 2237,3964 2294,3964 2351,3964 2408,3964 2464,3964 2521,3964 2578,3963 2635,3963 2692,3963 2749,3962 2806,3961 2863,3960 2920,3959 2977,3957"/>
                <TextEquiv>
                    <Unicode>spiel „Der Schleier der Beatrice“ gegeben unter Mit¬</Unicode>
                </TextEquiv>
            </TextLine>
            <TextLine id="r1l191" custom="readingOrder {index:190;}">
                <Coords points="642,3980 1836,3978 1814,3917 822,3948 642,3909"/>
                <Baseline points="657,3970 715,3971 773,3971 831,3972 890,3972 948,3972 1006,3972 1064,3972 1123,3972 1181,3971 1239,3971 1297,3971 1356,3970 1414,3970 1472,3970 1530,3969 1589,3969 1647,3968 1705,3968 1763,3967 1822,3967"/>
                <TextEquiv>
                    <Unicode>kleinen Mädchen lebt ein Dämon, eine Art Weibsteufel.</Unicode>
                </TextEquiv>
            </TextLine>
            <TextLine id="r1l192" custom="readingOrder {index:191;}">
                <Coords points="527,4041 3001,4003 527,3983"/>
                <Baseline points="543,4015 665,4017 787,4018 909,4019 1031,4019 1153,4019 1275,4018 1397,4016 1519,4015 1641,4013 1764,4011 1886,4009 2008,4007 2130,4005 2252,4003 2374,4001 2496,4000 2618,3999 2740,3999 2862,3999 2985,4000"/>
                <TextEquiv>
                    <Unicode>— Aber auch dieses Motiv ist nicht mit starkem dichterischen wirkung der Damen Aknay, Altbach, Devrient=Reinhold, Rita</Unicode>
                </TextEquiv>
            </TextLine>
            <TextEquiv>
                <Unicode> u herte Dan.

u.
Herr Brahm am Deutschen Theater in Berlin schon vor
munderliche Vater Nardi des Herrn Straßni. der
mehr als zwei Jahrzehnten mit diesem Schauspiel ziemlich
feurige Francesco des Herrn Lohner, der gutmütig
bürgerliche Vittorio des Herrn Philipp Zeska.
trübe Erfahrungen machte, weswegen man auch in Wien,
wo man doch sonst diesen Propheten im Vaterlande wahr¬
Die Wiener Schnitzlergilde benützte auch diesen nicht
haftig zu schätzen wußte, die Hand davon ließ. Aber da
eben glücklich gewählten Anlaß, um ihrem Dichter Ova¬
das Burgtheater einem ungeschriebenen Gesetz zufolge
tionen darzubringen. Die Treue, sie ist eben doch kein
*)
leerer Wahn.
Herrn Schnitzler Jahr für Jahr seinen Tribut zollen muß,
B.
so muß in Ermangelung eines neuen Werkes dieses alte
— Konzert der Dresdner Sänger. Der auf seiner
9
herhalten, das bestimmt nicht sein bestes ist. In mehr als
Sängerfahrt in Wien herzlich begrüßte „Dresdner
einem Belange hat er sich seither mit anderen Dichtungen
9
Orpheus“ einer der bekanntesten und ältesten (schon
übertroffen, so etwa in der Größe der historischen Vision
1834 gegründet) deutschen Männergesangvereine, veran¬
im „Jungen Medardus“.
50
staltete am 22. d. im Großen Musikvereinssaal ein großes
Im „Schleier der Beateice“ soll die historische
*
Festkonzert mit Orchester, das unter der künstlerischen
Situation als drammatisches Moment mitspielen: Vologna

Leitung Dr. Heinz Knölls stand, eines Wiener
ist von Feinden umzingelt. Morgen wird die Entscheidung
Musikers, der gegenwärtig als Kapellmeister an der
fallen. Die Stadt ist in fieberhafter Erregung. Niemand
Dresdner Staatsoper tätig ist. Sein Verdienst mag es
wagt an Rettung zu glauben. Der gewaltige Borgia steht
auch zum Teile sein, wenn diese sachsischen Sänger mit
vor dem Tore. Der junge Herzog von Bologna will diese
Leistungen aufwarteten, die auch für die Stadt eines
letzte Nacht mit der schönsten Tochter der Stadt verbrin¬
Wiener Männergesangvereines und Schubertbundes als
gen. Er sieht die holde Beatrice, die Tochter des armen außerordentlich gute zu bezeichnen sind. Der „Dresdner
Wappenschneiders Nardi, und begehrt sie, doch folgt sie ihm Orpheus“ verfügt nicht nur über ausgezeichnetes Stim¬
erst, nachdem er sie in rascher Vermählung zur Herzoginmenmaterial, namentlich profunde, tragende Bässe, son¬
gemacht hat. Sie entweicht ihm aber vom Hochzeitsfeste dern auch über eine bemerkenswerte Chordisziplin. die
und eilt zu ihrem geliebten Dichter Philippo, der sie vor
sich in der Sicherheit der Einsätze, der Klangreinheit der
wenigen Stunden verstoßen hat, da sie ihm erzählte, wie
Stimmführung und der prächtigen Dynamik sowie der
seltsam sie vom Herzog geträumt. Zwischen ihren beiden
hervorragenden Aussprache äußert. Der künstlerische
7
Abenteuern mit dem Dichter und dem Herzog wäre
Gesamteindruck übertraf den, den die Leipziger Sänger
Beatrice beinahe die Gattin eines kleinen Gewerbs¬
und der Neebsche Männerchor in Wien hinterlassen haben.
mannes geworden, dem sie seit langem versprochen ist.
Auch die Vortragsfolge stand auf ansehnlicher Höhe, wenn
Curt
Eben wollte sie mit ihm zur Trauung gehen, da trat der
tr. 42
auch vielleicht der orchestrale Teil etwas zu stark in den
Herzog dazwischen. Nun aber wird sie durch einen ihr
Vordergrund trat. Besonderes Lob gebührt dem Diri¬
selber unerklärlichen Zwang von der Hochzeitstafel weg
genten, der feinfühlig aus Chor und Orchester prächtige
zu dem Dichter zurückgeführt. Von Ekel und Lebensüber¬
Leistungen hervorholte. Er verstand es jedes einzelne
druß gequält trinkt Philippo den Giftbecher. Beatrice hat
Vortragsstück klangplastisch und dynamisch ganz prächtig
nicht genug Kraft, ihm in den Tod zu folgen, sie will
herauszuarbeiten. Der erste Teil des Programms enthielt
einleitend Regers schwieriges „Requiem“ für acht¬
Sechenter derststun von sie die Soechelteschmnnck
stimmigen Männerchor a cappelli mit Orgeleinleitung
Ihre lange Abwesenheit wurde bemerkt, ihre Ausreden und Finale, das glänzend gemeistert wurde. Den Orgel¬
werden als Lügen durchschaut und der Herzog zwingt sie
part spielte unser Wiener Meister, Herr Domorganist
unter Androhung des Todes, ihm zu sagen, wo sie den
Walter, in vorbildlicher Weise, der auch in der Reger¬
Schleier ließ. So führt sie denn ihren Gatten in das Ge¬
schen Introduktion und Passacaglia in F=Moll“ eine
mach, in dem immer noch der tote Dichter einsam hin¬
Probe seines ganz außerordentlichen Könnens ablegte.
gestreckt liegt, er, dessen Verse der Herzog so sehr liebte
Es folgten Bruckners „Träumen und Wachen" und
und den selber kennen zu lernen ihm niemals gegönnt
der wuchtige Chor „Helgoland“ aus Aufführungen
war, obwohl er sich um seine Freundschaft bewarb. Er¬
unseres Schubertbundes her bekannt. Nach der „Roman¬
schüttert von diesem tragischen Zusammentreffen will der
tischen Suite" Regers, in der das Sinfonie¬
A
Herzog der ungetreuen Gattin verzeihen und sie ihren
orchester unter Dr. Knölls feinfühliger Leitung
s ein¬
Eltern zurückgeben. Aber ihr eigener Bruder rächt die
brillierte, folgte der machtvolle „Triumphgesang“ des¬
X//5,
Schmach, die sie über die Familie gebracht hat und Beatrice
selben Komponisten, den Knölls Dirigentenkunst zu kräf¬
stirbt von seinem Dolch.
tigster Steigerung emporriß. Nach der Pause zeigten die
Das Schönste an diesem Stück ist sein breiter, feier¬
Gäste ihr Können in a-cappella-Chören von Brandes,
licher Ausklang, sind die Sätze, die der Herzog über die
Reiter und Lendvai, von denen besonders der Chor

beiden Leichen hinweg in die ungewisse, blutige Zukunft
des letzten („Glockenlied“) prächtig herausgearbeitet war.
der nächsten Stunden spricht. Hier wird auch wieder das
Vier Volkslieder, mit bewundernswerter Präzision und
7.
Bewußtsein des historischen Hintergrundes hergestellt,
Feinheit gesungen, bildeten den Schluß des interessanten
das während des Spieles oft streckenlang verloren ging.
Konzertes, das durch die Absingung des Deutschlandliedes
In diesem Unvermögen aber, die Stimmung dieser Nacht
in einer Verbrüderung zwischen Nord und Süd endete.
immer mitschwingen zu lassen, liegt die fühlbarste
Dr. Knöll aber hoffen wir doch in absehbarer Zeit
80
Schwäche dieser Dichtung. Die Dinge, die hier geschehen,
nieder für seine Vaterstadt gewinnen zu können, für
alle diese seltsamen, blutigen, grausamen Vorgänge
00
deren Musikleben seine impulse, dabei feine Persönlichkeit
könnten nur aus der Eigenart einer Situation erklärt
tr.
viel bedeuten könnte.
00
und glaubhaft gemacht werden, wie es diese ist. Maeter¬
— Die Festaufführungen in Salzburg. Durch zahlreiche
linck hat uns in seiner „Monna Vanna“ ein Beispiel da¬
Anfragen veranlaßt, verlautbart die Direktion der Salz¬
aler¬
für gegeben, wie starken dramatischen Impuls ein Drama
burger Festspiele die endgäiltigen Termine für die einzel¬
sse 2
aus dem stets mitschwingenden Bewußtsein einer dort
nen Festaufführungen. Am 13., 14., 15., 19., 20., 23. und
bald¬
ganz ähnlichen Lage empfangen kann. Fast scheint es,
24. August wird Hoffmannsthals „Das Salzburger
ter¬
als habe Schnitzler nicht recht gewußt, was er eigentlich
Große Welttheater“ unter der Regie Max Rein¬
gestalten wollte. So glaubt man manchmal, dem Hoch¬
hardt in Szene gehen. Am 16., 17., 18., 21., 22., 26., 27.
zeitsschleier der Beatrice eine gewichtigere, symbolische
Bedeutung geben zu müssen, während man gleich darauf
Inszenierung von Vollmöllers Marienlegende „Das
erkennen muß, daß er nichts anderes als ein billiger Be¬
Mirakel“ mit der Musik von Engelbert Humperdinck.
helf ist, durch sein Fehlen den Verdacht des Herzogs wach¬
„Dr. Karl Muck dirigiert am 24. und 28 August Mozarts
zurufen. Unerklärlich also, warum die ganze Dichtung
„Don Jnan“, Franz Schalk am 25., 27. und 30. August
nach ihm ihren Namen trägt. Wie lächerlich ist es, zu
Mozarts „Figaros Hochzeit" und Bruno Walter am
denken, daß Shakespeares „Othello“ auch „Das Schnupf¬
26. und 29 August Donizettis komische Oper „Don Pas¬
tuch der Desdemona“ heißen könnte! Letzten Endes war
quale". Die Inszenierung der Opernaufführungen leitet
es Schnitzler natürlich darum zu tun, die Rätselhaftigkeit
Prof. Hans Breuer von der Wiener Staatsoper.
 Im Burgtheater gelangt Montag, den 25. d., bei auf¬
eines sechzehnjährigen Weibes zu schildern, das, ihrer
gehobenem Abonnement, kein Kartenverkauf, Shakespeares
Schlechtigkeit unbewußt, mit einer sozusagen noch kind¬
Schauspiel „Ein Sommernachtstraum" zur Auf¬
lichen Ahnungslosigkeit von einem Männerarm in den
führung. Es wirken mit: die Damen Kallina, Percy, Pünkösdy,
anderen taumelt, sich selber in blutige Schuld verstrickend
Wagener und Wohlgemuth, die Herren Aslan, Andersen, Blum,
und ringsum Verheerung anrichtend. Ihr Bräutigam
Häussermann, Huber, König, Lohner, Maierhofer, Schmidt,
und ihr Dichter, beide sterben um sie, und auch ihr
Dienstag,
Siebert, Straßni und Wawra. Anfang 7 Uhr.
den 26. d., wird zu erhöhten Preisen Artur Schnitzlers Schau¬
 Bruder wird ihretwegen in den Tod geschickt. In diesem
spiel „Der Schleier der Beatrice“ gegeben unter Mit¬
kleinen Mädchen lebt ein Dämon, eine Art Weibsteufel.
— Aber auch dieses Motiv ist nicht mit starkem dichterischen wirkung der Damen Aknay, Altbach, Devrient=Reinhold, Rita</Unicode>
            </TextEquiv>
        </TextRegion>
    </Page>
</PcGts>
