3436 4448
1339 168 1519 252 Bea
1933 175 2395 285 box 20//6
277 173 1790 292 14. Der Schleier der Stetrice
600 889 2976 978 britische Liberalismus erzeugte beispielsweise ui den Frei= Arbeiterführer, Juristen, Pastoren und Schriftsteller — bilden
167 970 1787 1082 Konfnzius und Die nächste Nummer der „Neuen Freie dresse“
1779 1002 2976 1075 parzer oder Hebbel herzukommen schien, als von Bauernfeld
1790 1060 2959 1128 oder Musset. Es war fünfaktig, es spielte zur Zeit der
718 1051 1460 1120 erscheint Montag nachmittags.
190 1052 648 1153 Peking.“ Von
1786 1110 2965 1169 Renaissance, es schritt in shakespearisierenden Blankversen ein¬
155 1110 412 1219 31 bis 33.
1782 1145 2968 1215 her, der Kampf zwischen einem Bentivoglio und Cesare Borgia
1791 1196 2960 1264 bildete den düster=roten Hintergrund für seine effektvoll ver¬
842 1146 1561 1285 Feuilleton.
138 1201 645 1311 apoleons.“ Von
1790 1235 2970 1297 schlungene Fabel, in die ein Herzog und ein Dichter und das
1787 1290 2959 1357 Schicksal von Bologna tiefsinnig verwoben waren. Kein
143 1278 497 1367 ser. Seite 33.
1793 1326 2965 1398 Zweifel, wäre dieses Drama von Leo Ebermann, dem hoch
1017 1316 1389 1414 Burgtheater.
148 1348 607 1458 Bluttransfusion.“
1783 1377 2969 1442 überschätzten Verfasser der „Athenerin“, wäre es vom jungen
606 1364 1795 1466 ](„Der Schleier der Beatrice“ von Artur Schnitler.)
1795 1418 2968 1490 Hofmannsthal gewesen, dessen Majorat die Renaissance war,
136 1431 296 1516 ie 27.
687 1453 1717 1512 Die Geschichte von Schnitzlers Schleier der Beatrice"
1784 1455 2970 1543 man hätte sich an die zweifellos vorhandenen dramatischen
602 1482 1785 1570 die Geschichte eines Wiener Vorurteils. Schnitzler näherte sich
1778 1516 2971 1590 Qualitäten gehalten und mit beiden Händen nach dem Stück
151 1497 609 1605 n.“ Von Walter
602 1548 1792 1611 den Vierzig, als er, vor bald fünfundzwanzig Jahren, dieses in
1772 1554 2969 1614 gegriffen. Da es von Artur Schnitzler herrührte, gab man es
618 1607 1786 1654 Makartsche Farbengluten getauchte Versstück schrieb. Er war
1783 1612 2959 1654 nach langem Zögern dem Dichter achselzuckend wieder zurück.
611 1643 1780 1723 im Burgtheater und in der Literatur kein Neuling mehr. Er
1780 1647 2966 1723 Das Vorurteil sprach dagegen; und da ein Vorurteil überall
163 1643 481 1755 eNummer:
617 1696 1785 1755 hatte die „Liebelei“ geschrieben, dieses liedhafteste unter seinen
1782 1686 2968 1748 in der Welt, ganz besonders aber in Wien, der Stadt der
615 1743 1787 1802 jungen Stücken, dessen Melodie uns immer wieder zu Herzen
1788 1742 2957 1808 Vorurteile, unwiderleglich ist — erst das nächste Vorurteil
201 1733 621 1826 „Das Heilige
619 1787 1781 1843 geht; er hatte Vermächtnis", „Freiwild“ drei Einakter,
1783 1787 2966 1853 widerlegt es — so blieb der „Schleier der Beatrice“ durch ein
182 1797 612 1902 Von Berthold
616 1811 1788 1888 deren stärkster „Der graue Kakadu“ schon als eine Art Auf¬
1770 1832 2960 1889 volles Vierteljahrhundert unaufgeführt, obwohl dieses Drama,
617 1879 1786 1942 takt zur „Beatrice“ gelten mag, er hatte den „Anatol“ und
1782 1871 2961 1956 wie kaum ein anderes seines Urhebers nach der Bühne ver¬
622 1930 1787 1982 einige seiner besten Novellen geschrieben. Sie alle bis auf den
1778 1931 2964 1990 langt, für das Theater geschaffen ist. Erst Paulsen hat, in
137 1941 606 2056 r Roman.“ Von
604 1975 1787 2040 „Kakadu“, hatten das Gemeinsame, daß sie auf Wiener Boden
1784 1977 2974 2029 diesem, wie in einigen anderen Fällen, verjährte Säumnis
604 2015 1790 2077 vor sich gingen — auch das Basel des „Paracelsus“ liegt in
1788 2024 2957 2086 gutmachend, das Werk für das Burgtheater in Aussicht ge¬
604 2065 1794 2123 Wien — und daß sie Wiener Verhältnisse, in jedem Sinne
1775 2071 2965 2154 nommen; und erst sein Nachfolger, drei Jahre später, bringt
1777 2098 2170 2183 es zur Aufführung.
615 2114 1781 2169 des Wortes, mit einem den Franzosen nachgebildeten spiele¬
137 2094 368 2205 Seite 34.
617 2140 1796 2217 rischen Ernst behandeln. Und da kam nun dieser selbe Artur
1864 2135 2956 2221 Dabei ist das so lange hinderlich gewesene Vorurteil
614 2200 1786 2255 Schnitzler, der Wiener Lebemann unter den damaligen deutschen
1786 2199 2952 2275 in diesem Falle noch viel weniger als in anderen berechtigt
136 2207 1783 2314 „Der Herr der Dichtern, und brachte dem Burgtheater ein neues Stück, das
1786 2252 2952 2317 und haftet wie in jedem nur an der Oberfläche. Der
144 2297 2952 2361 findet sich auf Seite 29. weder wienerisch noch französisch war, und weit eher von Grill= „Schleier der Beatrice“ ist nicht nur, auf seinen Urheber be¬
1627 2592 1763 2689 SIND
2148 2591 2299 2689 UnD
563 2765 756 2848 2
1924 2746 2795 2853 I. ROTENTURMSTRASSE 20.
