3436 4448
1942 185 2418 291 box 20/6
285 184 1873 309 14: Der Schleier der Beatrice
1477 692 1798 754 Kose Arbeiter
1884 699 2363 791 Der Baynho #ns #
632 707 1791 795 uni Arbeiterfrauen und unübersehbare Mengen von Zu¬
1802 753 2045 845 stürzt.
634 780 1789 843 schauern, die entblößten Hauptes den Kondukt vorbei¬
3015 787 3365 894 Das Erdbe
645 822 1002 891 passieren ließen.
1872 807 2828 907 200 Personen wurden getötet und 400 verletzt.
723 839 1793 917 Dann endlich vor dem Krematorium. Die Fenster
2960 860 3361 949 25 Quadratmeilen.
1878 892 2953 966 Tausende von Flüchtlingen kampieren auf freiem
634 898 1801 961 hell erleuchtet, das Haus selbst wie eine Flamme, klar
2948 925 3368 1024 den auf 1500 ge
1806 934 1958 1019 Felde.
640 950 1796 1010 und rein. Ordner haben den Sarg Müllers ins Kremato¬
635 985 1787 1048 rium getragen. Einen Augenblick furchtbares Schweigen,
1870 975 3365 1060 In Kinosaki brach nach den ersten Erdstößen ein 70 Millionen Yen.
2958 1104 3345 1166 lauter Renaissance.
1808 1102 2944 1166 tieferer Erwägungen hin= und hergerissen, nicht mehr weiß,
1012 1100 1418 1216 Theater.
2960 1138 3092 1207 luft,
3081 1141 3327 1212 Schönheit,
1817 1144 2949 1225 ob Sein oder Nichtsein ihm besser anstünde, überläßt er, nach
2965 1185 3363 1264 rasche Entscheidung.
1802 1190 2947 1260 Dichters Wunsch, die Entscheidung den Zuhörern. „Darf
632 1173 1788 1270 „Ja oder Nein?“ Tragigroteske von Friedrich
2954 1245 3372 1305 des Todes, jede M
1811 1246 2950 1294 Jullemann leben, ja oder nein?“ fragt Jullemann das Publi¬
1056 1250 1373 1316 Lichtnecker.
2959 1290 3357 1347 treiben's so üppig w
1807 1290 2945 1369 kum. Aber dem ist das, wie ich Jullemann versichern kann,
734 1277 1300 1374 Der Einfall ist nicht schlecht.
2967 1339 3360 1402 überhitztes Gefühl
1811 1334 2260 1419 ganz und gar Wurscht.
720 1334 1804 1423 Das Leben des in die Gemeinschaft eingegliederten
2961 1382 3365 1465 Wasser, und alles,
633 1389 1798 1469 Menschen stellt sich dar als Summe von Fiktionen. Als ein
1996 1388 2742 1476 „Der Schleier der Beatrice.“
637 1441 1804 1509 System von überbauten Heimlichkeiten, zuwidren Geltungen,
3054 1438 3376 1525 Wir blicken, zu
1890 1439 2954 1529 Der Schleier der Beatrice ist nicht nur ein richtiger
634 1502 1798 1562 lästigen Verträgen. Als Teil eines nur durch tausenderlei
2963 1491 3367 1578 gnügten Sinnen au
1808 1507 2949 1568 Schleier, den sie bei dem Dichter Filippo vergißt, sondern auch
642 1544 1795 1613 Schiefstellungen im Gleichgewicht erhaltenen Gefüges. Bricht
2964 1557 3371 1621 sind als der Gesich
1808 1562 2952 1619 Symbol für ihr Wesensgeheimnis, ein Stückchen vom Schleier
646 1601 1793 1666 ein Stein heraus, verschiebt sich das Ganze augenblicks nach
2959 1607 3374 1672 als der Leidenschaft
1806 1615 2953 1672 der Maja. Beatrice liebt den Dichter Filippo, aber sie träumt
641 1644 1794 1715 dem Gesetz der Schwere. Wer stirbt, macht Platz: die seine An¬
1797 1662 2950 1719 1 vom Herzog. Und da sie ihren Traum Filippo erzählt, sagt
2964 1661 3362 1716 fatieren, als sie ha
642 1694 1793 1764 wesenheit zur Verbiegung und Verkrümmung genötigt hat,
2957 1709 3364 1770 deren sich das Werk
1806 1700 2950 1761 sich dieser los von ihr, in Versen beteuernd, daß ihm ein so
646 1753 1796 1808 nehmen nun bequemere, natürlichere Haltung ein. Und wenn
1805 1752 2952 1807 signifikanter Wunschtraum nicht weniger gelte, denn eine er¬
2966 1758 3359 1821 Schwung. Und was
637 1794 1799 1855 der Tote, wie der Held dieser Tragikgroteske, den skurrilen
1806 1803 2950 1869 wiesene Schuld. Beatrice, die Filippo, sich selbst, die Liebe und
2956 1798 3358 1869 Notwendigkeit, so d
634 1844 1793 1896 Einfall hat, nach drei Tagen wieder zu kommen, so ist für ihn
1796 1850 2963 1915 das Leben nicht versteht, aber fühlt, daß sie so tun müsse, wie
2968 1851 3377 1915 Spiel der Lippen un
649 1892 1793 1959 gar nicht der geringste Raum mehr da. Die Reihen haben sich
1806 1902 2950 1962 sie muß, wird, durch wunderliche Fügung, des Herzogs Ge¬
2959 1897 3325 1966 wegtes Theater.
644 1937 1797 2006 geschlossen, dem Passagier, der schon ausgestiegen war und
1805 1941 2958 2021 mahlin. Nun liebt sie den Herzog, träumt aber von Filippo.
2972 1950 3353 2010 gedämpft, denn um
649 1978 1799 2063 sich's jetzt wieder überlegt hat, starrt ein unbarmherziges „kom¬
2977 2005 3358 2074 Schleier des Arthur
1805 2001 2952 2061 Vielleicht liebt sie im Herzog nur das Herzogliche, die Gipfel¬
648 2037 1798 2107 plett“ entgegen. Gesellschaftliche Ordnung geht über natür¬
1814 2043 2963 2110 existenz, den Gebietermenschen. Und in Filippo, kann sein,
3060 2054 3372 2142 Die figurenrei
648 2086 1801 2152 liche. Es ist ganz lustig, daß der einzige, der den wiedergekom¬
1804 2097 2954 2140 auch was ganz anderes als den zarten, schwermütigen Jüng¬
2962 2117 3371 2201 schen schönen Kuliss
638 2141 1797 2195 menen Jullemann (dem alle so dringend zureden, doch tot zu
1801 2138 2966 2186 ling, der er ist. Wer weiß es denn? Niemand. Mulier semper
2965 2175 3348 2247 Eine wohlerzogene,
640 2193 1801 2265 bleiben) zum Leben haranguiert, Anarchist ist, also Feind der
1799 2184 2961 2262 incerta. Niemand kennt die Frauen, auch Arthur Schnitzler
2970 2221 3365 2289 ledernen Buch steht,
638 2241 1253 2302 Ordnung und der Gesellschaft.
1816 2239 2957 2302 nicht, der sie genau kennt. Von diesem tiefen Wissen um die
2975 2260 3372 2347 laden sich, obzwar ##
736 2258 1792 2335 Herrn Lichtnecker scheint das: „Niemand ist unersetzlich“
1815 2287 2957 2352 Frau, das gar nichts weiß, liegt auf dem Haupt der
2972 2319 3366 2387 der Herzog, bewußt
638 2326 1797 2396 zu optimistisch gefaßt. Richtiger hieße es: Jeder ist irgendwie
1809 2338 2962 2395 tragisch=kindlichen Beatrice ein Abglanz. In der Hoch¬
2966 2367 3370 2437 gen, die ihm scheinb
646 2375 1796 2446 zu viel. Der Mensch lebt so dahin und hat gar keine Ahnung,
1801 2376 2962 2445 zeitsnacht geht die Helle, die Dunkle, zu dem Dichter, mit
2962 2418 3357 2481 der Situation, doch
639 2427 1798 2484 wie sehr er stört, wie heftig er fortgewünscht wird. Und meist
1811 2435 2958 2490 ihm zu sterben. Als sie den Gifttrank, der keiner ist, doch von
2972 2461 3367 2547 sichere Haltung ein
639 2474 1798 2534 ist sein bestes Erbe die Lücke, die er hinterläßt. Was aber ist
1800 2478 2961 2544 dem sie glaubt, er sei's, getrunken hat, schlägt ihr Wille zu
2971 2513 3361 2583 Ewigkeit weiß, den
1813 2531 2957 2589 leben in Flammen auf. Ach, sie steht zu Leben und Tod wie
644 2534 1133 2605 es mit der Liebe? Essig.
2977 2548 3415 2640 Andersen ist eing
1798 2568 2963 2655 zu Filippo und dem Herzog: beim einen träumt sie vom
742 2545 1800 2636 Dieses bittere, in einer derben, billigen Klextechnik hin¬
2967 2616 3365 2680 persönlich. Seine 2##
1814 2620 2967 2692 andern. Ihr Ernst noch ist geheimes Spiel, ihre Sicherheit
649 2620 1796 2679 gelegte Stück, dem Sterben nicht mehr gilt als Harlekins¬
2977 2659 3346 2731 gültigkeit und sein
1811 2677 2960 2729 ein Versteck vor'm Ungewissen, ihr Herz hat Strömung und
648 2661 1796 2745 sprung, ist so begabt wie unangenehm. Es steckt voll Ironie
2962 2708 3349 2772 geräuschlos. Solche
1805 2716 2960 2788 Gezeiten wie das Meer, und was sie lügt, ist ihre heiligste
644 2712 1803 2788 aus zweiter Hand, gefällt sich oft in einer fatalen, flauen
2973 2762 3354 2824 mütigen Zweifler j
1810 2771 2957 2837 Wahrheit. Wenn aber die Männer das Weib bei seiner Wahr¬
650 2771 1797 2827 Witzigkeit, die Lachen mit Grinsen verwechselt. Das Betrüb¬
2973 2810 3365 2870 etwas von dem Wen
1816 2815 2968 2880 heit erwischen, schreien sie Betrug. Nicht so der Herzog. An
655 2814 1797 2883 lichste ist die Kälte der ganzen Sache. Herr Lichtnecker ist zwan¬
2961 2848 3370 2928 Dichter zugeteilt ha
1812 2863 2968 2912 der Leiche Filippos, der hinging, weil es ihm schon zu kom¬
651 2882 1810 2939 zig Jahre alt. Wie unheimlich, so ein gut frappierter Jüng¬
2961 2902 3368 2975 die zartesten Töne
1818 2912 2965 2975 pliziert war, versteht der Herzog, daß er nichts versteht, und
652 2922 785 2999 ling!
2961 2947 3358 3018 sitzen. Das traun
1823 2956 2973 3036 blickt in Güte auf Beatricen. Doch ein Bruder, der es mit der
747 2938 1798 3029 Rodenbergs Regie, Scharfes verschärfend, schließt
2977 2991 3366 3066 bestimmte der Figur
1810 2998 2290 3082 Ehre hat, sticht sie tot.
655 3003 1800 3063 die Grimassen, die das Stück dem Leben und dem Tode schnei¬
2976 3050 3359 3116 manifest, dem Todes
1906 3061 2965 3121 Diese verschwebende Beatrice, so fern jedem, dem sie
643 3059 1802 3116 det, zu grotesken szenischen Figuren zusammen. Den Julle¬
2974 3103 3363 3158 tischen, nur etwas I
1806 3101 2967 3164 nahe, ist ein poetisches Geschöpf, lichtdurchlässig und undurch¬
656 3107 1800 3173 mann packt, zerwindet, höhnt und stöhnt Herr Forest — im
2978 3143 3358 3217 wehrlose Hingegeben
1809 3158 2965 3218 schaubar, eine Nachtwandlerin am Tage, schuldlos schuldig,
659 3145 1810 3222 „Kleinen Theater“ — mit aller Verbissenheit, mit der er sich
2976 3202 3362 3265 Sozusagen: das eig
1820 3205 2967 3263 spielend in der Wellen Tanz, bereit, der Liebe das Leben hinzu¬
653 3206 1812 3264 in solche Tag=Gespenster=Rollen hinein= oder sie aus sich
2958 3244 3249 3327 im Passiven.
646 3262 2963 3335 herausquält, Da er zum Schluß, vom Wirbel flacherer und  geben, und es doch mehr liebend als die Liebe. Um sie aber ist
940 3375 1354 3616 Kunc
899 3572 1133 3785 74
1656 3649 1792 3796 4
