3484 4448
1141 114 2265 171 Will ich das heutige steratische Wien ganz frz chulsl¬
1036 149 2265 204 terisiren sollte, einfach durch die Nennung einiger hervorstechen¬
1051 193 2266 250 der Namen, so würde ich sagen: Hugo v. Hofmannsthal, J. J.
1046 235 2273 286 David, Arthur Schnitzler. Hofmannsthal ist der künstlerisch am
1049 254 2285 339 meisten durchbildete von den Dreien, in J. J. David verkörpert
1050 309 2275 364 sich so etwas wie eine klassische Tradition, bei Schnitzler
942 321 1035 408 Für
1058 344 2349 405 ist das Wienerthum am reinsten ausgeprägt. Er hat in einenive
1044 370 2321 452 kleineren Schauspiel, „Liebelei“ dem Besten, was er bisher der
1042 424 2332 480 Bühne gegeben hat, das wienerische Wesen in glücklicher Weisear
1045 459 2369 530 eingefangen, er hat ein Buch Dialoge, reich an der entzückend= aus.
1045 509 2261 547 sten wienerischen Grazie, geschrieben, und auch in seinen No¬
1040 546 2391 599 velletten zeigt sich dieser feine, prickelnde Geist, der an Lannerschet das
936 598 2388 654 Abl Walzer denken läßt und an süße, ein bischen sentimentalischeis den
938 629 2278 662 Abe Liebe. Diese kleinen, leichtfüßigen, poetisch verklärten Sachen
1035 653 2278 702 sind Schnitzkers Stärke. Nun aber kommt er uns plötzlich
1040 695 2383 765 pathetisch. Der Ruhm Hofmünnsthals hat ihn vielleicht nicht d die
940 754 2381 811 Int schiafen lassen. Er hat sich in die großen historischen Stimmmis gen¬
1005 793 2380 845 gen der italienischen Renaissance zurückversetzt und uns ein ung")
949 823 2395 873 wo langes, allzulanges Drama, „Der Schleier der Beatrice", ge= tliche
1038 854 2403 928 schrieben. Das Stück ist nicht mehr ganz jung. Es ist schon vor Mit¬
935 855 1030 914 Lel
1051 902 2273 940 zwei Jahren in Buchform erschienen und wurde uns schon in der
937 906 1026 962 the
1043 934 2271 973 vorigen Saison auf der Bühne des Deutschen Theaters ver¬
1042 973 2277 1019 sprochen. Nun endlich, da auch diesmal schon die richtige Pre¬
1044 1018 2279 1075 mierenzeit eigentlich vorüber ist, ist es über die Szene gegangen.
1037 1049 2271 1101 Herr Brahm scheint keine großen Hoffnungen auf dieses Stück
1040 1093 2276 1134 gesetzt zu haben, und, wie es scheint, mit Recht. Das Publikum
1027 1134 2265 1179 nahm das Drama unter ziemlich heftigem Widerspruch hin,
1036 1173 2279 1221 wenn auch der Freunde des Dichters genug waren, so daß sich
1025 1208 2098 1252 der Dichter mehrfach an der Rampe verbeugen konnte.
2134 1211 2272 1266 Was
998 1246 2288 1322 1den Inhalt anlangt, so ist er unendlich seltsam, verzwickt und!
991 1291 1549 1371 e: Verlag und Druch: D—
1006 1347 2270 1400 im Grunde recht wenig sympathisch. Wir sind in Bologna, zu
1016 1396 2268 1444 Anfang des 16. Jahrhunderts. Die Stadt wird von den
1025 1440 2272 1495 Herren des Cesar Borgia bedroht; an der Spitze der Stadt steht
1020 1477 2264 1534 Herzog Lionardo Bentivoglio. Ein Dichter, Filippo, dem Herzog
1011 1521 2272 1559 befreundet, und verlobt mit einem bologneser Edelfräulein, lernt
1019 1552 2264 1619 plötzlich ein schönes Bürgerkind, die Beatrice, kennen, und wird
1015 1597 2267 1641 von so heftiger Liebe zu ihr ergriffen, daß er die Braut bedenken¬
1023 1635 2280 1692 los preisgiebt. Beatrice besucht ihn in seinem Garten, ohne daß
1016 1672 2265 1735 ein Anderer es ahnt; aber da sie am dritten Tage zu ihm kommt,
1014 1711 2293 1787 Lerzählt sie ihm in einer so überirieben schwärmerischen Weise von
1007 1761 2263 1803 einem Traume, in dem sie die Gattin des schönen Herzogs war,
1020 1796 2272 1854 daß Filippo, über die Oberflächlichkeit ihrer Gefühle plötzlich auf¬
1007 1829 2269 1887 geklärt, sie gehen heißt, auf Nimmerwiedersehen. Sie geht,
1011 1867 2272 1922 weinend, und da ein Jüngling, der schon lange vergebens um sie
1017 1911 2280 1955 geworben, an diesem Tage sie noch einmal bittet, sein Weib zu
1016 1945 2270 1990 werden, sagt sie Ja und will ihm umgehend in die Kirche zur
1006 1983 2269 2025 Trauung folgen, denn Borgka ist mit unermeßlichen Truppen vor
1002 2015 2258 2088 1die Stadt erückt, und wer weiß, ob man den folgenden Tag noch
1003 2051 2263 2124 erleben wird. Auf dem Gange zur Kirche begegnet das Paar
1012 2096 2262 2157 dem Herzog Lionardo. Das Mädchen ist sprachlos vor Entzücken,
1015 2135 2259 2196 da sie den schönen Helden ihres Traumes erblickt, und auch den
1007 2164 2261 2245 Herzog überkommt es wie ein Rausch bei ihrem Anblick.
1009 2224 2104 2276 Er will sie zu seiner Geliebten machen,
2098 2228 2256 2279 aber
1014 2247 2262 2319 sie verlangt kühn, daß er sie zur Herzogin erhebe.
1017 2296 2256 2343 Er thut es, ihr Bräutigam ersticht sich in Scham und Schmerz,
1013 2325 2264 2398 und die Trauung findet umgehend statt. Nun kommt das
1017 2371 2248 2436 Wunderbare. Während ganz Bologna feiert, schleicht sich
1016 2406 2259 2476 Beatrice aus dem festlich durchschwärmten Parke ihres jungen
1010 2449 2250 2515 Gatten heimlich fort zu Filippo, zu dem sie plötzlich eine namen¬
1008 2484 2259 2542 lose Sehnsucht überkommt. Sie will mit ihm sterben, da kein
1012 2534 2251 2599 anderer Ausweg ist, aber sie ist zu feig dazu. Er nimmt Gift
1015 2566 1411 2621 (man merke wohl:
1407 2577 2252 2633 er ist ein Dichter und verschwärmt die
1006 2607 2251 2674 Beatrice) und stirbt vor ihren Augen. Sie flieht zurück in die
1013 2642 2245 2714 Arme ihres Gatten Lionardo (1), verliert aber dabei ihren kost¬
1005 2686 2242 2749 baren Schleier in Filippos Gemach. Lionardo vermißt den
1003 2728 2250 2792 Schleier; sie versucht erst, zu lügen, aber da er sie mit dem Tode
998 2750 2245 2826 bedroht, vor dem sie eine kindische Angst offenbart, und ihr bei
1005 2809 2252 2871 Vermeidung der gräßlichsten Marter befiehlt, sie an den Ort zu
995 2841 2237 2907 führen, wo sie den Schleier verloren habe, geht sie mit ihm in die
1006 2883 2235 2948 Wohnung des Filippo, wo sie nun gemeinsam den Schleier und
1001 2919 2232 2973 die Leiche des Dichters finden. Das Volk drängt nach. Unter
1007 2958 2233 3027 ihm ist der Bruder Beatrices. Er stößt der verruchten Schwester
997 2993 1866 3063 den Dolch ins Herz. Das ist das Ende.
1957 3009 2237 3071 Man sieht,
993 3040 2230 3110 wie fanatisch und in hohem Grade unwahrscheinlich diese
991 3083 2229 3144 Geschehnisse sind. Diese Heldin ist nichts als Wankel¬
995 3117 2228 3176 muth, Eitelkeit, Feigheit und Schwäche. Sie hat gewiß nichts
991 3161 2235 3221 Sympathisches an sich, aber auch die Möglichkeit einer solchen
986 3197 2226 3247 Figur ist stark zu bezweifeln, und gewiß ist diese Beatrice keine
996 3238 2225 3286 Gestalt für die Bühne. Man weiß nicht, was man aus ihr
989 3277 2229 3339 machen soll. Soll sie das Weib an sich darstellen, etwa wie die
979 3326 2237 3365 Luln in Wedekinds Erdgeist? Dazu sind die Umrisse nicht stark
986 3349 2227 3418 genug, dazu ist das Typische nicht genügend betont. Es ist eine
982 3394 2229 3454 Gestalt, die in der Luft schwebt, die man nicht zu preisen weiß
978 3428 2215 3490 und die mitunter geradezu peinlich berührt. Mit Filippo steht
975 3458 2222 3528 es nicht viel besser, wenn auch hier schon etwas mehr wie ein
977 3514 2222 3573 Charakter vorhanden ist. Aber auch er ist stark von Wankelmuth
982 3545 2223 3603 und Launen beherrscht (man muß immer wieder betonen, er
990 3585 2216 3650 ist ein Dichter) und im Grunde nicht viel mehr
967 3614 1431 3683 sals ein Schemen.
1446 3620 2217 3697 So mußte man das Theater,
990 3664 1921 3715 wenn man auch einige schöne und
1953 3674 2101 3730 stark
2097 3674 2223 3728 be¬
980 3703 2224 3756 wegte Szenen gesehen hatte, mit getheilten Gefühlen
979 3743 2211 3801 verlassen, und mit dem aufrichtigen Wunsche, daß Schnitzler
973 3772 2217 3839 wieder zu seiner alten Note zurückkehren möge. Er soll sich be¬
978 3816 2214 3885 scheiden. — Gespielt wurde im Allgemeinen gut. Rittner und
982 3880 2221 3922 Fräulein Triesch (besonders diese) thaten sich in den Hauptrollen
961 3915 2210 3960 hervor. Herr Kayßler gab den Herzog mit Anstand und Würde.
978 3938 2225 3997 Erwähnt sei Herr Meinhard, der die Episodeurolle eines alten
962 3977 1763 4032 Giftmischers ganz vorzüglich verkörperte.
