3484 4320
1931 178 2428 272 box 20/4
320 205 1836 293 14. Der Schleier der Beatrige
2515 1076 2649 1157 143
1488 1072 2234 1169 F. Lienhard, Vom deutschen Theater
2185 1091 2511 1216 BAA
1193 1116 1961 1236 Pe
1075 1180 2670 1280 geratene Zerrbilder; kir sehen zu viel bewußte Gemeinheit. Schade um manche
1076 1271 1635 1340 treffende Einzelbemerkung!
1188 1279 2662 1392 Ein Komponist wird von einer Zeitungsredaktion befehdet aus ganz per¬
1079 1354 2657 1442 sönlichen Ursachen und Verkettungen: er hat die Gattin des Chefredakteurs, die
1081 1408 2656 1496 „auch singt“, abgelehnt und wird dafür flott „verrissen". Ob das vorkommt?
1069 1461 2662 1527 Die Wissenden schweigen. Und nun entspinnt sich ein Kampf zwischen Künstler
1076 1521 2658 1590 und Revolverpresse, ein umständlich dargelegtes, zu wichtig genommenes und
1075 1571 2655 1659 daher peinliches Scharmützel, in dem die alte Mutter des Künstlers bittere
1081 1630 2664 1705 Tränen vergießt, in dem der Künstler stöhnt, in dem endlos viel — Worte,
1078 1676 2658 1750 Worte, Worte ins Publikum geworfen werden. Eine warme, menschlich schöne
1093 1734 2659 1816 Szene dringt endlich in diese vielen Auseinandersetzungen: ein Mädchen, das
1080 1795 2666 1867 den Komponisten verehrt, bringt ihm Blumen und einige innige Worte. Das
1081 1851 2667 1916 tut uns wahrhaft wohl nach soviel Zank. Schließlich siegt der Künstler mit
1083 1912 1609 1993 einer erfolgreichen Oper.
1215 1931 2671 2039 „Siegt?“ Ist nun das Wesen der Preßbande innerlich besiegt? Ist das
1090 2010 2673 2088 Thema überhaupt an der Wurzel angefaßt? Haben wir bedeutende seelische
1091 2073 2676 2137 Entwicklungen gesehen? Hat solcher Kleinkampf überhaupt mit dem Wesen des
1089 2112 2668 2191 Künstlertums und jenes schlechte Verhalten mit dem Wesen des Journalismus
1090 2174 2676 2241 als solcher zu tun? — Nein, es war ein winkelhaftes Gehader. Dergleichen
1096 2229 2676 2293 Mückenstiche, die schnöden Kritiken, verärgern zwar in der Tat den Künstler und
1085 2271 2689 2359 den Schaffenden — aber so tragisch sind sie bei unserer heutigen Vielschreiberei
1156 2335 2683 2423 n doch nicht. Solche Blätter wirft man allenfalls an die Stubendecke, läßt
1103 2390 2685 2464 sie wieder auf den Boden klatschen, wandelt etliche male pfeifend oder singend
1111 2431 2689 2516 Bezüber hin und her, spielt sich am Klavier das Herz leicht und — schafft
1084 2490 2689 2580 weiter. Ja, die meisten Schaffenden lesen solche Blätter und solche Kritiken
1097 2559 1506 2650 überhaupt nicht.
2484 2578 2680 2660 Die oben
2456 2647 2684 2735 Aluß das
1099 2671 1266 2738 abged
1398 2627 2462 2751 0 P
2486 2710 2687 2768 werden,
1099 2732 1247 2815 alles
1555 2718 1841 2819 +0
2484 2753 2702 2842 rei noch
1103 2782 1264 2853 mit ü
1105 2797 1442 2922 psocht □
1413 2792 2292 2942 P
1232 2933 2683 3003 Mit einem viel feineren Maße will der Wiener Arthur Schnitzler gemessen
1111 2988 2676 3059 werden. Sein lang umstrittenes Buchdrama „Der Schleier der Beatrice“
1123 3054 2700 3119 ist nun im „Deutschen Theater“ endlich zu einer etwas nüchternen Aufführung
1118 3105 2237 3183 gekommen, mit mäßigem Erfolg, nicht unwidersprochen.
1239 3140 2690 3219 Schnitzler ist eine überaus künstlerische, eine sorgfältig denkende, an seinem
1123 3198 2700 3265 Werk geradezu tüftelnde Natur. Dazu kommt ein arg Stück Wienertum, insofern
1113 3254 2697 3338 das Sinnlich=Weibliche immer wieder im Mittelpunkt steht und — insofern auch
1129 3306 2708 3386 mit den Problemen der Erotik der Dichter tüftelt, buhlt, spielt, bald geistreich,
1120 3379 2711 3455 bald schwerer, wie in dem genannten fünfaktigen Kostümstück aus dem Bologna
1111 3439 1481 3513 der Renaissance.
