3436 4448
1347 95 2191 159 Ture 1I. ae upo, KTI
2219 140 2274 188 #
1337 147 2208 194 ne, ma venticinque anni addietro li anda¬
1346 182 2277 238 va ancora ricercando attraverso ai varl pae-n
1338 207 1874 269 si e risalendo nei templ.
1367 244 2269 297 Il velo di Beatrice ci porta all’inizio delr
1347 280 2211 323 1500 in Bologna, sotto la Signoria dei Ben¬
1342 323 2220 368 tivoglio, ed offre modo all’autore di darci
1353 359 2216 405 un'ottima riproduzione d’ambiente e di vita
1346 398 1991 435 di quel periodo storico italiano.
1376 412 2260 457 II poeta Filippo Loschi attende nel proprior
1337 462 2195 500 giardino Beatrice Nardi, giovinetta di fami¬
2214 458 2260 508 1
1349 498 2267 554 glia del popolo, che gli é apparsa nella sua
1341 530 2202 581 grazia di fanciulla sedicenne, e lo ha ac¬
2216 547 2271 585 a
1338 562 2266 622 ceso di profonda passione. Poiché rifinta,
1341 597 2218 644 per il dolce appuntämento, un invito di Leo¬
2213 622 2252 663 t
1340 625 2204 677 nardo Bentivoglio, il Signore di Bologna che
2217 658 2253 702 F
1344 666 2208 716 vuol conoscerlo di persona, egli fa appron¬
1354 690 2265 739 tare i cavalli per fuggire con la fanciulla i
1337 725 2200 772 lontano da Bologna verso altri paesi, nel
2221 742 2263 784 p
1335 759 2204 821 timore del risentimento del Duca. Beatrice
2219 778 2276 822 C
1349 803 2204 843 giunge, timorosa, infantilmente inconscia,
2219 818 2281 862 m
1333 836 2204 879 essere delicato che confonde sogno e realtä
2221 846 2275 903 m
1346 877 2196 915 e che appare subito bisognosa di un brac¬
2210 892 2279 938 zi
1337 901 2198 953 cio virile che la guidi e di una spalla su
2213 929 2272 976 di
1341 935 2200 974 cui posare la testolina bionda. Come un gio¬
1343 972 2276 1023 co, ella accetta di fuggire da Bologna, Iim
1335 1009 2208 1055 padre suo é pazzo, la madre ama farsi cor¬
1344 1035 2286 1093 teggiare, la sorella l’odia per la sua bei-S,
1341 1076 2200 1118 lezza; solo Francesco, il fratello, l’ama e
1341 1105 2206 1149 la difende. E a Filippo, Beatrice ingenua¬
1342 1125 2283 1188 mente racconta un suo sogno, una dolce i1-81
1334 1176 2291 1223 lusione; ha sognato di essere piaciuta allst
2206 1196 2291 1262 In
1329 1212 2206 1255 Duca Bentivoglio, di essere stata baciata da
1338 1247 2209 1294 lui e scelta a sposa. Dell’entusiasmo col qua¬
2220 1283 2283 1326 te
1335 1266 2198 1322 le Beatrice gli narra questo sogno Filippo
1336 1311 2188 1352 ha ribrezzo, e scaccia Beatrice, che se ne
2223 1318 2276 1360 U
1342 1345 2183 1387 va piangendo, inconscia di aver pensato
2220 1349 2295 1407 se
1336 1379 2190 1420 detto alcun che di male. Vittorino Bonaldi,
2215 1394 2286 1442 gt
1327 1410 2200 1452 un bravo giovane lavoratore di cesello, ama
2212 1432 2286 1479 m
1328 1436 2204 1489 Beatricee la chiede in isposa: Beatrice ac¬
1341 1462 2282 1518 consente. Mentre si avviano alla chiesa, pas. He
1336 1514 2290 1553 sa cogli amiei il Duca, e gli occhi suoi si 26#
1334 1549 2193 1593 incontrano con quelli della fanciulla, II ma¬
2222 1546 2278 1603 SC
1345 1585 2192 1625 trimonio va a monte, Vittorino si uccide o
2213 1590 2275 1633 D
1336 1618 2282 1681 Beatrice, pur nella sua infantilità, ha un m.
1340 1650 2273 1701 lampo di scaltrezza: per seguire il Benti-el
1334 1692 2175 1733 voglio vuol essere Duchessa di Bologna.
1330 1708 2256 1788 Duca acconsente. Cesare Borgia assedia Bo-1
1336 1755 2271 1820 ogna e all'’indomani vi sarà flera battaglia;
1330 1789 2199 1836 sia l'ultima notte una notte di nozze, di gicia,
1322 1822 2257 1874 di gaudio, abbia Bologna come Sovrana lu7
1334 1851 2254 1908 giovane e bella figlia del popolo. E cosi 111s
1332 1880 2264 1941 Duca conduce Beatrice al rito nuziale in-#
1338 1923 2254 1987 nanzi al Cardinale in San Petronio. Filippop
1334 1963 2227 2001 Loschi — che ha cercato invano, in una se¬
1345 1996 2266 2064 rata di gozzoviglie, di cancellare il ricordo!
1337 2027 2206 2080 di Beatrice — nel mezzo della notte ode la
1329 2070 2266 2117 voce di lei: é difatti Beatrice che viene alte
1329 2087 2268 2153 lui in abito e velo di nozze. Perché? Sensol d.
1333 2128 2275 2181 d’amore misto a incoscienza femminile. Fi-gl
1334 2161 2271 2212 lippo sottopone la fanciulla, che nelle suesmn
1340 2203 2269 2260 espressioni amorose gli dice di voler morirelel
1334 2238 2194 2280 con lui, ad una prova. Fra le braccia di Fi¬
1328 2259 2196 2318 lippo beve con lui una tazza, ma quando
1336 2306 2200 2345 questi le dice che conteneva veleno, Bea¬
1326 2335 2200 2387 trice urla il terrore della morte e il suo amo¬
1330 2378 2202 2410 re alla vita. Ma non era che una prova:
1328 2398 2198 2461 Beatrice ha bevuto soltanto una tazza d’ac¬
1328 2444 2197 2476 qua, Senonché Filippo ne se abbastanza: é
2207 2461 2265 2511 te
1328 2474 2191 2527 veleno invece quello che allora egli beve e
1331 2500 2246 2562 che gli dà morte fulminea. Beatrice non cre¬#
2200 2540 2260 2596 I
1330 2548 2198 2602 de alla morte di Filippo, cerca rifugio nelle
1329 2580 2182 2631 sue bruccia, ma la morte non é un gioco.
2208 2585 2248 2622 S
1322 2603 2252 2670 La giovanetta fugge atterrita dalla casa, dove 8
1328 2648 1992 2704 dimentica il velo che l’adornava.
1347 2680 2258 2739 Intanto, a palazzo Bentivoglio si cerca la
1331 2719 2197 2774 sposa. II Duca fa sospendere le danze, fa ar¬
1323 2748 2248 2830 restare i familiari della fanciulla, impreca
1329 2792 2184 2850 e minaccia. Beatrice ritorna, e candidamen¬
2192 2822 2261 2869 n
1310 2798 2183 2877 te dice di essere stata in chiesa a pregare.
2202 2857 2257 2906 8.
1319 2857 2179 2909 Tutto sembra rasserenato. Ma dov’é il velo?
1310 2871 2190 2946 Beatrice non vuol dirlo.  Ritorna col velo e
1319 2926 2252 2974 sarai perdonata; le dice il Duca, ma ellard
1311 2957 2188 3015 ha terrore di ritornare nella casa del morto.
2195 2972 2250 3019 ci
1318 2989 2189 3050 Alla minaccia della tortura, chiede al Duca
2195 3012 2260 3064 n.
1314 3028 2191 3086 di accompagnarla sorreggendola forte; e nel¬
1315 3069 2172 3119 la notte Beatrice conduce il Duca nella casa
2198 3093 2254 3136 21
1322 3091 2188 3152 di Loschi a lui completamente ignota. Nella
1320 3132 2259 3188 stanza c’éil velo, ma c’é anche il morto. 111lo
1310 3158 2264 3214 Duca crede dapprima che quegli sia l’aman-tu
1318 3198 2185 3255 te di Beatrice sconciamente aldormentato.
2187 3210 2246 3254 al
1310 3238 2167 3291 e lo affronta, ma rabbrividisce alla vista del
2184 3245 2253 3302 13
1312 3268 2171 3326 cadavere. Da amici sopraggiunti apprende
2190 3293 2246 3341 a
1320 3300 2165 3354 che si tratta del Loschl, il pocta che egli
1318 3328 2173 3392 ammirava e che voleva suo amico, morto
2182 3372 2250 3416 60
1322 3371 2171 3425 per la sua sposa. Lo ricopre allora pietosa¬
1312 3404 2174 3468 mente col suo mantello.  Beatrice — Osser¬
1317 3442 2179 3493 va il Duca — chiedeva agli uomini di esser¬
2192 3445 2246 3497 fl
1310 3471 2180 3534 le balocchi, e gli uomini le chiedevano e in
1308 3508 1873 3564 lei credevano un mondol .
1325 3545 2172 3594 Beatrice si avvicina al marito incerta, con¬
1318 3581 2230 3636 fusa, gli si aggrappa come per chiederglis1
1299 3624 2231 3698 Laiuto e protezione, poi gli chiede di darlei;
1303 3649 2166 3706 Ia morte. Ma un Bentivoglio non uccide una
2179 3682 2222 3731 8
1304 3689 2178 3746 donna; ed & Francesco, allora, il fratello
1314 3730 2171 3778 amato, che le pianta il pugnale nel seno.
1310 3754 2180 3803 Essa cade sul corpo di Filippo. II suo velo
1311 3794 2178 3852 di sposs vien steso sui due cadaveri. II.
1298 3805 2226 3889 Duca ordina che siano degnamente entram-
1298 3852 2086 3917 bi sepolti nella tomba dei Bentivoglic.
1334 3891 2178 3951 Lavoro, come si vede, tragico; ma non com.
1298 3898 2182 3985 muove. Non & commozione in un dramma in.
1300 3948 2183 4032 tornosad una donna che manca di ogni pas¬
1286 3989 1500 4032 sionalità.
1548 4051 2040 4129 ruare sanza päbe v.
