3392 4224
299 168 467 243 14.
1958 173 2412 271 box 20/2
463 179 1904 255 Der Schleier der Reatrice
395 460 753 538 Aussch.
416 600 903 705 von 10/##e
1638 768 2807 844 jagt sie fort! Ihm ist die geträumte Untreue so viel wie die
818 766 1270 871 Feuilleton.
1638 814 2032 883 wirklich begangene:
1760 846 2519 920 „Doch Träume sind Begierden ohne Muth
1745 910 2570 962 Sind freche Wünsche, die das Licht des Tags
625 883 1409 974 „Der Schleier der Beatrice.“
1759 954 2473 1008 Zurückjagt in die Winkel uns’rer Seele,
506 958 1594 1039 (Zum erstenmale aufgeführt im Lobe=Theater zu Breslau.)
1756 985 2565 1049 Daraus sie erst bei Nacht zu kriechen wagen:
1752 1035 2602 1087 Und solch ein Traum, mit ausgestreckten Armen,
926 1028 1613 1094 „Ich glaube, nur das Burgtheater
1759 1072 2480 1127 Sehnsüchtig läßt er, durstig Dich zurück.
951 1073 1427 1138 kann dieses Stück spielen.
1752 1102 2560 1165 So wenig warst Du mein, daß, schlossest Du
1104 1114 1592 1183 Dv. Pauh Schlenther.
1754 1142 2476 1215 Die Augen, Deine Seel' auf Abenteuer
558 1159 1618 1232 Dieses neue Stück von Arthur Schnitzler ist nicht mit
1757 1184 2156 1235 Ausfliegen konnte..
471 1219 1624 1273 wienerischen Accenten poctisch. Und die eleganten, jungen
1746 1216 2564 1281 Ich, der Dir so viel gab, als Du nicht ahnst,
469 1267 1625 1314 Leute unserer Stadt treten darin nicht mehr zu jenem
1754 1267 2494 1320 So viel, daß meiner Liebe werth zu sein.
1746 1304 2497 1357 Dich Ekel fassen müßte, wenn Du denkst,
473 1299 1622 1351 Liebesreigen an, der sich sonst bei Schnitzler nach der Grund¬
1761 1341 2472 1395 Es leben and're Männer in der Welt:
469 1354 1625 1397 melodie Strauß'scher Walzer graziös bewegte: mit nach¬
1757 1367 2573 1422 Und Du willst, daß gefäll'gem Ehmann gleich
466 1382 1621 1438 denklichem Frohsinn, oft und gern melancholisch und mit
1749 1411 2553 1466 Ich fremden Kuß von Deinen Lippen trinke,
474 1446 1627 1490 einer gelegentlichen Neigung zum Tragischen. Nicht
1756 1457 2574 1521 Und kommst daher als Dirne Deines Traums!
1518 1477 1627 1530 dem
1005 1475 1489 1534 der Sehnsucht nach
473 1471 966 1537 mehr Erlebnisse mit
1751 1492 2054 1563 Geh', Beatrice!
469 1520 1625 1575 Leben. Ueberhaupt: nach der Formel „Schnitzler—
1723 1527 2780 1617 Und Beatrice geht. „Als schwebte sie davon!“ Einfach
917 1564 1608 1618 läßt sich „Der Schleier der Beatrice“
467 1555 915 1624 Vorstadt—süßes Mädel“
1634 1590 2783 1636 nach Hause, wo vor dem Laden ihres Vaters das aufgeregte
929 1606 1622 1663 ist wohl, neben anderen Gründen
474 1606 917 1666 nicht decliniren. Das
1634 1634 2773 1701 Volk sich drängt. Denn der Herzog ist auf einem Rundgang
479 1640 1615 1701 schlimmerer Art, mit ein Grund gewesen, warum dieses
1632 1682 2779 1738 durch die Stadt begriffen. Man sagt, er werde diese Nacht
467 1693 1625 1747 Werk hier so vielen Schwierigkeiten begegnete. Denn die
1634 1732 2777 1774 das schönste Mädchen in Bologna zu sich auf's Schloß be¬
467 1740 1616 1792 meisten Menschen mögen es nicht leiden, wenn Einer aus
1636 1770 2776 1812 scheiden. Da eilt Beatricens Bruder, Francesco, herbei. Er
465 1789 1618 1839 dem Paradigma seiner Art heraussteigt, aus dem Ressort,
1637 1824 2785 1874 ist Soldat geworden. Der Mutter Treiben hat einst den
467 1828 1618 1887 das sie ihm angewiesen haben, entwischt. Damit stört er ihre
1630 1865 2781 1916 Vater verrückt gemacht, Rosina ist nach der Mutter
465 1867 1616 1938 Eintheilung und scheucht ihr Urtheil aus der Ruhe. Und sie
1643 1906 2783 1959 gerathen. Der verbitterte Francesco aber möchte
470 1925 1623 1975 lieben es, ruhige, gefestigte Urtheile zu haben. Die End¬
1642 1949 2775 1996 Beatrice in sich'rer Obhut wissen und dringt in sie,
478 1960 1615 2010 giltigen sind lieblos gegen die Entwicklung, aus Ordnungs¬
1646 1987 2788 2056 den jungen Vittorino zum Manne zu nehmen, der
469 1998 1619 2050 sinn und aus Bequemlichkeit. (Lauter milde Worte für den
1643 2027 2785 2104 sie leidenschaftlich liebt. Und Beatrice willigt ein; wie
464 2054 1617 2103 Mangel an Verständniß.) Schnitzler hätte noch viele Wiener
1633 2078 2777 2146 sie auf Filippo's dringende Worte einwilligte, ihn zu ver¬
476 2089 1622 2141 Stücke schreiben können — er wäre ihnen mit jedem immer wieder
1645 2124 2774 2167 lassen, wie sie in ihrer völligen Passivität in Alles willigt.
457 2135 1624 2204 „willkommen gewesen. Eine zweite, eine dritte Christine, eine
1635 2167 2786 2217 Schon will sie mit dem überglücklichen Vittorino zum Trau¬
466 2177 1614 2225 vierte, eine fünfte Schlager=Mizzi ... anerkannte Marke ...
1636 2211 2783 2256 altar, da begegnet sie dem Herzog. Bentivoglio hat eben die
465 2226 1621 2275 ein zehnter Anatol . in hoc signo..! Viele machen's ja
1640 2254 2787 2310 Nachricht erhalten, daß der von ihm verehrte Dichter Filippo
469 2267 1622 2333 so, und wenn man einmal in einem bestimmten Genre Glück
1643 2296 2784 2354 seine Einladung ausgeschlagen, er hat eben vernommen, was
468 2310 1626 2371 gehabt hat, ist es gewiß praktisch, sich nach eigenem Muster
1638 2338 2781 2401 das Volk sich erzählt, von dem schönsten Mädchen Bolognas,
472 2352 1613 2401 fortzusetzen. Schöner allerdings ist es, sich zu entfalten und
1636 2380 2778 2426 das heute auf's Schloß soll — und er sieht Beatrice. Von
465 2395 1612 2455 zu entwickeln. Nun hat sich Schnitzler auf dem Stoffgebiet,
1635 2421 2782 2476 ihrer Schönheit ergriffen, bleibt er stehen. Ward ihm der eine
471 2431 1612 2485 auf dem ihm seine ersten Erfolge wuchsen, nicht behaglich
1628 2471 2784 2513 Wunsch, einen bewunderten Mann kennen zu lernen, aus
465 2479 1611 2540 seßhaft gemacht. Er zwang seine Kräfte nicht, die Wiener
1628 2514 2775 2557 unbegreiflichen Gründen verwehrt, so wird ihm vielleicht der
467 2526 1622 2583 Scholle immerfort zu bebauen, blos weil da in Sommern, die
1634 2558 2782 2625 andere, ein schönes Weib in dieser Nacht, die möglicherweise
458 2571 1620 2631 nun verflossen sind, seine Ernte ergiebig gewesen. Als es ihn
1637 2604 2787 2663 die letzte seines Lebens ist, zu umarmen, erfüllt. Und er ladet
465 2611 1617 2666 fort trieb, ging er fort. Aus Wien, aus der Gegenwart und
1631 2636 2775 2701 Beatrice zu sich auf's Schloß. Diese aber, von ihrem Traum
465 2659 1609 2716 aus der naturalistisch geschulten Prosa. Sein „Schleier der
1640 2686 2779 2742 befangen, sagt kühn: „Die herzogliche Schwelle betret' ich
462 2710 1610 2776 Beatrice“ spielt in Bologna, zur Zeit der Renaissance, und
1640 2729 2780 2794 nur als Herzogin!“ Und Bentivoglio, der Jugendliche, der
460 2749 965 2820 ist in Versen geschrieben.
1626 2775 2777 2820 Freie, der das Seltsame und das Freie liebt, nimmt Veatrice
553 2777 1609 2847 Der Dichter Filippo Loschi in Bologna, jung, genial
1636 2822 2776 2876 zum Weibe. Cesare Borgia wartet draußen vor dem Thor
470 2832 1614 2879 und berühmt, ist mit der Schwester seines Freundes Andrea,
1630 2863 2773 2923 mit zehnfacher Uebermacht. Wenn es morgen kein Bologna
466 2875 1607 2922 mit der Gräfin Teresina Fantuzzi verlobt. Andrea weilt
1630 2914 2779 2964 und keinen Bentivoglio mehr gibt, was liegt dann noch daran,
466 2924 1612 2974 im Gefolge des Herzogs von Bologna zu Gast bei den Bor¬
1627 2955 2778 3006 wer eine Nacht lang Herzogin gewesen. Der arme Vittorino
459 2976 1614 3024 gia in Rom. Inzwischen hat es sich ereignet, daß Filippo,
1630 3000 2776 3065 aber, so nah' am Ziel, vom Glück getäuscht, stößt sich einen
464 3020 1608 3066 der mit seiner Braut am Krankenlager ihrer Mutter wachte,
1633 3035 1971 3099 Dolch in's Herz.
461 3060 1617 3109 von seiner Jugend, seiner Leidenschaft hingerissen, Teresina
1717 3079 2777 3145 Filippo hat den Abend mit Dirnen verjubelt. Gleich
465 3098 1613 3148 noch vor ihrer Vermählung zu besitzen verlangt. Ein Liebes¬
1631 3122 2777 3169 nachdem Beatrice fort war, sind die beiden Florentiner
468 3142 1616 3194 ransch, eine Aufwallung, geschürt vom Zauber einer milden
1629 3162 2771 3233 Dämchen in sein Haus gedrungen. Da liegen sie nun ein¬
461 3180 1616 3247 Frühlingsnacht. Teresina hat ihn zurückgewiesen und Filippo
1632 3218 2775 3268 geschlafen, wie die Musikanten, die zum Mahle aufgespielt
469 3228 1607 3281 ist in heftiger Bewegung davongestürmt, hinaus vor die
1625 3263 2770 3306 haben. Filippo weckt sie. Er will sie los haben: „Heisse
453 3271 1606 3330 Thore Bolognas, wo eben ein Volksfest gefeiert wird, das
1622 3293 2781 3361 Trunkenheit, Musik, Umschlungensein von weichen Armen.
469 3311 1610 3372 den erhitzten Jüngling mit aller Lust umgibt, die er nur
1624 3348 2773 3411 Was blieb zurück? Nichts als befreites Athmen, daß es vor¬
463 3353 1606 3412 wünschen mag. Dort findet er Beatrice Nardi, die junge,
1630 3389 2774 3452 bei, und Sehnsucht nach Alleinsein!" Ohne es selbst zu wissen,
467 3398 1604 3472 strahlend schöne Tochter eines tollen Wappenschneiders.
1623 3429 2771 3485 wartet er auf Beatrice. Scheidend, sprach sie: „Fühl' ich,
465 3447 1616 3500 Und noch am selben Abend ist sie sein. Filippo ver¬
1624 3471 1738 3537 daß
1742 3473 1865 3528 ich
1860 3479 2771 3539 nicht sein kann ohne Dich. Und hab'
464 3485 1608 3545 lebt drei Tage einer nie gekannten, trunkenen Seligkeit.
1633 3521 2767 3581 zu sterben Lust, so komm' ich wieder und nehm'
469 3545 1602 3592 Diese drei Tage gehen dem Stück voraus. Wenn der Vor¬
1636 3569 2769 3619 Dich mit!“ Jetzt klammert er sich nur mehr noch an diese
473 3581 1608 3634 hang sich hebt, sehen wir Filippo wieder der Geliebten harren.
1633 3611 2773 3654 Worte, die er doch nicht ernst nimmt. Da tritt Ercole, ein
470 3635 1610 3682 Teresina ist vergessen, vergessen Andrea und all' die köst¬
1626 3650 2766 3724 Freund, in's Zimmer. Er sieht die Damen und Filippo's
471 3669 1604 3729 lichen Bande des Schaffens, Genießens und der Liebe, die
1634 3697 2776 3748 Wunsch, sich ihrer zu entledigen. Das trifft sich gut. Sie
467 3712 1612 3764 ihn an diese edlen Menschen knüpften. Filippo erwartet
1625 3745 2771 3810 wollen mit ihm auf's Schloß. Der Herzog hat ganz Bologna
470 3755 1603 3800 seine Beatrice — alles Andere ist nicht von Wichtigkeit.
1625 3777 2766 3832 geladen, seine Hochzeit zu feiern mit Beatrice. Mit welcher
469 3797 1603 3851 Agostino, der Musiker, ist da, vor drei Tagen noch ein theurer
1633 3832 2763 3900 Beatrice? Nun, mit Beatrice Nardi! Einer Bürgerlichen.
463 3841 1604 3901 Freund, jetzt lästig, weil Beatrice kommen wird. Agostino
1634 3872 2763 3924 Er nahm sie, als sie eben mit einem Anderen zum Trau¬
460 3889 1606 3938 hat ein Gedicht Filippo's componirt, aber Filippo erkennt
1634 3923 2764 3973 altar gehen wollte. Morgen ist doch Alles vorbei! Ercole zieht
467 3924 1607 3999 es nicht. Wann schrieb er dies Gedicht? „Noch keinen
1627 3968 2769 4018 mit den Florentinerinnen ab. Auf den Straßen wird's lebendig.
469 3974 1597 4020 Monat!“ sagt Agostino — und Filippo, der großen Ver¬
1630 3999 2770 4058 Bologna jubelt. Filippo aber kann nicht fassen, was geschah. Da
471 4017 1522 4082 änderung gedenkend, murmelt: „Noch nicht drei Tage!“
1633 4050 2771 4100 tritt Andrea ein. Er kommt erwünscht. Nun ist Filippo bereit,
589 4062 1419 4125 „Und so entfremdet meinem Heut' dies gestern,
1632 4091 2762 4144 Genugthuung zu geben, den Treubruch mit dem Leben zu
582 4110 1266 4157 Daß sie genüber Aug' in Aug' gestellt,
1632 4124 2774 4194 bezahlen. Der edle Andrea aber mag den nicht tödten, den
590 4148 1296 4189 Einander nicht erkennen, Brüdern gleich,
1847 4171 1905 4214 KE
2915 755 3357 829 „Der starb um Dich ? U
2903 822 3353 886 Und mich um ihn? Und
2913 870 3358 931 Was bist Du für ein W
2912 915 3347 971 Und all' das Ungeheure
2911 959 3340 1010 Daß ich Filippo Loschi
2909 989 3354 1061 Ein einzig Mal und so
2880 1033 3328 1118 Weil sie des Dichters
2806 1090 3343 1146 Herzog. Doch Beatricens B
2804 1144 3325 1197 Mannes Geliebte gewesen.
2810 1179 3361 1242 in's Feld, dem Tod, vielleicht
2810 1226 3354 1290 Begebenheiten dieser Nacht g
2915 1269 3355 1346 „Das Leben ist die Fülle
2899 1322 3358 1399 Und noch der nächste Au
2877 1373 3328 1448 Mit Absicht habe ich
2810 1424 3349 1485 ausführlich erzählt, weil ich
2815 1476 3351 1532 aller innerer Einheit so vielf
2806 1513 3353 1576 verknüpfte Composition allein
2797 1566 3351 1620 sich selbst gewährt. Das rein
2800 1604 3347 1667 nicht vorausgesetzt werden kan
2807 1644 3353 1709 von der gleichen Wichtigkeit,
2800 1686 3363 1747 Man findet den Dichter wien
2798 1724 3358 1803 in diesen bunten Ereignissen,
2801 1781 3352 1839 geschrei und Tumult. Den
2805 1816 3354 1873 geschichten, dessen Complicatic
2802 1861 3325 1926 immer im Psychologischen
2800 1911 3340 1969 mehr in dieser verwickelten,
2794 1944 3356 2014 an alle Zufallsgeister gekn
2797 1986 3353 2059 Schicksal bewegt, wie sausend
2792 2045 3332 2097 auch „Der Schleier der
2795 2087 3353 2143 erwähnten Formel declinir
2798 2132 3358 2191 süßes Mädel“. Der ganze Id
2800 2174 3350 2226 Mädchen, der die Christine d
2792 2214 3357 2282 und großen Dialoge, Novells
2796 2259 3349 2319 füllt, erfüllt such dieses Dre
2802 2297 3354 2361 Liebhaber, bezäubert von der
2806 2345 3339 2416 stadtmädels, melancholisch di
2790 2391 3351 2456 heit und Gegenwart, nach
2793 2428 3355 2500 Liebesverkehrs, und manchn
2791 2476 3353 2554 marisch: „So ist das Leben
2791 2522 3346 2580 Züge. Aber statt der kleinen
2795 2569 3339 2623 Abenteuer seines Lebens.
2800 2601 3333 2671 schließen sich ihm auf, die
2772 2659 3335 2707 lösen sich vor ihm. Beatrice, d
2800 2696 3355 2755 sehr süß, hinreißend in ihrer
2815 2739 3346 2804 in ihrer stets bereiten W
2793 2776 3310 2851 Weg der Vorstadtmädel.
2800 2830 3361 2892 eigenen Kreis, der sie hei
2798 2866 3344 2932 sie zu seiner Geliebten mnd
2795 2911 3353 2979 der Herzog, der sie dann wir
2787 2960 3359 3024 derselbe Ideenkreis, aber ei
2802 2997 3357 3071 zu Ende gedacht. Es sind
2794 3048 3347 3108 Gegenwärtigen entrückt, in's
2790 3092 3350 3155 In Beatricen erscheint daß
2799 3140 2889 3184 nur
2896 3140 3281 3197 verlogen, treulos,
2795 3176 2875 3235 Sie
2895 3179 3350 3246 begeht Treulosigkeiten,
2789 3214 3337 3300 dorben gescholten. Aber der
2900 3278 3351 3342 „Zu staunen nicht gemach
2891 3324 3356 3376 Des Daseins Wunder na
2900 3364 3350 3418 Nie bist Du vor der Bun
2896 3400 3349 3464 In Andacht hingesunken,
2903 3443 3347 3490 Die Beatrice ist, und ich
2899 3488 3345 3538 Sich unter den unendlich
2896 3525 3342 3579 Hat nie mit tiefem Schaf
2900 3554 3345 3614 Und daß Dein Vater toll
2898 3597 3342 3655 Daß Vittorino starb, der
2897 3641 3344 3697 Nicht mit dem fürchterlich
2897 3675 3345 3733 Und daß Du Fürstin von
2900 3718 3351 3778 Macht Dich so wenig sta
2904 3756 3343 3807 Wie wenn sich eine Müch
2897 3786 3350 3857 Und wenn Gespenster auf
2901 3836 3338 3893 Ich weiß, sie schreckten D
2900 3877 3346 3940 Doch auch nicht mehr un
2771 3912 3342 4003 Und der Herzog sagt zu ihr:
2891 3979 3335 4063 „Warst Du nicht, Beatric
2886 4034 3347 4085 Das mit der Krone spielt
2900 4069 3339 4123 Mit eines Dichters Seel'
2901 4115 3350 4164 Mit eines Jünglings He¬
2893 4154 3348 4202 Geschenkt war? Aber wir
