3484 4224
1969 219 2399 313 box 20/6
1386 238 1446 305 B
303 234 1810 355 14. Der Schleier deratrice
1348 1167 2709 1242 an Revolution, und um dieses Manko auszugleichen, hätte die Regie be¬
1366 1222 2386 1311 feuern, nicht, wie es den Anschein hatte, zügeln müssen.
1438 1274 2711 1335 Regie ist alles, und je machtvoller Reinhardts Prinzipien sich durch¬
1363 1340 2702 1410 setzen, desto unzulässiger werden uns die Gastspiele einzelner noch so großer
1348 1381 2714 1443 Schauspieler vorkommen. Welch ein Genuß müßte es sein, Kainzens Mare Anton
1353 1434 2711 1497 wieder einmal in einem Ensemble zu sehen, das, wenigstens in dieser einen Vor¬
1354 1487 2718 1560 stellung, mit ihm, mit dieser seiner Gestalt aufgewachsen wäre! Wenn er sich nach¬
1362 1550 2715 1618 träglich, mit ungenügenden Proben, einem Ensemble einfügt, erhöht es die Freude
1359 1613 2713 1667 nicht im geringsten, daß er es ohne eine Spur von Wandervirtuosentum
1365 1662 2720 1724 tut. Wir wollen ein Drama; als ganzes so verstanden und dargestellt, wie
1361 1709 2721 1766 dieser eine seinen Part versteht und darstellt. Es ist ein Irrtum, den Marc
1367 1767 2712 1843 Anton, weil er der römischen Geschichte angehört, als einen impulsiven,
1358 1815 2726 1879 eruptiven Italiener aufzufassen. Er ist, in Shakespeares Drama, Geist
1354 1877 2721 1940 von Shakespeares Geist, und dieser Geist ist düster, hart und grau. Das
1360 1933 2717 1988 sind denn auch die Grundzüge des Kainzschen Marc Anton, ohne daß darum
1356 1984 2724 2041 der künstlerische Ausdruck, den dies Wesen findet, mit den gleichen Attributen
1355 2043 2724 2111 zu belegen wäre. Kainz hat gleichsam für das Gesicht eines planvollen,
1367 2088 2724 2154 mißtrauischen, unbedenklichen Tatsachenmenschen germanischen Schlages allen
1367 2146 2720 2203 Glanz und alle Schmiegsamkeit romanischen Geblüts als Maske. Die
1371 2207 2721 2272 Maske ohne das Gesicht wäre eine physische Unmöglichkeit; aber das Ge¬
1364 2269 2716 2320 sicht ohne die Maske würde das politische Ziel nicht erreichen. Bei
1364 2310 2722 2374 Kainz paßt eins aufs andre. Er erfüllt damit in einem höhern Sinne
1369 2390 2731 2439 Nietzsches Vorschrift für die Bühne: Was als wahr wirken soll, darf nicht
1371 2435 2724 2489 wahr sein. Diese Einsicht hat den Marc Anton zum radikalen Zyniker
1367 2481 2725 2538 gemacht. Das ist der große Fortschritt der neuen Gestaltung über die alte,
1366 2531 2720 2589 die noch viel zu viel ehrliches Gefühl zeigte. Früber gab es im Senat
1363 2594 2728 2656 und auf dem Forum rhetorische Prunkstücke, an denen nicht nur, selbst¬
1366 2642 2724 2706 verständlich, die Redekunst, sondern auch das Doppelspiel von Schmerz
1362 2711 2726 2763 und beuchlerischer Bezähmung des Schmerzes, vor allem aber die Charakter¬
1368 2747 2722 2820 entwicktung zu bewundern war. Marc Anton wurde durch Caesars
1366 2810 2724 2869 Ermordung aus einem Jüngling ein Mann. Das ist zwölf Jahre her.
1372 2856 2725 2924 Jetzt hat Kainzens Römer keine umwälzenden Erlebnisse mehr zu befahren.
1365 2921 2726 2989 Jetzt ist er von Anfang an, reif, überreif. Jetzt schreit aus diesem Rat¬
1376 2965 2734 3037 politiker nichts als eine grenzenlose Menschenverachtung. Er hat zwei
1373 3025 2727 3092 Gelegenheiten, sie zu erproben, und daß sie sich beide Male, an Hoch und
1380 3095 2723 3145 an Niedrig, bewährt, kann ihre Kraft nur verstärken. Man möchte glauben,
1370 3131 2732 3203 daß die Erlebnisse einer Dramengestalt einen Schauspieler für andre Ge¬
1380 3197 2741 3258 stalten reif machen. Bis zu diesem Marc Anton habe ich mir nicht vor¬
1372 3254 2743 3315 stellen können, daß neben Matkowsky ein Coriolan möglich sei. Jetzt sehe
1375 3301 2231 3371 ich Kainzens Coriolan mit Begierde entgegen.
1370 3403 1507 3491 108
