3436 4224
1336 149 1397 219 B
253 153 1774 252 14: Der Schleier-deratrice
698 744 1737 816 haben. Des Opfers Mühe war umsonst. Auch der
700 795 1725 870 Torso forderte noch mehr, als unser Schauspiel leisten
695 829 1730 908 konnte. Nuc der Herzog, Loschi und die Vertreter einiger
700 862 1720 947 Nebenrollen waren gute Helfer Schnitzlers; die meisten
703 905 1721 987 Aufgaben zweiten Ranges, darunter solche, die für die
700 942 1718 1021 rechte Wirkung des Dramas von vornehmer Bedeutung
705 986 1719 1063 ###, wurden teils unzureichend, teils mit unfreiwillig
697 1030 1711 1099 ###nischem Effekte dargestellt. Die Dekoration und
692 1066 1713 1144 Kostüm=Ausstattung befriedigte kaum bescheidene An¬
702 1106 1714 1179 sprüche, und zu allem Unglück war die Beatrice in die
703 1145 1710 1219 Hand einer Schauspielerin geraten, die weder als Per¬
701 1192 1721 1266 sönlichkeit, noch als Künstlerin den Anforderungen des
695 1222 1520 1303 Dichtwerks irgendwie Genüge leisten konnte.
1392 1278 1654 1346 Erich Freund.
757 1317 1715 1397 Dresden. Zwei Neuheiten hat das königliche Schau¬
688 1364 1705 1441 spielhaus in den letzten Wochen herausgebracht. Der
688 1398 1713 1464 lauteste Erfolg war dem Lustspiel „Flachsmann als
686 1439 1702 1518 Erzieher“ von Otto Ernst beschieden. Wie in der
689 1481 1712 1557 „Jugend von heute“ so hat Otto Ernst auch dieses
678 1527 1714 1596 Mal in der Wahl des Stoffes einen sehr glücklichen
685 1556 1703 1637 Griff gethan.. Das Leben in der Volksschule ist nicht
678 1597 1710 1668 nur ihm vertraut, sondern mit dem täglichen Leben
685 1635 1701 1718 einem jeden durch Erinnerung und Gegenwart so eng
676 1680 1699 1744 verknüpft, daß zwischen dem Geschehen auf der Bühne
672 1724 1696 1795 und dem Zuschauer alsbald der innigste Zusammenhang
676 1751 1710 1830 hergestellt ist. Zur Schule kommende Buben, eine arme
678 1789 1694 1869 Mutter, die den vierten Knaben anmeldet, Eltern, die
679 1836 1700 1895 klagen und danken, Entschuldigungszettel Ausgebliebener
667 1873 1701 1954 von der bekannten drolligen Art, alles das versetzt den
671 1905 1700 1994 Zuschauer in behagliche und heitere Stimmung. Typen
678 1950 1687 2030 verschiedener Lehrer, der trockene luftscheue Pultmensch,
666 1991 1687 2070 der versimpelte Skatbruder, der jugendliche Draufgänger,
668 2032 1686 2099 der behäbige Durchschnittslehrer, die bärbeißige ledige
664 2064 1688 2145 Lehrerin, die die männlichen Kollegen verachtet, die aus
672 2108 1683 2178 Versehen in die Schule gekommene tanzlustige junge
660 2142 1694 2230 Dame, der gestrenge, mit der Elle und dem Richtmaß
664 2182 1680 2264 herrschende Schulmonarch, sein Faktotum, der Schul¬
665 2229 1680 2310 diener mit den Unteroffiziersallüren, wer kennt sie
658 2272 1680 2342 nicht, wer hätte nicht Muster aus der eigenen Erfahrung
661 2314 1680 2383 zur Hand! Auch der jugendfrische Lehrer, der beneidete
660 2350 1673 2409 Kollege, der umschwärmte Liebling der Schüler, der
665 2390 1687 2449 Lehrer Flemming, ist jedem bekannt. Alles das schildert
661 2412 1687 2495 Otto Ernst mit liebenswürdiger Behäbigkeit und Breite,
650 2485 1671 2541 man fühlt geradezu, wie der Dichter sich selbst in alle¬
656 2505 1678 2584 dem heimisch fühlt, und fühlt sich daher selbst bald zu
658 2546 1682 2619 Hause. Leider mischt der Dichter in das treue Lokal¬
655 2581 1669 2658 kolorit auch Farben der Satire und des Possenhaften.
648 2616 1671 2693 Er stellt sich allzu sehr auf den Standpunkt des leicht
649 2668 1669 2737 begeisterten und leicht ungerechten Schülers, der nur
650 2706 1672 2785 weiß und nur schwarz sieht. So wird ihm Flemming
643 2748 1670 2820 zur Idealfigur, er hat die große pestalozzische Kindes¬
653 2789 1673 2860 liebe oder doch die Sehnsucht nach ihr, er will Menschen
649 2818 1668 2894 nicht erzieher sondern bilden, er schwärmt für indi¬
651 2858 1666 2929 vidualisierende Erziehung, für die innigere Ausgestaltung
640 2891 1675 2975 der Beziehungen zwischen Schule und Haus, für Kunst
639 2930 1673 3002 und Poesie in der Schule. Allen diesen Versprechungen
637 2988 1664 3039 und Idealen hat die Gegenfigur, der Schultyrann, nichts
650 3026 1657 3093 entgegenzusetzen als sein starres „sic volo sie jubeo“,
645 3059 1653 3135 seine banausische Engherzigkeit, seinen Formelkram, seine
639 3096 1657 3169 Uniform und Pedanterie, sowie seinen Haß gegen den
639 3128 1663 3200 Besserwisser und den Umstürzler seiner grauen Theorieen.
645 3179 1662 3245 Immer aufs neue gereizt wird dieser Haß durch die
639 3201 1657 3292 Zuträgereien eines Lehrer Dierks, der auf ihn einen nicht
640 3256 1652 3327 ganz begreiflichen Druck ausübt, ja ihn zur stillschweigen¬
635 3291 1662 3363 den Duldung arger Pflichtversäumnisse veranlaßt. Von
638 3336 1650 3410 diesen seltsamen Beziehungen weiß der arglose Flemming
640 3375 1658 3448 nichts. Er hat den Mut des Mannes, der sich seines
633 3408 1641 3489 Rechts bewußt ist Jenseits dieses Mutes liegt die
638 3451 1643 3518 übermütige, herausfordernde Art, mit der er seinem
624 3480 1657 3561 Vorgesetzten begegnet, dem er seine ganze Nichtigkeit
633 3529 1653 3601 keck ins Gesicht sagt, und in dem natürlich vom Publikum
635 3568 1649 3635 laut beklatschten Trumpf „Bildungsschuster!“ zusammen¬
627 3601 1643 3683 faßt. Von diesem Disziplinen=Konslikt geht die eigent¬
622 3648 1642 3706 liche Handlung des Stückes aus. Der Oberschulrat
622 3683 1648 3757 kommt, er inspiziert Flemmings Klasse, und man meint,
618 3721 1651 3812 er werde nun ein arges Strafgericht halten, aber kes
1932 154 2372 250 box 20/2
1750 773 2786 844 kommt anders. Der Zuträger Dierks fliegt, er ist einer
1752 831 2780 898 von den ganz schwarzen Sündern; leider geht diese
1754 862 2778 933 Entdeckung hinter der Szene vor sich. Der Lehrer
1754 914 2789 978 Flemming aber findet vor den Augen des Gestrengen
1762 947 2789 1017 hohe Gnade, er hat ihn mit seinen pädagogischen Gaben
1751 979 2779 1054 in helles Entzücken versetzt und ist drauf und dran,
1757 1014 2771 1096 ihm als der „beste Lehrer des Staates“ zu gelten,
1744 1071 2773 1133 dem gegenüber man schon einmal ein Auge zudrücken
1752 1101 2784 1175 kann. Eine Rüge und eine Abbitte und der Bildungs¬
1752 1126 2770 1203 schuster ist vergessen. Aber Flemming versteht sich hierzu
1748 1169 2769 1255 nicht. Den guten Rat, der dem Dichter nun wirklich
1756 1215 2777 1299 teuer wird, bringt ein Schreiben von Dierks. Darin
1752 1254 2765 1331 steht: Flachsmann ist gar kein Schulleiter, er hat sich
1760 1299 2770 1368 die Stelle mit den Papieren seines früh verstorbenen
1758 1334 2761 1409 Bruders erschlichen, und nun folgert Otto Ernst: Dis¬
1752 1373 2765 1453 ciplinarvergehen gegen Beamte, die keine sind, giebt es
1743 1434 2772 1473 nicht. Die Rüge, die Abbitte wird überflüssig, Flachs¬
1744 1454 2774 1531 mann fliegt, und Flemming wird Direktor. So mischen
1753 1494 2763 1569 sich in der Handlung lebensvolle Züge mit unwahren,
1756 1539 2767 1603 echt lustspielmäßige mit possenhaften, komische mit tragi¬
1745 1568 2756 1643 komischen. Zu satirisch, um lustspielmäßig zu sein, zu
1743 1617 2763 1682 wirklichkeitsgetreu, um possenhaft zu wirken, entbehrt das
1749 1650 2770 1725 Stück der künstlerischen Einheit. Der Disciplinarkonflikt
1739 1688 2759 1771 ist zu knapp, um eine Handlung daraus zu entwickeln
1746 1731 2758 1803 und außerdem nicht überzeugend gelöst; die Ver¬
1735 1769 2761 1833 lobung Flemmings mit der tanzlustigen Lehrerin, zu
1731 1804 2766 1881 der aus der benachbarten Mädchenschule Aennchen von
1730 1851 2751 1921 Tharau erklingt, bleibt lediglich Episode, wie denn das
1742 1892 2749 1957 ganze Werk sich mehr von Episoden ernährt als von
1754 1933 2752 1997 Handlung. Die Wirkung wartrotzdem außergewöhnlich stark.
1815 1969 2750 2041 Bescheidener war der Erfolg der Künstlertragödie
1731 2004 2756 2079 „Die Giganten“, mit der ein vollkommener homonovus,
1733 2043 2751 2118 Otto Erler, zum ersten Male auf die weltbedeutenden
1731 2085 2753 2157 Bretter trat. Das Werk, dessen Handlung der Dichter
1734 2119 2758 2201 in das 7. Jahrhundert vor Christus nach Milet verlegt
1741 2161 2745 2237 hat, interessiert, obwohl niemand verstand, was der
1727 2200 2750 2276 Dichter mit ihm sagen wollte. Thrasybul, der Tyrann
1736 2240 2752 2313 von Milet, fühlt sich als schöpferischer Künstler den
1728 2279 2753 2347 Göttern verwandt und verlangt von ihnen das reine
1721 2335 2744 2395 Weib in Fleisch und Blut, das er in leblosem Marmor
1723 2361 2744 2432 zu bilden vermag. Er glaubt es in Dhana zu finden,
1719 2399 2734 2466 der Tochter des Fischers Patur, die als antikes Rautende¬
1724 2431 2731 2510 lein in romantischer Wildheit herangewachsen ist. Patur
1728 2473 2735 2548 selbst soll wohl ein Gegenbild Thrasybuls sein, auch er
1720 2516 2731 2584 hadert mit den Göttern, die ihm sein Weib genommen,
1711 2560 2741 2627 und lebt in dem Wahne, Herr der Natur zu sein. Dhana
1716 2596 2723 2671 erfüllt die Hoffnungen des schwärmenden Künstlers nicht,
1721 2630 2740 2712 auch sie ist Weib, auch sie wird Mutter, Grund genug
1724 2676 2730 2753 für den Schwärmer, sie zu verstoßen, und Grund genug
1728 2715 2727 2792 für Patur, ihn dafür zu töten. Daß nun auch Dhana
1725 2755 2728 2827 sterben muß, versteht sich von selbst. Interessante, aber
1711 2796 2734 2869 unverstandene Probleme, neben kraftvollen Bildern arge
1713 2836 2727 2908 Verzerrungen einer zügellosen Phantasie, schlichte und
1706 2876 2725 2940 gerade Empfindung neben Ergrübeltem und Verstiegenem
1702 2914 2731 2983 kennzeichnen Otto Erlers Dichtung als das Werk eines
1711 2951 2726 3027 gährenden, mit sich selbst und seinen Vorbildern, Hebbel,
1707 2990 2722 3061 Grillparzer, Ibsen und Hauptmann noch nicht ins Reine
1698 3029 2729 3092 gekommenen Talentes, das die Ehre, die ihm die Hof¬
1705 3072 2728 3152 bühne erwiesen hat, durch reife Thaten erst recht ver¬
1710 3104 1942 3171 dienen soll.
2403 3141 2694 3221 #conhard Lier.
1764 3188 2717 3282 Graz. Auf unserer „intimeren" Bühne, im Theater
1695 3234 2718 3300 am Franzensplatze fand am 7. Dezember die Erstauf¬
1698 3284 2706 3359 führung des dreiaktigen Schauspieles „Charakterlos!“
1689 3319 2712 3389 von Paul Busson statt. Der junge Autor, der damit
1697 3355 2715 3434 zum ersten Male an die Oeffentlichkeit getreten ist, ver¬
1693 3414 2709 3479 fügt über ein nicht gewöhnliches Talent, weiß Charaktere
1687 3447 2710 3517 und Stimmungen zu schaffen und verdient trotz der
1682 3494 2711 3555 natürlich auch seinem wie jedem Erstlingswerke anhaf¬
1683 3522 2712 3593 tenden Mängel das Interesse durchaus, das ihm das
1692 3555 2714 3640 Publikum entgegenbrachte. Der Lebemann Wolf von
1691 3598 2707 3672 Perchtau, der sich durch sein leichtsinniges Leben in un¬
1690 3635 2712 3714 geheure Schulden gestürzt und auch die Enterbung von
1698 3681 2705 3756 seiten eines reichen Onkels zugezogen hat, so daß ihm
1688 3717 2710 3801 nur noch der Tod durch eine Kugel, wie er meint, übrig
1686 3762 2709 3844 bleibt, wird durch seinen wohlmeinenden und edel¬
