3248 4256
522 111 1478 188 denn die Dichter sind nach Horaz ein reizbares
518 146 1495 246 Geschlecht. — Man kann es ihnen sogar nicht ver¬
518 195 1499 279 argen, wenn schon Verminderungen oder Verzögerungen
518 248 1496 332 des Tantiemenbezuges sie in wehmüthige Stimmung
527 300 1501 370 versetzen, denn auch Dichter wollen leben, und
528 360 1502 441 namentlich moderne Dichter müssen viel ausgeben.
528 397 1504 485 Der deutsche Poet von heute ist nämlich nicht mehr
535 450 1517 526 das verlumpte Genie, welches nie einen ganzen
527 496 1513 568 Rock trägt und oft kein Hemd hat. Ein moderner
543 537 1517 618 Stimmungspoct gibt mehr auf Cravatten aus, als ein
534 587 1521 681 Dichter früherer Zeit auf seine ganze Garderobe. Der
532 642 1517 719 Dichter von heute muss Salons besuchen, kleine
537 698 1518 766 intime Diners geben und grössere Reisen machen
545 726 1520 820 können. Er muss in den Häusern der Bankdirectoren
550 791 1515 870 verkehren, wo auch die einflussreichen Kritiker zu
543 831 1525 915 treffen sind, muss einen eleganten, verführerischen
549 880 1522 955 Duft von sich geben und womöglich noch die reichen
552 931 1524 1012 Leute, welche er besucht, in manchem Luxus über¬
553 1008 753 1073 trumpfen.
657 1023 1530 1118 Kurz, die heutige Dichtkunst erfordert eine enorme
556 1088 1536 1171 Regie und demgemäss enorme Einnahmen. Ist es dann
553 1141 1529 1213 ein Wunder, wenn die heutigen Dramatiker sich ver¬
562 1201 1531 1274 pflichtet fühlen, jährlich ein ganzes Stück oder min¬
559 1226 1543 1322 destens drei Einacter auf den Markt zu schleudern:
568 1290 1544 1369 Sogur Gerhart Hlauptmann, der es nicht nöthig
557 1332 1552 1423 hat zu dichten, macht dieses Schneilfeuer mit,
565 1382 1540 1476 und dann kommen Dinge wie „Florian Geyer“
534 1478 1630 1551 oder „Schluck und Tau“ zum Vorschein. Nein,
541 1562 1625 1617 unsere heutigen Dichter sind keine Shakespeare's, die
540 1603 1624 1648 sich von einem „Hamlet“ erheben und sofort zu einem
535 1650 1633 1716 „Otheilo“ niedersetzen können. Es sind schmucke
534 1714 1629 1767 Talente und Talentchen, die uns in angenehmer
535 1733 1640 1803 Weise darüber hinwegtäuschen, dass unsere Zeit des Tele¬
531 1796 1633 1860 phons und der Cartelle nicht geeignet ist, einen wirk¬
532 1847 1637 1929 lichen Dichter hervorzubringen, d h. einen Mann, der für
540 1896 1136 1969 die Ewigkeit „singt und sagt“.
632 1951 1631 2015 Wir haben vorwiegend Modedichter, die irgend eine
541 2007 1639 2059 Actualität einzufangen und ziemlich chic und raffinirt zu
538 2052 1643 2102 bearbeiten wissen. — Wem es gelingt, ein zugkräftiges
538 2094 1634 2164 Modell zu lanciren, der ist ein gemachter Mann und findet
529 2147 1631 2203 auch bald die kritischen Trommelschläger, die ihm voran¬
536 2206 1627 2280 schreiten und seinen Ruhm verkünden, um sich später an
533 2240 857 2313 ihm zu sonnen.
632 2277 1630 2369 Auch Schnitzler gehört unter diese Modedichter
541 2357 1635 2415 (sein „Artikel“ ist das „süsse Mädel“, das von einem
535 2399 1637 2467 skeptisch-melancholischen Lebejüngling geliebt
533 2461 1628 2509 wird) und ist sich vielleicht halb dunkel bewusst, ein Mode¬
535 2514 1630 2569 dichter zu sein. Ein selcher aber muss das Eisen schmieden,
532 2560 1632 2604 so lange es glüht, und darf um Alles in der Welt nicht eine
530 2600 1622 2672 Saison auslassen. Schnitzler’s Schmerz ist begreiflich,
535 2658 1628 2703 nur die allzu lebhafte Theilnahme der Wiener Kritik
543 2704 1634 2757 befremdet uns ein wenig. Hat nicht Director Burkhardt,
534 2747 1623 2805 der de Maxl, noch hübschere Stückeln mit diverse..
542 2798 1633 2850 Aute aufgeführt? Ist es erlaubt, einen Mann wie den
529 2856 1535 2913 Bu. heater-Director, in vehementer Weise
533 2895 1391 2962 sam inewege anzugreifen, wenn ma:
542 2949 1628 3012 Krin. Pechif einag Tribüne hat und andererseits dié Gegen¬
544 3002 1622 3054 partei nocht# rgehört hat: Wozu das Rütli, die Verschwö¬
542 3053 1620 3116 rung, der Collectivangriff? Wo ist der Competenz¬
532 3109 1629 3168 beweis dieses Gerichtshofes: Der Kritiker ist zuständiger
544 3142 1634 3198 Richter — aber nur in seinem Referat, nicht in Collectiv¬
534 3206 1632 3274 inseraten. Sechs Kritiker zusammen sind sechs Private, der
547 3271 1633 3346 einzelne, in Ausübung seiner Referentenpflicht, ist ein
542 3321 725 3382 Richter.
641 3352 1649 3443 Kurzum, es war ein echter Austriacismus, wie
543 3426 1633 3480 man im deutschen Norden solche Dinge nennt. Der über“,
554 3466 1637 3536 schwüngliche Personencultus im guten wie im bösen Sinne,
546 3529 1637 3597 ist ein Erbübel des österreichischen Volkes. Man kann sich
543 3574 1638 3630 nun denken, welche literarische Explosionen erfolgen, wenn
542 3629 1639 3686 heftige Liebe zu einem Dichter mit starkem Hass gegen
545 3675 1125 3738 einen Director zusammentrifft.
635 3708 1638 3783 Man erleichtert sein Herz in spaltenlangen Ergüssen,
539 3772 1635 3840 aber Schlenther bleibt. In den dirigirenden Kreisen
539 3828 1626 3879 Oesterreichs ist die Abneigung gegen die deutsch¬
549 3870 1251 3930 liberale Presse nämlich stürker als sse.
633 3918 1629 3979 Nichts festigt die Stellung eines Mannes in Wien so
544 3943 1641 4049 sehr, als der Hass dieser l’resse. — Selbstverstündlich sind
541 4012 1259 4092 wir auch Gegner dieses Standpunktes.
2092 1070 2812 1184 Aus dem Soussleurkasten.
1856 1172 3206 1313 V — Endlich sind wir complet, Hat schon jeder Bezirk sein##A
1838 1271 3025 1336 Theater? Nein. Am Hundsthurm steht noch keines. Macht aber nichts,
1844 1319 3026 1362 wird auch noch hinkommen. Ich bitt' Euch, Kinder, wo soll man die
1838 1368 3033 1427 Menge Publicum hernehmen? Wenn sich das vorhandene auf sämmt¬
1844 1417 3026 1478 liche Theater vertheilt, kommt auf Cnes, na ich dank' schön! Die
1840 1459 3036 1519 armen Directoren! Wenn sich zwei von ihnen zusällig treffen, schauen
1877 1515 3037 1562 einander melancholisch an und der Eine fragt den Andern: Ich
1836 1553 3043 1617 bitt', haben vielleicht Sie eine Ahnung wo mir der Kopf steht? Sind
1840 1605 3162 1674 doch sogar beide Hofbühnen schlecht besucht und bei der zweiten Vor##elusive
1844 1654 3128 1712 stellung in dem k. k. Hofoperntheater zu Ehren Sr. Majestät, des Porto
1842 1700 3144 1763 Schah von Persien Muzasser-Erdin — ist bei Ihnen nichts pickenahlbar
1843 1739 3180 1817 geblieben, o Frau Holefka, keuscheste aller Garderobierinnen? Pardon, Voraus.
1845 1800 3202 1880 Sie sind ja nicht mehr beim Ballet! — haben die schönsten Fußerln vorg ist das
1843 1854 3205 1918 leeren Bänken ihre pikantesten Entrechats gemacht. Wenn schon einht es den
1761 1861 1852 1933 Ab
1847 1895 3053 1949 Schah in Wien nicht mehr „zieht“, dann können wir einpacken. Einz.
1758 1922 1854 1981 Ab
1836 1933 3210 2040 einziger Director in Wien laßt sich über die dermaligen Theater altend die
1829 2014 3201 2077 zustände in Wien kein graues Haar wachsen, ist seit einigen Tagelforgen¬
1768 2041 3209 2120 Inl so gut gelaunt, daß er sich nicht bloß aus dem zerrissenen „Schleien Zeirung")
1768 2088 1836 2141 11
1844 2104 3202 2170 der Beatrice“, sondern auch daraus nichts macht, daß ihm „'s Katherl“iche Leben
1776 2132 1851 2182 wod
1772 2152 3225 2215 des ausgesprungen ist. Ich meine nicht das Katherl des Herrn Hofktheilungen
1780 2214 3024 2277 wer rath i. P. Dr. Burckhard, dem s’ jetzt einreden wollen, daß er sich an
1839 2244 3009 2308 das k. k. Hofburgtheater zurücksehnt, sondern jenes fesche Katherl, das¬
1837 2289 3018 2359 gesund mehrere Herren Hoftheaterdirectoren überstanden hat und jetz
1837 2334 3032 2431 in der Lacken oder wie's schweizerisch heißt: in Interlaken sitzt unig
1834 2383 3028 2467 schmollt. Sogar ihr eigener Herr Sohn, der mit der Frau Mama¬
1836 2431 3017 2514 Einige Zeit in Paris gewesen, aber zur Inscribirung an der juridis
1834 2488 3013 2557 chen Facultät nach Wien gekommen ist, hat der Frau Mama tele¬
1828 2536 3014 2611 graphirt, daß zurückkehren und ihr Entlassungsgesuch zurückziehen sollz
1824 2589 3012 2655 es hat nichts geholfen. 's Katherl mag nicht mehr im k. k. Hofburgs
1828 2629 3027 2707 theater Komödie spielen. Aber, wie gesagt, dem Herrn Director Docton
1833 2676 3010 2730 Schlenther macht das auch nichts. Seit dem 17. August ist er ein
1817 2714 3025 2792 gemachter Mann. O, wie spannungsvoll haben die zahllosen Gönner
1829 2774 3001 2846 des Herrn Directors auf diesen Tag gewartet! Es war dies ein
1826 2819 3005 2892 kritischer Tag erster Ordnung, denn bis dahin hat die k. k. Schenerals
1836 2862 3020 2920 intendanz der k. k. Hofbühnen contractlich das Recht gehabt, dem Herrn
1828 2917 3025 2966 Director zu kündigen, ohne daß er auf eine Pension Anspruch gehabt
1826 2959 3021 3019 hätte. Dies ist aber nicht geschehen, und sollte nun Herr Dr. Schlenther
1842 3005 3016 3082 burgtheatermüde oder das k. k. Hofburgtheater schlenthermüde werden,
1835 3049 3010 3113 ist dem Herrn Director lebenslänglich eine Pension im Betrage von
1833 3109 2997 3173 jährlich 6000 Kronen so sicher, als hätte er sie schon im Sacke. Jett
1827 3153 2990 3228 wird man alsdann so Manches, was man sich bei Herrn Doktor
1829 3199 2847 3266 Schlenther nicht gut zusammenreimen konnte, begreiflich
1814 3253 2857 3309 1„Klug sein, mein Freund, heißt tapfer sein im Geist,“ wie
1830 3299 2813 3385 mit diesem falschen „Demetrius“, 1. Actt, 3. Scene, elass
1823 3336 2112 3412 drücken pflegen.
