3484 4320
1945 218 2392 317 box 20/4
281 224 1798 324 14: Der Schleier der Beatrice
1443 1078 1896 1157 Der Schleier der Beatrice.
2235 1087 2368 1155 519
972 1133 2367 1251 rei der Liebe wir sähen, wenn die Menschheit von der Nähe des Weltunterganges
979 1226 2360 1309 überzeugt würde; nur die bändigende Pflicht sittlicher Selbsterhaltung hemmt
982 1298 2356 1368 ja die Liebe in ihrem Lauf. Im Angesicht des Todes spräche nur die Natur;
976 1352 2365 1428 der mächtigste ihrer Triebe entwände sich allzu lange ertragenen Zügeln und
970 1417 2374 1482 risse seine Urrechte an sich; wenn man ohne Furcht vor Strafe dem von so
975 1482 2366 1544 vielen Bannflüchen umdräuten Baum nahen dürfte, stiege aus Aller Brust
983 1537 2367 1617 ein einziger Schrei. Jeder wüßte: dieser Liebe leuchtet kein Morgen mehr;
977 1601 2358 1658 Jeder suchte Unendlichkeit in das Raummaß kurzer Stunden zu pressen;
962 1656 2358 1719 Jeder ließe sich eine Lust, die den verrinnenden Lebensborn nun nicht mehr
971 1713 2350 1778 beschmutzen könnte. In vollen Zügen genösse die Menschheit das Aphrodi¬
981 1780 2345 1858 siakum, das seligen Tod verheißt.“ So hat Lionardo Bentivoglio es gewollt.
972 1835 2361 1900 Solches Ende in Wollust wünschte er den Bolognesen, deren Welt Borgias
962 1895 2352 1963 unabwendbarer Sieg den Untergang bringt. Und lächelnd sieht deshalb
963 1957 2089 2041 sein Auge in Schloß und Garten das Rasen trunkener Gier.
1079 2028 2346 2097 Er hatte für diese letzte Nacht feinere Freude geträumt. Einen Poeten,
972 2092 2346 2142 dessen Lieder er lieben lernte, wollte er sehen, den Menschen zum ersten Male
966 2149 2349 2220 der Mensch, und von des Dichters Lippe den Wohllaut hören, der, wie kunst¬
965 2206 2350 2287 voll geschmiedetes Gold, das Edelgestein starker Gedanken umschließt. Doch
973 2258 2350 2334 Filippo Loschi versagt sich dem gnädigen Ruf; er weiß: dem Herrn empfiehlt
963 2329 2357 2400 ihn ein Verlöbniß, das er im Herzen schon brach und dessen Zwang er morgen
966 2395 2362 2465 vor Aller Augen entschlüpfen wird. Der Bruder der verlassenen Braut ist
967 2448 2354 2509 des Herzogs nächster Freund; wie träte der Ungetreue da vor seinen Fürsten?
963 2531 2339 2589 Filippos Weigerung wird Filippos Verhängniß. Der Herzog nimmt, ohne es
961 2576 2352 2640 zu ahnen, dem Dichter das erste Wesen, in dessen Arm der spröde Schwächling
968 2635 2344 2704 sich einen Schöpfer wähnte. Da Apoll die Saiten nicht rühren mag, soll Venus
963 2700 2346 2770 der letzten Nacht Trösterin sein. Aphrodite Parthenos; die Schönste in Bologna
956 2755 2333 2843 und rein ;recht geschaffen, eines Helden Todesschauer zu süßen. Auf der Straße
971 2813 2327 2898 fand sie der Fürst. Schlechter Leute Kind. Dem Vater, einem geschickten Wap¬
956 2867 2335 2957 penschneider, haben die schlimmen Luderstreiche der Frau den Sinn verwirrt;
965 2938 2329 3001 und wie die Mutter scheint auch die älteste Tochter mit Kanthariden genährt.
956 3010 2337 3074 Des Hauses Jüngste aber, Beatrice Nardi, schreitet in prangendem Lenzreiz
962 3061 2334 3145 durch Jammer und Schmach; und wann fragte berauschter Sinn ein holdes
963 3122 2341 3210 Menschenwunder nach seiner Sippe? Eben hat ihr der Bruder den Gatten
950 3193 2339 3249 gefreit, einen tüchtigen Handwerksgesellen, der sie noch heute dem Schmutz
961 3238 2342 3298 des Hauses und der Noth der Heimath entführen soll. In der Kirche harrt
963 3302 2346 3370 schon der Priester des Paares. Daheischt der Herzog die Braut als sein letztes
946 3375 2335 3442 Liebchen. Nicht ungestüm drängt er, befiehlt nicht und ist bereit, dem blon¬
