3392 4256
1946 108 2396 209 box 20/1
289 97 1912 204 14. Der Schleiender Beatrice
2293 1065 2718 1166 Telefon 12801.
832 1069 1233 1176 Telefon 12801.
1832 1154 3174 1263 Alex. Weigl's Unternehmen für Zeitungs-Ausschnitte
354 1192 1696 1279 Alex. Weigl's Unternehmen für Zeitungs-Ausschnitte
2847 1235 3030 1295 Ausschaltt
1363 1251 1581 1312 Ausschnitt
1765 1266 3160 1383 J0E „OSSERVEN Nr. 52
696 1262 1331 1390 „OBSERVER“
1397 1267 1692 1391 Nr. 39
1774 1355 3229 1453 I. österr. behördl. conc. Buxeau für Zeitungsberichte u. Personalnachrichten
293 1384 1735 1486 I. österr. behördl. conc. Bureau für Zeitungsberichte u. Personalnachrichtel
1952 1432 3050 1545 Wien, IX, Türkenstrasse 17.
486 1466 1585 1552 Wien, IX, Türkenstrasse 17.
2156 1527 2829 1613 Filiale in Budapest: „Figyelö“ —
700 1541 1364 1633 Filiale in Budapest: „Figyelö“ —
1770 1597 3198 1676 Vertretungen in Berlin, Chicago, Genf, London, Newyork, Paris, Rom, Stockholm.
303 1601 1733 1706 Vertretungen in Berlin, Chicago, Genf, London, Newyork, Paris, Rom, Stockholn
1765 1689 2281 1796 Ausschnitt aus:
295 1730 844 1839 Ausschnitt aus:
2310 1716 2955 1852 Politik (Pras)
1762 1836 2327 1949 No 4#01000
314 1853 1626 1998 vom 7 5/2 200 Jeriner
2894 1992 2968 2078 —
1967 2032 3059 2144 + Vom Wiener Burgtheater. Wien, 14. September.)
1849 2091 3043 2167 (Teleph.=Ber.) Direktor Schlenther antwortet heute auf die
1859 2128 3049 2210 Erklärung der Wiener Burgtheaterkritiker damit, daß er das be¬
1856 2159 3051 2243 treffende Stück Schnitzler's gar nie zur Aufführung an¬
1855 2193 2150 2253 genommen hat.
538 2362 1656 2445 Vom Wiener Theater. Der Direktor des Burg¬
401 2406 591 2480 theaters,
641 2425 1669 2488 Schleuther wird, wie uns Fein Privat=Tele¬
402 2466 1650 2516 gramm aus Wien meldet, morgen eine Antwort auf die
409 2504 1651 2565 Erklärung der sechs Kritiker veröffentlichen. Er erklärt darin, er
396 2528 1660 2602 habe die Aufführung des Schnitzlerschen Stückes nur bedingt
404 2577 1658 2640 zugesagt. Dasselbe habe, wie alle Stücke im Burgtheater, drei Lesungen
394 2619 1647 2676 durchmachen müssen; schon bei der zweiten Lesung seien ihm Bedenken
2195 2604 2765 2698 Bezugs-Bedingungen:
392 2643 1633 2712 wegen der Bühnenwirksamkeit aufgestiegen, nach der dritten Lesung
525 2687 1621 2769 er das Stück Schnitzler zurückgestellt, ohne daß dieser damals
1775 2684 2928 2748 Für 50 Zeitungsausschnitte (Artikel oder Notizen). Kr. 15.—
344 2715 966 2801 Fe Einwendungen dagegen erhob.
1862 2713 1968 2771 100
1591 2721 1699 2788 siv
2796 2717 3163 2813 28 — inclusive
417 2761 539 2807 100
1346 2753 1414 2806 28
1857 2760 1964 2811 200
2981 2767 3123 2814 Porto.
1530 2767 1692 2823 Porto.
2348 2782 2400 2827 „
1345 2799 1454 2846 50.—
430 2791 536 2843 200
1856 2790 1971 2849 500
2957 2793 3140 2856 Zahlbar
1527 2808 1698 2868 Zahlbai
2774 2807 2927 2875 110.—
1332 2831 1489 2885 110.—
362 2838 534 2903 „ 500
1788 2840 1971 2908 „ 1000
2780 2840 3179 2920 200.—) im Voraus.
1330 2856 1703 2941 200.— im Vorat
361 2871 528 2936 „ 1000
1855 2902 3187 2976 Im Gegensatze zu anderen Bureaux für Zeitungsausschnitte ist das
435 2897 1675 2987 Im Gegensatze zu anderen Bureaux für Zeitungsausschnitte ist
1750 2950 3198 3016 Abonnement durch keine bestimmte Zeitdauer begrenzt; — auch steht es den
310 2952 1678 3028 Abonnement durch keine bestimmte Zeitdauer begrenzt; — auch stcht es
1747 2977 3043 3070 Abonnenten frei die aufgegebenen Themen zn ergänzen oder zu ändern.
310 3011 1610 3070 Abonnenten frei die aufgegebenen Themen zu ergänzen oder zu ändern.
1864 3040 3188 3147 Der „OBSERVER“ veranstaltet täglich einen Auszug enthaltend die
428 3069 1685 3159 Der „OBSERVER“ veranstaltet täglich einen Auszug enthaltend
1742 3106 3194 3166 Inhaltsangabe aller wichtigen Mittheilungen der Wiener Morgen¬
322 3130 1678 3178 Inhaltsangabe aller wichtigen Mittheilungen der Wiener Morg
1754 3146 3177 3222 blätter (Tagesjournale ausser „Neue Freie Presse“ und „Wiener Zeitung“)
325 3183 1691 3231 blätter (Tagesjournale ausser „Neue Freie Presse“ und „Wiener Zeitu
1759 3191 3190 3260 wodurch eine Uebersicht über das gesammte politische und wirthschaftliche Leben
325 3218 1686 3270 wodurch eine Uebersicht über das gesammte politische und wirthschaftliche Li
1747 3227 3191 3291 des In- und Auslandes in drastischer Kürze geboten wird. Diese Mittheilungen
329 3257 1707 3303 des In- und Auslandes in drastischer Kürze geboten wird. Diese Mittheiluf
1758 3257 2554 3335 werden in Wien um 9 Uhr Früh verschickt.
328 3297 1131 3352 werden in Wien um 9 Uhr Früh verschickt.
2037 3352 2878 3437 Prospecte gratis und franco.
613 3382 1450 3463 Prospecte gratis und franco.
