3484 4320
1985 174 2442 274 box 20/4
318 186 1825 286 14. Der Schleien der- Beatrice
704 756 1848 853 vorbehalten, wenn der Begriff Staat nicht zur Posse
1859 787 2990 879 Saal überfüllt und außer der Kaiserin war die ganze
695 833 1839 909 werden soll. Wenn also ein Stück sich bei der Auf¬
1855 859 2993 925 Hofgesellschaft von der Gräfin Bülow abwärts anwesend.
697 868 1841 947 führung als wirklich gefahrvoll erwiese, so würde es
1850 903 2994 975 Herzoge und Herzoginnen, Fürsten und Fürstinnen wett¬
693 929 1838 1000 nach der Aufführurg verboten werden müssen; und
1842 943 3001 1021 eifern in der Bewunderung für den Russen; und das
694 970 1840 1036 daraus erwüchse dann den Direktoren ein Schaden, der
1856 986 2992 1054 Souper, das dem Künstler nach dem Konzert im Reichs¬
689 1002 1831 1100 wohl gar sein ganzes Unternehmen in Frage stellen
1849 1027 2995 1122 kanzlerpalais gegeben wurde, wird natürlich nicht das
692 1075 1840 1138 könnte. Hat dagegen die Zensur gesprochen, so ist der
1853 1104 2984 1168 einzige sein, das er hier zu überstehen haben wird.
703 1116 1836 1174 Theaterdirektor in seinen Entschließungen unbehindert; er
1838 1142 2990 1214 Man erblickt in Sapellnikoff einen neuen Anton Rubin¬
694 1173 1836 1230 kann ruhig an die Einrichtung und Ausführung des
1847 1183 2988 1262 stein und macht ihn deshalb frühzeitig zum Schoßkind
696 1223 1842 1296 Stückes gehen und die letzte Entscheidung dem Publikum
1838 1235 2501 1312 der internationalen Gesellschaft.
700 1267 1835 1349 und der Kritik überlassen. Würde die vorbeugende
1936 1289 2980 1376 Weniger gut als dem russischen Musiker und
696 1314 1828 1395 Theaterzensur abgeschafft, so wären die Theaterdirektoren
1843 1340 2978 1422 Komponisten ist es dem französischen Komponisten Char¬
690 1365 1823 1431 die geängstigtsten Leute von der Welt; und sie würden
1845 1394 2978 1457 pentier und seiner „Luise“ im Opernhause gegangen.
683 1410 1822 1486 noch feiger und verschlossener werden als sie es, wenig¬
1847 1444 2980 1525 Von der letzten Pariser Weltausstellung her war diesem
698 1461 1768 1534 stens den Stückeschreibern gegenüber, jetzt schon sind.
1841 1486 2980 1571 „Musikroman“ eine Reklame gemacht worden, welche die
784 1516 1822 1594 Mehr Aussicht auf Erfolg als die Herren des Goethe¬
1831 1547 2990 1609 Erwartung der Opernfreunde recht hoch gespannt hatte.
687 1555 1826 1639 Bundes dürften wohl die Artisten mit ihren Beschwerden
1841 1585 2972 1651 Leider wurde diese Erwartung in mehr als einer Be¬
697 1596 1819 1674 haben; denn ihnen mutet die Polizei wirklich etwas viel
1839 1633 2985 1725 ziehung enttäuscht; und auch Charpentier wird enttäuscht
695 1655 1819 1736 zu. Wenn das neue Kinderschutzgesetz streng gehandhabt
1832 1689 2972 1756 worden sein: denn der Kaiser, der sich sonst allen aus¬
690 1714 1823 1795 würde, so müßten Hunderte von Artistensamilien sehen
1838 1725 2981 1819 ländischen Künstlern gegenüber (zumal wenn sie aus
687 1766 1826 1841 wo sie blieben; denn ihre Kinder sind gewöhnlich die
1829 1788 2973 1861 Frankreich kommen) kaum genugtun kann an Aufmerk¬
689 1815 1815 1881 Hauptstützen ihrer „Nummern“. Dazu kommt, daß die
1842 1831 2975 1913 samkeiten, fehlte im Hause. Wie es heißt, soll die un¬
694 1865 1820 1937 „Kunst“ des Artisten schon früh, sehr früh geübt werden
1834 1888 2976 1964 sittliche Handlung des „Romans“ dem Kaiser ein Greuel
675 1890 1819 1975 muß; der Begriff der „Kinderarbeit“ darf bei ihnen
1834 1938 2982 2008 und die Unterdrückung des Werkes in Aussicht gewesen
678 1958 1816 2033 deshalb keine Anwendung finden. Während die Artisten¬
1832 1983 2967 2047 sein. Schließlich hatte man den geschlossenen Kontrakt
686 2010 1813 2080 kinder „arbeiten“ machen sie sich geschickt für ihr ganzes
1836 2030 2967 2110 halten und die Oper zur Aufführung bringen müssen.
680 2058 1821 2132 Leben; und es hieße, den Artistenberuf (z. B. den der
1827 2082 2979 2156 Aber man hätte vielleicht wirklich besser getan, wenn
675 2098 1819 2185 Gymnastiker) unmöglich machen, wenn man die „Kinder¬
1830 2135 2963 2198 man die schwache, für uns Deutsche ganz überflüssige
677 2157 1497 2217 arbeit“ auf Bühne und Brettl verböte.
1832 2180 2967 2243 Arbeit den Parisern überlassen hätte. Wäre nicht unter
774 2204 1822 2278 Inzwischen bereitet man hier alles vor für eine
1830 2231 2977 2312 Dr. Mucks Leitung das Orchester von Sieg zu Sieg
670 2247 1819 2331 glänzende Begehung des 15. Bismarck=Kommerses
1838 2278 2972 2348 geschritten, so hätte man den ganzen Abend für einen ver¬
681 2302 1821 2362 am 4. April, dem am 1. April die Grundsteinlegung der
1827 2330 2311 2391 lorenen halten müssen.
665 2340 1817 2425 großen Bismarck=Warte auf dem Müggelberge vor¬
1909 2366 2983 2460 Etwas besser fuhr das Publikum im „Deutschn
675 2416 1816 2469 ausgehen soll. Noch fehlen freilich etwa 30000 Mark an der
1830 2425 2967 2502 Theater“ mit Arthur Schnitzlers Trauerspiel „Der
669 2443 1808 2532 Summe, die zur Errichtung der Warte nötig ist; aber
1826 2477 2960 2558 Schleier der Beatrice". Obwohl dieser Schleier bei
669 2501 1800 2564 die Kleinigkeit wird sich hoffentlich schnell zusammen¬
1821 2539 2953 2602 Schnitzler eine ähnliche Rolle spielt, wie Desdemonas
672 2530 1811 2616 finden. Wenn der neueste russische Modepianist Sapell¬
1824 2575 2958 2661 Taschentuch bei Bacon,*) so ist das Ganze doch nicht ganz
668 2587 1797 2664 nikoff zu Gunsten der Bismarck=Warte ein Konzert
1824 2626 2963 2716 so grausig, wie das Trauerspiel auf Cypern; und wenn
672 2652 1805 2708 geben wollte, so würde die Summe wahrscheinlich sehr
1826 2676 2955 2747 das Glück günstig ist, so kann Beatrice ihren Schleier
668 2682 1812 2749 bald beisammen sein; denn diesen Künstler umbuhlt zur
1813 2726 2955 2804 recht oft vor den Augen des Berliner Publikums ver¬
662 2735 1985 2825 Zeit unsere hohe Gesellschaft ebenso sehr, wie ihn die lieren.
656 2782 1799 2871 musikalische Gesellschaft Berlins bewundert. Als er neu¬
659 2836 1809 2919 lich in der Singakademie ein Konzert gab, war der
1885 2855 2739 2958 *) Andere würden Shakespeare sagen.  D. Red.
1541 2950 2059 3054 dee g e g e g  6 90
1303 3055 2283 3206 Hof und Gesellschaft.
740 3168 1783 3280 Am 9. März vor fünfzehn Jahren starb Kaiser Wilhelm I.
1852 3233 2946 3304 Der Tod hat wieder große Heerschau gehalten in dieser Woche. Am
654 3242 1789 3323 Und am 10. war der Geburtstag der Königin Luise. Tout
1809 3265 2942 3352 4. März starb in Prag Prinz Eugen von Thurn und Taxis,
660 3294 1796 3377 Berlin hat dieser beiden Tage gedacht, trotz des Fastnachtskaters,
1805 3319 2945 3376 nur 25 Jahre alt, am Typhus. Er war der zweite Sohn des
655 3342 1305 3397 und sie in würdiger Weise gefeiert.
1806 3365 2941 3435 Prinzen Alexander und der Prinzessin Marie, geb. Hohenlohe¬
737 3388 1794 3454 Der Kaiser ist zurück aus Helgoland. Am 7. nahm er mit
1798 3406 2951 3485 Waldenburg=Schillingsfürst. Die beiden Brüder des Verstorbenen,
653 3431 1790 3507 seinem Bruder die Huldigungsfahrt der Automobilisten ent¬
1810 3452 2950 3537 Erich und Alexander, stehen im K. K. Husarenregiment Nr. 9 in
653 3482 1785 3533 gegen, die im Schmuck elektrischer Lampen die Hauptstraßen der
1804 3487 2004 3553 Odenburg.
648 3518 1791 3579 Stadt durchfuhren, und zwar ausnahmsweise langsam und überall
1872 3527 2262 3604 Und dann die Liste:
659 3553 1781 3650 (vielleicht der Langsamkeit halber) Beifall und Bewunderung er¬
1881 3578 2934 3669 Am 9. März im 80. Jahre der Geheime Ober=Justizrat a. D.
655 3598 818 3658 weckten.
1842 3598 2008 3683 Starck.
727 3630 1785 3722 Die Kaiserlichen Prinzen waren in Agypten. Sie haben den
1874 3650 2940 3744 Am 7. der Oberst a. D. Robert v. Poseck, Ritter des
652 3693 1785 3780 Chedive besucht, sich Kairo angesehen und fahren nun in das
1840 3715 2571 3771 Eisernen Kreuzes I. Klasse, in Halle a. S.
648 3731 913 3788 heilige Land.
1866 3750 2946 3829 Am 7. in Mentone der Generalleutnant z. D. Hans Florian
733 3760 1790 3850 Der Prinzregent Luitpold von Bayern vollendete am
1840 3802 2308 3864 von Nostitz=Drzewiecki.
644 3824 1786 3903 12. d. M. sein 82. Lebensjahr. Der Tag wurde in München be¬
1874 3847 2937 3924 Am 10. Generalmajor z. D. Moritz, früher Kommandeur
652 3867 940 3944 geistert gefeiert.
1824 3897 2754 3971 der 36. Kavalleriebrigade in Langfuhr, 66 Jahre alt.
