3484 4256
269 217 1850 321 14: Der Schleier der Beatrice
951 1107 1370 1211 Telefon 12801.
474 1203 1805 1273 Alex. Weiel’s Unternehmen für Zeitungs-Ausschnitt
1489 1271 1693 1329 Ausschaltt
449 1307 1816 1435 GA1105 „OBSERVER“ Nr. 61
426 1404 1777 1517 I. österr. behördl. cone. Bureau für Zeitungsberichte u. Personalnachrif
601 1480 1704 1575 Wien, IX, Türkenstrasse 17.
798 1560 1509 1663 — Filiale in Budapest: „Figyelé“ —
423 1630 1797 1738 Vertretungen in Berlin, Chicago, Genf, London, Newyork, Paris, Rom, Stuch
410 1744 1719 1844 Ausschnitt aus: Künehiner Poneete Nachrichten
414 1887 918 2015 vom /12 1000
679 2236 1602 2327 m. Breslau, 1. Dezember. (Privattelegr.) Am
624 2287 1594 2356 Lobetheater fand heute die erste Aufführung von Arthur
636 2331 1594 2389 Schnitzlers historischem Schauspiel „Der Schleier der
638 2358 1591 2437 Beatrice“ in vorzüglicher Einstudirung statt. Das Haus
632 2394 1602 2492 war ausverkauft, die Aufnahme glänzend. Der anwesende
631 2438 1180 2525 Autor wurde oft hervorgerufen.
876 2637 1421 2733 Bezugs-Bedingungen.
439 2719 1590 2807 Für 50 Zeitungsausschnitte (Artikel oder Notizen). Kr. 15.—
1634 2717 1759 2805 inc
528 2766 635 2814 100
1472 2776 1596 2835 28 —
535 2806 648 2851 200
1465 2816 1543 2861 50.
1249 2794 1305 2878 7
1639 2796 1762 2885 2
533 2846 637 2891 500
1444 2856 1601 2905 110.—
1435 2866 1735 2965 200.— im W
462 2881 651 2951 „ 1000
1241 2872 1301 2962 n
527 2933 1715 2992 Im Gegensatze zu anderen Bureaux für Zeitungsausschnitte
414 2967 1732 3039 Abonnement durch keine bestimmte Zeirdauer begrenzt: — auch steht)
410 3032 1712 3092 Abonnenten frei die aufgegebenen Themen zu ergänzen oder zu ändern.
531 3090 1745 3172 Der „OBSERVER“ veranstaltet täglich einen Auszug enthalte
426 3139 1728 3199 Inhaltsangabe aller wichtigen Mittheilungen der Wiener Mo)
423 3185 1743 3247 blätter (Tagesjournale ausser „Neue Freie Presse“ und „Wiener Ze
422 3231 1734 3283 wodurch eine Uebersicht über das gesammte politische und wirthschaftliche
423 3276 1742 3317 des In- und Auslandes in drastischer Kürze geboten wird. Diese Mitthe
414 3313 1228 3384 werden in Wien um 9 Uhr Früh verschickt.
713 3380 1547 3453 Prospecte gratis und franco.
1938 217 2404 323 box 20/2
2361 1196 2789 1280 Telefon 12801.
1893 1296 3247 1353 Alex. Weigl's Unternehmen für Zeitungs-Ausschnitte
2900 1352 3124 1425 Ausschnitt
1822 1386 2037 1515 A
2226 1385 3241 1500 „OBSERVER“ Nr. 46
1827 1504 3290 1579 I. österr. behördl. conc. Bureau für Zeitungsberichte u. Personalnachrichten
2022 1561 3119 1651 Wien, IX/j, Türkenstrasse 17.
2234 1649 2918 1733 Filiale in Budapest: „Figyeló“ —
1835 1695 3283 1798 Vertretungen in Berlin, Chicago, Genf, London, Newyork, Paris, Rom, Stuckholm.
2487 1798 3092 1918 Bohemia (Prag)
1835 1830 2458 1932 Ausschnitt aus:
1848 1932 2472 2082 Vom 2. (74. 79 9 0
2180 2227 3064 2324 * Arthur Schnitzlers Wer Schleier der
2093 2281 3059 2383 Beatrice“, welches Stück bekanntlich so lange in
2087 2351 3057 2427 der Direction des Hofburgtheaters lag, daß es für
2103 2401 3063 2456 angenommen galt, wurde im Breslauer Lobetheater
2100 2443 3068 2519 am Samstag mit einem tiefgreifenden Erfolge ge¬
2090 2497 3071 2568 spielt. Nach den Berichten dürfte „Der Schleier der
2100 2548 3059 2611 Beatrice" die reifste und wirkungsvollste Dichtung
2087 2586 2418 2644 Schnitzlers sein.
2294 2723 2847 2817 Bezugs-Bedingungen:
1872 2790 2994 2867 Für 50 Zeitungsausschnitte (Artikel oder Notizen) . Kr. 15.—
3046 2809 3246 2890 inclusive
1956 2843 2054 2895 100
3066 2871 3236 2921 Porto.
1957 2885 2058 2936 200
3058 2907 3232 2959 Zahlbar
1947 2930 2051 2972 500
2864 2919 3007 2981 110.—
2864 2950 3262 3039 200.—) im Voraus.
1885 2966 2070 3043 „ 1000
1959 3001 3294 3073 Im Gegensatze zu anderen Bureaux für Zeitungsausschnitte ist das
1844 3059 3296 3119 Abonnement durch keine bestimmte Zeitdauer begrenzt: — auch steht es den
1848 3108 3142 3186 Abonnenten frei die aufgegebenen Themen zu ergänzen oder zu ändern.
1961 3174 3285 3247 Der „OBSERVER“ veranstaltet täglich einen Auszug enthaltend die
1841 3238 3295 3285 Inhaltsangabe aller wichtigen Mittheilungen der Wiener Morgen¬
1845 3274 3282 3327 blütter (Tagesjournale ausser „Neue Freie Presse“ und „Wiener Zeitung“)
1846 3310 3269 3361 wodurch eine Uebersicht über das gesammte politische und wirthschaftliche Leben
1851 3350 3286 3409 des In- und Auslandes in drastischer Kürze geboten wird. Diese Mittheilungen
1837 3391 2648 3455 werden in Wien um 9 Uhr Früh verschickt.
2142 3468 2975 3541 Prospecte gratis und franco.
