3436 4320
1998 182 2467 287 box 20/2
348 185 1979 304 14. Der Schleier der Beatrice
2382 1210 2801 1286 Telefon 12801.
904 1212 1335 1309 Telefon 12801.
441 1311 1816 1401 Alex. Weigl’s Unternehmen für Zeitungs-Ausschnittel
1918 1318 3268 1417 Alex. Weigl'’s Unternehmen für Zeitungs-Ausschnitte
2928 1377 3140 1444 Ausschaltt
1448 1384 1677 1460 Ausschnitt
2954 1432 3204 1526 Nr.4 3
3136 1424 3268 1532 3
771 1427 1795 1540 „OBSERVER“ Nr. 85
1999 1435 2977 1564 J29 „OBSERVEK“
385 1514 3315 1623 I. österr. behördl. conc. Bureau für Zeitungsberichte u. Personalnachricht I. österr. behördl. conc. Bureau für Zeitungsberichte u. Personalnachrichten
2042 1584 3164 1689 Wien, IX, Türkenstrasse 17.
571 1599 1681 1697 Wien, IX, Türkenstrasse 17.
773 1670 1450 1758 — Filiale in Budapest: „Figyelé“-
2238 1677 2955 1761 — Filiale in Budapest: „Figyeló“ —
1866 1729 3313 1826 Vertretungen in Berlin, Chicago, Genf, London, Newyork, Paris, Rom, Stockbolm.
380 1742 1805 1837 Vertretungen in Berlin, Chicago, Genf, London, Newyork, Paris, Rom, Stockho
1858 1826 3127 1950 Ausschnitt aus: Wienen Abendpoet
374 1866 1166 1964 Ausschnitt aus: Muner
378 1995 901 2123 vom 2/2 090
1876 2020 2392 2132 vom 3½2.100V.
2801 2037 3114 2304 6
744 2311 1710 2396 Am Breslauer Lobe=Theater ist Schnitzlers
2287 2324 2514 2420 029-.
476 2365 1710 2437 neues Dramaj. Der Schleier der Beatrice" zum ersten Male
1958 2359 3067 2478 Arthur Schnitzlers „Schleier der Beatrice“
465 2416 1705 2470 aufgeführt worden, hat aber nur einen stark bestrittenen Erfolg er¬
1992 2408 3057 2519 #trrang in Breslau einen hübschen Erfolg. Eine völlig unzu¬
471 2461 1723 2530 zielt, wofür man anscheinend die Schuld zum Theil der unzulänglichen
1993 2456 3064 2563 reichende Darstellung verhinderie eine tiefere Wirkung. Der
463 2488 1020 2553 Darstellung zuschreiben muß. X
1994 2492 3068 2587 Wiener Dichter hätte nicht an einem reichsdeutschen Stadt¬
1979 2532 3070 2649 theater aufgeführt werden dürfen. In einzelnen Momenten
1985 2577 3053 2677 gab es unfreiwillig komische Episoden, so wenn eine rund¬
1988 2618 3047 2712 liche Dienstmädchen=Darstellerin mit spitzem berlinischen
1985 2658 3056 2772 Dialekt als florentinische Renaissance=Schönheit Schnitzler'sche
1981 2692 3048 2823 Berse sprach. Dazu kam ein unentwirrbares Chaos in der
843 2755 1408 2852 Bezugs-Bedingungen.
1979 2743 3086 2860 Co ümirung. Das Schlimmste aber war, daß die Dar¬
1982 2797 3326 2922 stellerin der Beatrice sich weder als Persönlichkeit, noch als—] inclusive
412 2823 1563 2906 Für 50 Zeitungsausschnitte (Artikel oder Notizen). Kr. 15.—
1433 2830 1808 2950 28 — inelusive
1945 2847 3108 2972 Pa Schauspielerin den allerdings gewaltigen Ansprüchen der —
495 2878 621 2927 100
3124 2893 3284 2940 Porto.
1981 2893 2421 2953 Rolle gewachsen zeigte.
1609 2899 1790 2950 Porto.
2393 2908 2493 2989 X
1423 2919 1556 2975 50.—
496 2911 629 2977 200
1204 2897 1269 2976 a
2003 2933 2123 2983 290
3099 2927 3307 2986 Zahlbar
1598 2913 1783 2993 Zahlbar
2970 2948 3091 3003 10.—
493 2953 611 3005 500
1407 2947 1593 3018 110.—
1997 2961 2123 3016 500
2871 2951 3329 3060 . 200.— im Voraus.
1386 2964 1815 3072 „ 200.—] im Voraus
424 2974 622 3062 „ 1000
1992 2998 2130 3079 1000
1948 2988 2018 3071 7
2015 3023 3361 3105 Im Gegensatze zu anderen Bureaux für Zeitungsausschnitte ist das
503 3043 1797 3108 Im Gegensatze zu anderen Bureaux für Zeitungsausschnitte ist d
381 3081 1821 3146 Abonnement durch keine bestimmte Zeitdauer begrenzt; — auch steht es d
1894 3081 3367 3170 Abonnement durch keine bestimmte Zeitdauer begrenzt; — auch steht es den
385 3134 1691 3202 Abonnenten frei die aufgegebenen Theinen zu ergänzen eder zu ändern.
1901 3115 3207 3209 Abonnenten frei die aufgegebener Theinen zu ergänzen oder zu ändern.
2016 3192 3354 3274 Der „OBSERVER“ veranstaltet täglich einen Auszug enthaltend die
495 3197 1819 3281 Der „OBSERVER“ veranstaltet täglich einen Auszug enthaltend d
1910 3249 3369 3319 Inhaltsangabe aller wichtigen Mittheilungen der Wiener Morgen¬
396 3260 1818 3305 Inhaltsangabe aller wichtigen Mittheilungen der Wiener Morgej
1912 3292 3358 3364 blätter Tagesjournale ausser „Neue Freie Presse“ und „Wiener Zeitung“)
394 3291 1816 3353 blütter (Tagesjournale ausser „Neue Freie Presse“ und „Wiener Zeitung
393 3331 1822 3400 wo lurch eine Uebersicht über das gesammte politische und wirthschaftliche Lebe
1904 3330 3358 3401 wolurch eine Uebersicht über das gesammte politische und wirthschaftliche Leben
408 3372 1815 3445 ’es In- und Auslandes in drastischer Kürze geboten wird. Diese Mittheilungt
1907 3372 3358 3434 des In- und Auslandes in drastischer Kürze geboten wird. Diese Mittheilungen
422 3421 1218 3479 den in Wien um 9 Uhr Früh verschickt.
1907 3416 2729 3496 weiden in Wien um 9 Uhr Früh verschickt.
691 3477 1552 3572 Prospecte gratis und franco.
2201 3482 3063 3586 Prospecte gratis und franco.
