3436 4384
268 279 1776 395 14. Der Schleier der Beatrige
927 1161 1345 1243 Telefon 12801.
447 1284 1805 1360 Alex. Weigl’s Unternehmen für Zeitungs-Ausschnitte
1485 1341 1674 1407 Ausschnitt
798 1354 1797 1503 „OBSERVER“ Nr. 66
358 1509 1833 1578 I. österr. behördl. conc. Bureau für Zeitungsberichte u. Personalnachrichten
582 1555 1689 1642 Wien, IX/1. Türkenstrasse 17.
796 1630 1453 1716 Filiale in Budapest: „Figyelé“
403 1720 1843 1785 Vertretungen in Berlin, Chicago, Genf, London, Newyork, Paris, Eom, Stockholm,
383 1828 928 1917 Ausschnitt aus:
990 1930 1689 2044 Breslauer Zeitung
402 1972 915 2116 Nom 3 3/676 0.
534 2244 1781 2320 Man soll übrigens den Tag nicht vor dem Abend tadeln. Herr
481 2284 1766 2371 Schlenther scheint in der letzten Zeit unruhig zu schlafen. Es
481 2368 1768 2411 geschehen Zeichen und Wunder. Stücke werden angenommen, die
491 2406 1782 2456 ihre Kasseneignung in Berlin und in München noch nicht erprobt
490 2454 1774 2514 haben. Was soll man dazu sagen, daß Hermann Bahrs „Der
479 2507 1781 2575 Apostel“ für das Wiener Burgtheater acceptirt wurde. Wer wollte
486 2559 1768 2612 annehmen, daß es Schlenthern, dem Burgtheatergewaltigen, nur
479 2602 1776 2653 darum zu thun war, in die Clique seiner Gegner Bresche zu schießen?
480 2654 1774 2689 Nein, nein, dreimal nein! Herr Schlenther ist es müde, den Wiener
487 2687 1774 2767 Litteraturjünglingen den Ruf gewiegter Shakesspearekenner zu ver¬
478 2745 1769 2809 schaffen, indem er sich von ihnen unablässig zurufen läßt: „Brutus
488 2797 1760 2859 schläfst Du?“ Er wendet der modernen Wiener Produktion sein
475 2848 1773 2910 Augenmerk zu..... Vielleicht handelt es sich auch nur um eine
478 2885 1781 2953 Reprise von — Schnitzlers „Schleier der Beatrice“ die auch ange¬
470 2918 1822 2996 nommen war und schließlich aufgeführt wurde, nach langen Kämpfen uss
484 2985 1782 3045 und nachdem die Wiener Kritiker in einem geharnischten Protest
1784 3013 1826 3073 8
476 3035 1819 3112 gegen Schlenthers Benehmen Wiener Autoren gegenüber vor die ##
433 3046 479 3099 Ab
476 3082 1776 3139 Oeffentlichkeit getreten waren. Die Aufführung dieses Burg¬
475 3122 1772 3194 theaterstückes fand freilich, wie Sie sich erinnern werden, nicht am
471 3173 1771 3259 Wienex-Burgtheater, sondern am Breslauer Lobe=Theater
400 3217 636 3283 In statt,
529 3235 1809 3324 erTagesjournale ausser „Neue Freie Piesse“ und „Wiener-Lonung
405 3270 1825 3362 wodurch eine Uebersicht über das gesammte politische und wirthschaftliche Lebei
416 3342 1833 3405 des In- und Auslandes in drastischer Kürze geboten wird. Diese Mittheilunge
409 3374 1213 3442 werden in Wien um 9 Uhr Früh verschickt.
696 3458 1541 3537 Prospecte gratis und franco.
1945 296 2379 392 box 20/1
2416 1008 2836 1075 Telefon 12801.
1946 1094 3284 1201 Alex. Weigl’s Unternehmen für Zeitungs-Ansschnitte
2949 1177 3167 1250 Ausschnttt
1991 1221 3236 1329 237 „SSSERvEn Nr. 5
1898 1311 3331 1385 I. österr. behördl. conc. Bureau für Zeitungsberichte u. Personalnachrichten
2070 1384 3159 1482 Wien, IX, Türkenstrasse 17.
2925 1488 2964 1544 —
2271 1474 2933 1556 Filiale in Budapest: „Figyelö“
1886 1539 3322 1611 Vertretungen in Berlin, Chicago, Genf, London, Newyork, Paris, Rom, Stockholm.
1877 1606 3214 1715 Ausschnitt aus: Oazme gretcent.
2513 1708 3124 1821 Gchl
1889 1798 2388 1906 von 44#rce
2087 2070 3148 2154 Auch die Theatersaison hat mit einer großen Affaire
2004 2139 3156 2191 ihren Anfang genommen. Die „vereinigten Kritiker“ für
2006 2172 3155 2233 das Burgtheater haben in einem offenen Schreiben dem
2011 2217 3157 2275 Direktor Schlenther ihren Unwillen zu erkennen gegeben,
1997 2261 3151 2321 weilner ein Stück Arthur Schnitzlers, das er zuerst ange¬
2008 2304 3156 2364 nommen haben soll, schließlich ohne Angabe von Gründen
2003 2344 3151 2393 refüsirt habe. Der Angegriffene replizirte; auch der Autor,
2005 2388 3156 2447 um den es sich handelte, nahm das Wort. Das Publikum
2006 2431 3159 2491 in seiner überwaltigenden Mehrheit nahm Partei für den
2011 2481 3150 2537 Direktor, der den Sachverhalt gründlich anders darstellte
2003 2519 3155 2571 als die Kritiker. Gewiß ist, daß das Schreiben der letz¬
2012 2563 3158 2609 teren durch die Indiskretionen, die darin enthalten waren
2006 2608 3154 2677 und die dahin abzuzielen schienen, Herrn Dr. Schlenther
1922 2622 2000 2683 Fu
2011 2650 3282 2716 in Berlin zu kompromittiren, einen freundlichen und sym= elusive
2002 2683 3258 2747 pathischen Eindruck nicht gemacht hat. In Hofkreisen war Porto.
2007 2731 3274 2785 man über diese Affaire sehr verstimmt, da ja das Burg= ahlbar
2001 2775 3296 2828 theater eine Art Inventarstück des k. k. Hofes ist, aber man Woraus.
2004 2826 3150 2884 ließ es Dr. Schlenther nicht entgelten, im Gegentheil, es
2019 2854 3315 2928 heißt, daß er fester in Gunst stehe, als je zuvor. Von den ist das
1876 2859 2001 2935 Abon
2015 2901 3308 2980 anderen Theatern feiern noch zwei der wichtigsten, das t es den
1874 2922 2000 2989 Abon
1992 2949 3153 3012 Theater an der Wien und das Karltheater. Dort wird
1998 2995 3157 3052 gebaut, reparirt und reformirt und erst Ende September
2007 3010 3310 3084 will man der Muse und dem Publikum Eingang gewähren Atend die
1891 3045 2000 3102 Inha
2013 3065 3315 3136 Im deutschen Volkstheater wird dagegen schon lange flottörgen¬
1881 3094 1995 3138 blä
3132 3092 3321 3167 Zeitung“)
1888 3130 2007 3185 wodur
2015 3127 3302 3187 darauf losgespielt. Neulich hatte man einen schönen Ein¬ je Leben
1880 3171 2012 3223 des 1
2006 3175 3312 3234 akterabend, in dessen Verlaufe das Stück eines Wiener seilungen
1885 3201 2006 3274 werde
2008 3211 3143 3270 Autors, Karl Schönherr, überraschend wirkte. Vor Jahr
2005 3266 3142 3312 und Tag hat dieser Schriftsteller mit einer kleinen Novelle
2001 3294 3143 3352 in Roseggers „Heimgarten“ debutirt. Man las sie, war
2002 3343 3144 3395 erstaunt, entzückt. Auf Befragen erwiderte Rosegger, Schön¬
2010 3384 3137 3438 herr sei ein junger Wiener Arzt und man möge Acht haben
2009 3428 3135 3481 auf dieses große Talent, das noch zu Schönem berufen sei.
2000 3465 3137 3525 Die Aufführung der einaktigen bäuerlichen Tragödie „Brave
2000 3504 3142 3560 Leute“ gab der Vorhersagung des steirischen Dichters voll¬
2000 3551 3135 3617 auf recht. Der neue Autor bewegt sich im Milieu Anzen¬
2014 3595 3140 3651 grubers, aber lyrischer, milder, weicher als sein großer Vor¬
2011 3641 3140 3697 gänger, und dann mit einem Male auch wieder rücksichts¬
2001 3686 3150 3752 loser und moderner. Was er uns diesmal zeigte, war der
1997 3724 3135 3776 Ehebruch in den Alpen, aber, wenn es gestattet ist zu sagen,
2009 3769 3146 3829 ein Ehebruch mit sittlichen und ethischen Motiven. Daber
1997 3815 3139 3870 eine kraftvolle originelle Sprache, eine hrillante Charakter¬
2002 3846 3170 3933 führung und einstimmig proklamirte die Kritik einen neuen
1999 3890 2777 3972 Prinzen im Genielande Anzenarubers.?
