<?xml version="1.0" encoding="UTF-8" standalone="yes"?>
<PcGts xmlns="http://schema.primaresearch.org/PAGE/gts/pagecontent/2013-07-15" xmlns:xsi="http://www.w3.org/2001/XMLSchema-instance" xsi:schemaLocation="http://schema.primaresearch.org/PAGE/gts/pagecontent/2013-07-15 http://schema.primaresearch.org/PAGE/gts/pagecontent/2013-07-15/pagecontent.xsd">
    <Metadata>
        <Creator>prov=University of Rostock/Institute of Mathematics/CITlab/Gundram Leifert/gundram.leifert@uni-rostock.de:name=ONB_Newseye_GT_M1+(htr_id=10810)::::v=2.4.2
prov=University of Rostock/Institute of Mathematics/CITlab/Tobias Gruening/tobias.gruening@uni-rostock.de:name=de.uros.citlab.module.baseline2polygon.B2PSeamMultiOriented:v=2.4.2
prov=University of Rostock/Institute of Mathematics/CITlab/Tobias Gruening/tobias.gruening@uni-rostock.de:name=/mnt/transkribus/LA/DEA/URO/LA_news_onb_att.pb:de.uros.citlab.segmentation.CITlab_LA_ML:v=2.4.2
Transkribus</Creator>
        <Created>2019-10-07T11:38:22.449+02:00</Created>
        <LastChange>2019-10-08T14:33:39.430+02:00</LastChange>
        <TranskribusMetadata docId="223979" pageId="9502623" pageNr="496" tsid="16591858" status="IN_PROGRESS" userId="40391" imgUrl="https://files.transkribus.eu/Get?id=QBBXWBJEBFRXLMPZOXVWCAZW&amp;fileType=view" xmlUrl="https://files.transkribus.eu/Get?id=ISYBAFISMAKRYBANUGEHGPTT" imageId="6192841"/>
    </Metadata>
    <Page imageFilename="223979_0496.jpeg" imageWidth="3436" imageHeight="4320">
        <ReadingOrder>
            <OrderedGroup id="ro_1711449304175" caption="Regions reading order">
                <RegionRefIndexed index="0" regionRef="r1"/>
            </OrderedGroup>
        </ReadingOrder>
        <TextRegion orientation="0.0" id="r1" custom="readingOrder {index:0;}">
            <Coords points="1132,0 1132,3905 2507,3905 2507,0"/>
            <TextLine id="r1l1" custom="readingOrder {index:0;}">
                <Coords points="1158,11 2331,36 2451,-5 2322,-35 1852,3 1767,-44 1718,3 1377,-1 1333,-37 1158,-6"/>
                <Baseline points="1167,5 1230,7 1294,8 1358,10 1422,11 1485,13 1549,13 1613,15 1677,16 1740,17 1804,17 1868,18 1932,19 1995,19 2059,19 2123,20 2187,20 2250,20 2314,21 2378,21 2442,21"/>
                <TextEquiv>
                    <Unicode>Dr Nacht vom Herzog gekräumt, wie er sie durch einen langen schmalen</Unicode>
                </TextEquiv>
            </TextLine>
            <TextLine id="r1l2" custom="readingOrder {index:1;}">
                <Coords points="1159,52 2443,76 2444,29 1160,15"/>
                <Baseline points="1167,47 1230,48 1293,49 1357,50 1420,51 1484,52 1547,53 1610,53 1674,54 1737,55 1801,56 1864,56 1927,57 1991,58 2054,58 2118,59 2181,60 2244,60 2308,61 2371,62 2435,62"/>
                <TextEquiv>
                    <Unicode>Gang zwischen endlos hohen Mauern dahinführte, über denen rote</Unicode>
                </TextEquiv>
            </TextLine>
            <TextLine id="r1l3" custom="readingOrder {index:2;}">
                <Coords points="1161,84 2450,112 2450,69 2353,61 1161,56"/>
                <Baseline points="1169,86 1232,87 1296,88 1359,89 1423,90 1487,90 1550,91 1614,91 1677,92 1741,92 1805,93 1868,93 1932,93 1995,94 2059,94 2123,95 2186,95 2250,96 2313,97 2377,97 2441,98"/>
                <TextEquiv>
                    <Unicode>Polken standen. Und sie gingen in ein Zimmer, in dem grüne Lichter</Unicode>
                </TextEquiv>
            </TextLine>
            <TextLine id="r1l4" custom="readingOrder {index:3;}">
                <Coords points="1150,136 1176,130 1195,140 1210,129 1242,138 1268,132 1289,140 1321,132 1334,136 1344,128 1362,135 1363,108 1338,110 1311,93 1300,99 1258,93 1240,101 1182,91 1151,102"/>
                <Baseline points="1158,123 1186,123 1214,124 1242,126 1270,126 1298,127 1326,128 1354,127"/>
                <TextEquiv>
                    <Unicode>brannten</Unicode>
                </TextEquiv>
            </TextLine>
            <TextLine id="r1l5" custom="readingOrder {index:4;}">
                <Coords points="1471,136 2448,145 2448,111 2396,104 1471,109"/>
                <Baseline points="1478,128 1526,129 1574,129 1622,129 1670,130 1718,130 1766,131 1814,131 1862,131 1910,132 1959,132 2007,133 2055,133 2103,134 2151,134 2199,135 2247,136 2295,136 2343,137 2391,138 2440,138"/>
                <TextEquiv>
                    <Unicode>und dann kommt in der Schilderung das Ruhebett,</Unicode>
                </TextEquiv>
            </TextLine>
            <TextLine id="r1l6" custom="readingOrder {index:5;}">
                <Coords points="1148,162 2004,176 2004,140 1954,134 1148,135"/>
                <Baseline points="1156,162 1200,162 1244,162 1288,163 1332,164 1376,164 1420,165 1465,166 1509,167 1553,168 1597,168 1641,169 1685,170 1730,171 1774,171 1818,171 1862,171 1906,171 1950,171 1995,170"/>
                <TextEquiv>
                    <Unicode>und der Herzog, der sich über Beatrice neigt —</Unicode>
                </TextEquiv>
            </TextLine>
            <TextLine id="r1l7" custom="readingOrder {index:6;}">
                <Coords points="2079,175 2331,189 2383,173 2414,185 2451,180 2442,144 2191,143 2165,153 2079,139"/>
                <Baseline points="2087,172 2112,173 2137,173 2163,173 2188,174 2214,174 2239,174 2265,174 2290,175 2315,175 2341,175 2366,175 2392,174 2417,174 2443,174"/>
                <TextEquiv>
                    <Unicode>und man findet es</Unicode>
                </TextEquiv>
            </TextLine>
            <TextLine id="r1l8" custom="readingOrder {index:7;}">
                <Coords points="1198,217 2439,219 2428,175 1199,168"/>
                <Baseline points="1207,203 1268,204 1329,205 1390,206 1451,207 1513,208 1574,209 1635,209 1696,210 1757,210 1819,211 1880,211 1941,211 2002,212 2063,212 2125,212 2186,213 2247,213 2308,213 2369,214 2431,214"/>
                <TextEquiv>
                    <Unicode>#r begreiflich, wenn der aus allen Himmeln gerissene Dichter nicht</Unicode>
                </TextEquiv>
            </TextLine>
            <TextLine id="r1l9" custom="readingOrder {index:8;}">
                <Coords points="1206,243 2448,250 2437,214 1206,212"/>
                <Baseline points="1214,239 1275,241 1336,242 1397,244 1459,245 1520,246 1581,247 1642,248 1704,249 1765,249 1826,250 1887,251 1949,251 2010,252 2071,252 2132,252 2194,253 2255,253 2316,253 2377,253 2439,254"/>
                <TextEquiv>
                    <Unicode>r Nachtreter auf dem Wege des Herzogs sein will und der edlen</Unicode>
                </TextEquiv>
            </TextLine>
            <TextLine id="r1l10" custom="readingOrder {index:9;}">
                <Coords points="1157,277 2446,302 2433,249 1157,243"/>
                <Baseline points="1165,270 1228,273 1292,277 1355,280 1419,282 1483,284 1546,286 1610,287 1673,288 1737,288 1801,289 1864,289 1928,289 1991,289 2055,289 2119,289 2182,288 2246,288 2309,289 2373,289 2437,290"/>
                <TextEquiv>
                    <Unicode>A#atrice den Laufpaß gibt, ein Verfahren, das die kindliche Seele</Unicode>
                </TextEquiv>
            </TextLine>
            <TextLine id="r1l11" custom="readingOrder {index:10;}">
                <Coords points="1145,312 2446,343 2446,303 2380,294 1146,285"/>
                <Baseline points="1153,313 1217,315 1281,318 1345,320 1409,321 1474,322 1538,324 1602,324 1666,325 1730,325 1795,326 1859,326 1923,326 1987,326 2051,327 2116,327 2180,327 2244,328 2308,328 2372,329 2437,330"/>
                <TextEquiv>
                    <Unicode>###s Mädchens nicht begreift. Bald darauf schreitet Beatrice an der</Unicode>
                </TextEquiv>
            </TextLine>
            <TextLine id="r1l12" custom="readingOrder {index:11;}">
                <Coords points="1148,342 2448,375 2448,339 2290,329 1148,326"/>
                <Baseline points="1155,352 1219,353 1283,355 1347,356 1412,357 1476,358 1540,359 1604,360 1669,360 1733,361 1797,361 1861,362 1926,363 1990,363 2054,364 2118,365 2183,365 2247,366 2311,367 2375,368 2440,369"/>
                <TextEquiv>
                    <Unicode>Seite des jungen Vittorino Monaldi, eines Gehilfen ihres Vaters, zur</Unicode>
                </TextEquiv>
            </TextLine>
            <TextLine id="r1l13" custom="readingOrder {index:12;}">
                <Coords points="1155,393 2439,422 2440,377 2362,370 1156,363"/>
                <Baseline points="1163,393 1226,394 1289,394 1353,395 1416,396 1480,397 1543,398 1607,399 1670,401 1734,402 1797,403 1860,404 1924,404 1987,405 2051,406 2114,406 2178,406 2241,406 2305,405 2368,405 2432,404"/>
                <TextEquiv>
                    <Unicode>#rche, um sich mit Vittorino trauen zu lassen. Eilig wird der Akt,</Unicode>
                </TextEquiv>
            </TextLine>
            <TextLine id="r1l14" custom="readingOrder {index:13;}">
                <Coords points="1142,439 2441,457 2441,418 2273,405 1142,406"/>
                <Baseline points="1150,431 1214,432 1278,433 1342,434 1406,435 1470,437 1534,437 1599,438 1663,439 1727,439 1791,440 1855,441 1919,441 1983,442 2048,443 2112,443 2176,444 2240,444 2304,445 2368,446 2433,446"/>
                <TextEquiv>
                    <Unicode>da der Feind vor den Toren steht und Vittorino an dem Verzweif¬</Unicode>
                </TextEquiv>
            </TextLine>
            <TextLine id="r1l15" custom="readingOrder {index:14;}">
                <Coords points="1151,481 2444,502 2445,459 1151,450"/>
                <Baseline points="1159,472 1222,472 1286,473 1350,473 1414,474 1478,474 1542,475 1606,476 1670,476 1734,477 1798,478 1861,479 1925,479 1989,480 2053,480 2117,481 2181,481 2245,481 2309,482 2373,482 2437,482"/>
                <TextEquiv>
                    <Unicode>lungskampfe teilnehmen will. Da kommt der Herzog die Straße ent¬</Unicode>
                </TextEquiv>
            </TextLine>
            <TextLine id="r1l16" custom="readingOrder {index:15;}">
                <Coords points="1149,518 2453,536 2453,476 1150,479"/>
                <Baseline points="1157,510 1221,510 1285,510 1350,510 1414,511 1479,511 1543,512 1607,513 1672,514 1736,515 1801,516 1865,517 1929,519 1994,519 2058,520 2123,521 2187,521 2251,521 2316,521 2380,521 2445,520"/>
                <TextEquiv>
                    <Unicode>leng und sieht Beatrice, er erkennt die Schönheit wieder, die seine Sinne</Unicode>
                </TextEquiv>
            </TextLine>
            <TextLine id="r1l17" custom="readingOrder {index:16;}">
                <Coords points="1155,554 2447,567 2363,524 1155,519"/>
                <Baseline points="1163,549 1226,550 1290,550 1354,551 1418,551 1482,552 1545,553 1609,554 1673,554 1737,555 1801,556 1864,556 1928,557 1992,557 2056,558 2120,559 2183,559 2247,559 2311,560 2375,560 2439,561"/>
                <TextEquiv>
                    <Unicode>###rüickt hat, es folgt eine hypnotische Szene, Beatrice steht unter dem</Unicode>
                </TextEquiv>
            </TextLine>
            <TextLine id="r1l18" custom="readingOrder {index:17;}">
                <Coords points="1151,586 2443,614 2443,569 2346,561 1151,559"/>
                <Baseline points="1159,589 1222,589 1286,589 1350,589 1414,590 1477,590 1541,591 1605,592 1669,593 1732,594 1796,595 1860,596 1924,597 1987,598 2051,598 2115,599 2179,599 2242,599 2306,599 2370,599 2434,598"/>
                <TextEquiv>
                    <Unicode>Banne des Mannes, von dem sie so süß geträumt hat, und sie erklärt</Unicode>
                </TextEquiv>
            </TextLine>
            <TextLine id="r1l19" custom="readingOrder {index:18;}">
                <Coords points="1146,629 2446,634 2306,597 1146,595"/>
                <Baseline points="1154,627 1218,627 1282,627 1346,627 1410,627 1475,628 1539,628 1603,629 1667,630 1731,631 1796,632 1860,633 1924,634 1988,634 2052,635 2117,636 2181,636 2245,636 2309,636 2373,636 2438,635"/>
                <TextEquiv>
                    <Unicode>sich trotz des tapferen Widerspruchs ihres Bruders und ihres Bräuti¬</Unicode>
                </TextEquiv>
            </TextLine>
            <TextLine id="r1l20" custom="readingOrder {index:19;}">
                <Coords points="1158,661 2447,682 2438,635 1158,633"/>
                <Baseline points="1166,665 1229,666 1293,666 1356,666 1420,667 1484,668 1547,668 1611,669 1675,670 1738,671 1802,672 1866,673 1929,673 1993,674 2057,675 2120,675 2184,676 2248,676 2311,676 2375,677 2439,676"/>
                <TextEquiv>
                    <Unicode>ams für den Herzog, der sie zu seiner Auserwählten erklärt. Als</Unicode>
                </TextEquiv>
            </TextLine>
            <TextLine id="r1l21" custom="readingOrder {index:20;}">
                <Coords points="1154,721 2413,729 2446,682 1155,663"/>
                <Baseline points="1163,702 1226,702 1290,703 1354,704 1417,705 1481,706 1545,706 1608,707 1672,708 1736,709 1800,710 1863,711 1927,711 1991,712 2054,712 2118,713 2182,713 2245,713 2309,713 2373,712 2437,712"/>
                <TextEquiv>
                    <Unicode>sch der hypnotische Bann löst, hat die schwärmerische Beatrice plötzlich</Unicode>
                </TextEquiv>
            </TextLine>
            <TextLine id="r1l22" custom="readingOrder {index:21;}">
                <Coords points="1148,736 2444,757 2428,718 1148,714"/>
                <Baseline points="1156,744 1223,743 1290,742 1357,742 1425,743 1492,744 1559,745 1627,746 1694,747 1761,749 1829,750 1896,751 1963,752 2031,753 2098,754 2165,754 2233,754 2300,754 2367,753 2435,751"/>
                <TextEquiv>
                    <Unicode>soriel Weltklugheit, auf die Ehe mit dem Herzoge zu dringen. Die</Unicode>
                </TextEquiv>
            </TextLine>
            <TextLine id="r1l23" custom="readingOrder {index:22;}">
                <Coords points="1150,781 2370,810 2447,801 2448,759 1151,745"/>
                <Baseline points="1159,784 1223,783 1287,783 1351,783 1415,783 1479,783 1543,784 1607,785 1671,786 1735,786 1799,788 1863,788 1927,789 1991,790 2055,790 2119,791 2183,791 2247,791 2311,791 2375,790 2439,789"/>
                <TextEquiv>
                    <Unicode>Sochzeit wird denn auch unverrüiglich angesetzt — die Belagerung treibt</Unicode>
                </TextEquiv>
            </TextLine>
            <TextLine id="r1l24" custom="readingOrder {index:23;}">
                <Coords points="1154,831 2444,851 2445,802 1154,793"/>
                <Baseline points="1162,820 1225,820 1289,820 1353,821 1417,821 1480,822 1544,823 1608,824 1672,824 1735,825 1799,826 1863,827 1927,828 1990,829 2054,829 2118,830 2182,831 2245,831 2309,831 2373,832 2437,832"/>
                <TextEquiv>
                    <Unicode>ja zur Eile. Vittorino ersticht sich, und Beatrice wird mit dem Herzoge</Unicode>
                </TextEquiv>
            </TextLine>
            <TextLine id="r1l25" custom="readingOrder {index:24;}">
                <Coords points="1144,851 2452,870 2126,823 1144,833"/>
                <Baseline points="1152,859 1216,858 1281,858 1345,858 1410,859 1475,859 1539,860 1604,861 1668,862 1733,863 1798,864 1862,865 1927,866 1991,867 2056,867 2120,868 2185,868 2250,868 2314,868 2379,867 2444,865"/>
                <TextEquiv>
                    <Unicode>gerraut. Von der Hochzeit aber — es ist inzwischen Nacht geworden —</Unicode>
                </TextEquiv>
            </TextLine>
            <TextLine id="r1l26" custom="readingOrder {index:25;}">
                <Coords points="1146,900 2442,920 2442,868 2400,866 1147,867"/>
                <Baseline points="1154,895 1221,896 1288,897 1355,898 1423,898 1490,899 1557,900 1625,901 1692,902 1759,902 1827,903 1894,904 1961,905 2029,905 2096,906 2163,907 2231,908 2298,909 2365,909 2433,910"/>
                <TextEquiv>
                    <Unicode>schleicht sie sich zu ihrem ersten Liebhaber, dem Dichter Loschi, der in</Unicode>
                </TextEquiv>
            </TextLine>
            <TextLine id="r1l27" custom="readingOrder {index:26;}">
                <Coords points="1148,941 2450,973 2451,927 2368,908 1149,904"/>
                <Baseline points="1156,933 1220,934 1284,935 1348,935 1413,936 1477,937 1541,938 1606,939 1670,940 1734,941 1799,942 1863,943 1927,944 1991,945 2056,946 2120,947 2184,948 2249,948 2313,949 2377,949 2442,950"/>
                <TextEquiv>
                    <Unicode>der Zwischenzeit Orgien mit zwei berüchtigten Courtisanen gefeiert hat.</Unicode>
                </TextEquiv>
            </TextLine>
            <TextLine id="r1l28" custom="readingOrder {index:27;}">
                <Coords points="1152,974 2439,996 2397,949 1152,940"/>
                <Baseline points="1160,974 1223,974 1287,974 1350,974 1414,975 1477,975 1541,976 1604,977 1668,978 1731,979 1795,980 1859,981 1922,982 1986,983 2049,983 2113,984 2176,985 2240,985 2303,986 2367,986 2431,986"/>
                <TextEquiv>
                    <Unicode>um in süßer Umarmung mit ihm zu sterben. Es folgt eine Szene, die</Unicode>
                </TextEquiv>
            </TextLine>
            <TextLine id="r1l29" custom="readingOrder {index:28;}">
                <Coords points="1147,1009 2437,1027 2394,988 1147,979"/>
                <Baseline points="1154,1015 1217,1014 1281,1014 1345,1014 1409,1015 1472,1015 1536,1016 1600,1017 1664,1018 1727,1019 1791,1020 1855,1021 1919,1021 1982,1022 2046,1023 2110,1023 2174,1024 2237,1024 2301,1024 2365,1024 2429,1023"/>
                <TextEquiv>
                    <Unicode>in ihrer psychologischen Verzwicktheit nur ein Dekadent schreiben konnte.</Unicode>
                </TextEquiv>
            </TextLine>
            <TextLine id="r1l30" custom="readingOrder {index:29;}">
                <Coords points="1142,1042 2447,1083 2433,1025 1143,1013"/>
                <Baseline points="1150,1050 1214,1051 1279,1053 1343,1054 1408,1055 1472,1056 1537,1057 1601,1057 1666,1058 1730,1059 1795,1060 1859,1060 1924,1061 1988,1061 2053,1061 2117,1062 2182,1062 2246,1062 2311,1062 2375,1062 2440,1061"/>
                <TextEquiv>
                    <Unicode>Trochi erwägt nochmals die Möglichkeit der gemeinsamen Flucht,</Unicode>
                </TextEquiv>
            </TextLine>
            <TextLine id="r1l31" custom="readingOrder {index:30;}">
                <Coords points="1140,1097 2264,1120 2415,1106 2440,1064 1141,1050"/>
                <Baseline points="1149,1088 1213,1089 1277,1090 1341,1091 1405,1092 1469,1093 1533,1094 1597,1095 1661,1096 1725,1097 1790,1098 1854,1099 1918,1100 1982,1100 2046,1101 2110,1101 2174,1102 2238,1102 2302,1102 2366,1102 2431,1101"/>
                <TextEquiv>
                    <Unicode>B#aerice will jedoch die große Schuld nur mit dem Tode fühnen nur</Unicode>
                </TextEquiv>
            </TextLine>
            <TextLine id="r1l32" custom="readingOrder {index:31;}">
                <Coords points="1139,1134 1158,1131 1171,1138 1196,1132 1231,1135 1232,1094 1208,1100 1195,1100 1180,1093 1140,1097"/>
                <Baseline points="1147,1126 1172,1124 1197,1124 1223,1128"/>
                <TextEquiv>
                    <Unicode>der</Unicode>
                </TextEquiv>
            </TextLine>
            <TextLine id="r1l33" custom="readingOrder {index:32;}">
                <Coords points="1234,1130 2449,1159 2450,1104 2356,1099 1235,1095"/>
                <Baseline points="1243,1128 1302,1129 1362,1130 1422,1131 1482,1132 1542,1133 1602,1134 1662,1135 1722,1136 1782,1137 1842,1138 1901,1139 1961,1140 2021,1140 2081,1141 2141,1141 2201,1142 2261,1142 2321,1142 2381,1142 2441,1142"/>
                <TextEquiv>
                    <Unicode>Tod rechtfertigt und macht rein, was sie begangen hat. Decher</Unicode>
                </TextEquiv>
            </TextLine>
            <TextLine id="r1l34" custom="readingOrder {index:33;}">
                <Coords points="1146,1175 1258,1180 1328,1164 1404,1177 1433,1161 1460,1180 1523,1171 1523,1140 1478,1134 1431,1143 1379,1143 1358,1130 1323,1141 1297,1131 1287,1141 1245,1130 1147,1136"/>
                <Baseline points="1154,1168 1179,1168 1205,1168 1231,1168 1257,1168 1283,1168 1309,1168 1335,1168 1360,1168 1386,1168 1412,1168 1438,1168 1464,1169 1490,1169 1516,1170"/>
                <TextEquiv>
                    <Unicode>mit und ohne Gift</Unicode>
                </TextEquiv>
            </TextLine>
            <TextLine id="r1l35" custom="readingOrder {index:34;}">
                <Coords points="1521,1178 2442,1183 2411,1146 2186,1134 1522,1141"/>
                <Baseline points="1530,1172 1575,1172 1620,1173 1665,1173 1710,1174 1756,1174 1801,1174 1846,1175 1891,1175 1936,1176 1982,1176 2027,1177 2072,1177 2117,1177 2162,1178 2208,1178 2253,1178 2298,1178 2343,1178 2388,1178 2434,1178"/>
                <TextEquiv>
                    <Unicode>— dem Gifte der Courtisane Lucrezia — soielen</Unicode>
                </TextEquiv>
            </TextLine>
            <TextLine id="r1l36" custom="readingOrder {index:35;}">
                <Coords points="1142,1209 2449,1209 1142,1171"/>
                <Baseline points="1150,1209 1214,1208 1279,1208 1343,1208 1408,1208 1472,1208 1537,1209 1601,1210 1666,1211 1730,1212 1795,1213 1859,1214 1924,1215 1988,1216 2053,1217 2117,1217 2182,1218 2246,1218 2311,1219 2375,1219 2440,1218"/>
                <TextEquiv>
                    <Unicode>dann eine Rolle, Beatriee bekommt in kindlicher Weise Furcht vor dem</Unicode>
                </TextEquiv>
            </TextLine>
            <TextLine id="r1l37" custom="readingOrder {index:36;}">
                <Coords points="1143,1251 2224,1286 2397,1280 2435,1229 1144,1210"/>
                <Baseline points="1151,1246 1214,1246 1278,1245 1342,1246 1406,1246 1470,1247 1533,1247 1597,1248 1661,1249 1725,1251 1789,1252 1852,1253 1916,1254 1980,1255 2044,1256 2108,1256 2171,1257 2235,1257 2299,1257 2363,1257 2427,1256"/>
                <TextEquiv>
                    <Unicode>Lode, und Loschi stirbt schließlich allein. Beatrice aber flieht voll Ent¬</Unicode>
                </TextEquiv>
            </TextLine>
            <TextLine id="r1l38" custom="readingOrder {index:37;}">
                <Coords points="1144,1292 2095,1307 2133,1259 1145,1255"/>
                <Baseline points="1152,1284 1200,1285 1249,1285 1297,1285 1346,1286 1395,1286 1443,1286 1492,1287 1540,1287 1589,1287 1638,1288 1686,1288 1735,1289 1783,1289 1832,1290 1881,1291 1929,1291 1978,1292 2026,1294 2075,1295 2124,1296"/>
                <TextEquiv>
                    <Unicode>setzen zurück zur Hochzeitsgesellschaft und zum Herzog.</Unicode>
                </TextEquiv>
            </TextLine>
            <TextLine id="r1l39" custom="readingOrder {index:38;}">
                <Coords points="1223,1318 2410,1348 2441,1290 1223,1302"/>
                <Baseline points="1230,1320 1290,1321 1350,1323 1410,1324 1470,1325 1530,1326 1590,1327 1650,1328 1710,1328 1770,1329 1831,1329 1891,1329 1951,1330 2011,1330 2071,1330 2131,1331 2191,1331 2251,1331 2311,1331 2371,1332 2432,1332"/>
                <TextEquiv>
                    <Unicode>Es war nötig, Beatrice auf ihren Wegen zu folgen, um die Rarität</Unicode>
                </TextEquiv>
            </TextLine>
            <TextLine id="r1l40" custom="readingOrder {index:39;}">
                <Coords points="1135,1353 2390,1387 2443,1383 2444,1340 1135,1324"/>
                <Baseline points="1143,1357 1207,1359 1272,1360 1336,1361 1401,1362 1466,1364 1530,1365 1595,1365 1660,1366 1724,1367 1789,1368 1854,1369 1918,1370 1983,1371 2048,1372 2112,1373 2177,1374 2242,1375 2306,1377 2371,1378 2436,1380"/>
                <TextEquiv>
                    <Unicode>ieses unerforschlichen Charakters kennen zu lernen. Das Mädchen,</Unicode>
                </TextEquiv>
            </TextLine>
            <TextLine id="r1l41" custom="readingOrder {index:40;}">
                <Coords points="1150,1411 2437,1432 2451,1387 1150,1364"/>
                <Baseline points="1158,1395 1222,1397 1286,1399 1350,1400 1414,1401 1479,1402 1543,1403 1607,1404 1671,1405 1735,1406 1800,1406 1864,1407 1928,1407 1992,1408 2056,1409 2121,1410 2185,1411 2249,1412 2313,1413 2377,1415 2442,1417"/>
                <TextEquiv>
                    <Unicode>#a# bei allem Unheil, das sie angerichtet, das reine Kind bleibt, bringt</Unicode>
                </TextEquiv>
            </TextLine>
            <TextLine id="r1l42" custom="readingOrder {index:41;}">
                <Coords points="1207,1446 2444,1450 2362,1415 1207,1407"/>
                <Baseline points="1214,1439 1275,1440 1336,1441 1397,1441 1458,1442 1519,1443 1580,1443 1641,1444 1702,1445 1763,1445 1824,1446 1885,1447 1946,1447 2007,1448 2068,1448 2129,1449 2190,1449 2251,1450 2312,1451 2373,1451 2435,1452"/>
                <TextEquiv>
                    <Unicode>fertig, zwei große Leidenschaften zu gleicher Zeit in ihrem weiten</Unicode>
                </TextEquiv>
            </TextLine>
            <TextLine id="r1l43" custom="readingOrder {index:42;}">
                <Coords points="1146,1490 2435,1508 2426,1451 1147,1445"/>
                <Baseline points="1155,1476 1218,1476 1282,1477 1345,1478 1409,1479 1473,1480 1536,1481 1600,1481 1663,1482 1727,1483 1791,1484 1854,1485 1918,1486 1981,1487 2045,1487 2109,1488 2172,1488 2236,1488 2299,1489 2363,1488 2427,1488"/>
                <TextEquiv>
                    <Unicode>Herzen zu beherbergen, sie läuft von dem Einen zum Andern und wie¬</Unicode>
                </TextEquiv>
            </TextLine>
            <TextLine id="r1l44" custom="readingOrder {index:43;}">
                <Coords points="1194,1528 2448,1524 2439,1481 1195,1488"/>
                <Baseline points="1203,1516 1264,1517 1326,1517 1388,1518 1450,1519 1512,1519 1574,1520 1635,1521 1697,1521 1759,1522 1821,1522 1883,1523 1945,1524 2007,1524 2068,1525 2130,1525 2192,1526 2254,1526 2316,1526 2378,1527 2440,1527"/>
                <TextEquiv>
                    <Unicode>r zurück und bleibt immer naiv. Ein wirkliches kleines Ungeheuer</Unicode>
                </TextEquiv>
            </TextLine>
            <TextLine id="r1l45" custom="readingOrder {index:44;}">
                <Coords points="1197,1547 2433,1586 2443,1529 1197,1529"/>
                <Baseline points="1205,1553 1266,1553 1328,1554 1389,1554 1451,1555 1512,1555 1574,1556 1635,1557 1697,1558 1758,1559 1820,1560 1881,1560 1943,1561 2004,1562 2066,1563 2127,1564 2189,1564 2250,1564 2312,1565 2373,1565 2435,1564"/>
                <TextEquiv>
                    <Unicode>ob man es in der Renaissance oder in der gegenwärtigen Zeit der</Unicode>
                </TextEquiv>
            </TextLine>
            <TextLine id="r1l46" custom="readingOrder {index:45;}">
                <Coords points="1134,1590 2342,1618 2433,1578 1134,1549"/>
                <Baseline points="1141,1590 1205,1591 1269,1591 1333,1592 1397,1592 1462,1593 1526,1594 1590,1595 1654,1596 1718,1597 1783,1598 1847,1599 1911,1600 1975,1601 2039,1601 2104,1602 2168,1603 2232,1603 2296,1604 2360,1604 2425,1604"/>
                <TextEquiv>
                    <Unicode>##tadence für möglich halten will, ist Geschmackssache. Beatrice hat in</Unicode>
                </TextEquiv>
            </TextLine>
            <TextLine id="r1l47" custom="readingOrder {index:46;}">
                <Coords points="1145,1633 2434,1654 2427,1608 1146,1599"/>
                <Baseline points="1153,1629 1216,1630 1280,1631 1344,1632 1407,1633 1471,1633 1535,1634 1598,1635 1662,1635 1726,1636 1790,1637 1853,1637 1917,1638 1981,1639 2044,1639 2108,1640 2172,1641 2235,1641 2299,1642 2363,1643 2427,1644"/>
                <TextEquiv>
                    <Unicode>Pr#chis Wohnung einen kostbaren Schleier zurückgelassen, den ihr der</Unicode>
                </TextEquiv>
            </TextLine>
            <TextLine id="r1l48" custom="readingOrder {index:47;}">
                <Coords points="1144,1681 2435,1674 1145,1633"/>
                <Baseline points="1153,1668 1216,1668 1280,1669 1344,1670 1407,1670 1471,1671 1535,1672 1598,1673 1662,1674 1726,1675 1790,1676 1853,1677 1917,1678 1981,1679 2044,1680 2108,1681 2172,1681 2235,1682 2299,1682 2363,1682 2427,1682"/>
                <TextEquiv>
                    <Unicode>Herzog geschenkt hat. Sie soll sagen, wo sie gewesen ist, wo sie den</Unicode>
                </TextEquiv>
            </TextLine>
            <TextLine id="r1l49" custom="readingOrder {index:48;}">
                <Coords points="1145,1707 2431,1734 2415,1684 1146,1681"/>
                <Baseline points="1153,1709 1216,1708 1280,1709 1343,1709 1407,1710 1470,1710 1534,1711 1597,1712 1661,1713 1724,1714 1788,1716 1851,1716 1915,1718 1978,1718 2042,1719 2105,1720 2169,1720 2232,1720 2296,1720 2359,1719 2423,1718"/>
                <TextEquiv>
                    <Unicode>Schleier gelassen hat, eine Notlüge schlägt fehl, und der Herzog ver¬</Unicode>
                </TextEquiv>
            </TextLine>
            <TextLine id="r1l50" custom="readingOrder {index:49;}">
                <Coords points="1144,1759 2388,1772 2431,1724 1145,1707"/>
                <Baseline points="1152,1746 1215,1746 1279,1747 1342,1747 1406,1748 1469,1749 1533,1750 1596,1751 1660,1752 1723,1753 1787,1755 1851,1756 1914,1757 1978,1758 2041,1759 2105,1760 2168,1760 2232,1761 2295,1761 2359,1761 2423,1760"/>
                <TextEquiv>
                    <Unicode>urteilt sie zum Tode. Entsetzen ergreift sie, und um nicht sterben zu</Unicode>
                </TextEquiv>
            </TextLine>
            <TextLine id="r1l51" custom="readingOrder {index:50;}">
                <Coords points="1141,1785 2439,1795 2365,1756 1142,1758"/>
                <Baseline points="1149,1786 1213,1785 1277,1785 1341,1785 1405,1786 1469,1786 1533,1788 1597,1789 1661,1790 1725,1792 1789,1793 1853,1795 1917,1796 1981,1797 2045,1798 2109,1798 2173,1798 2237,1798 2301,1797 2365,1795 2430,1793"/>
                <TextEquiv>
                    <Unicode>müssen, führt sie den Herzog in Loschis Haus. Man findet den Schleier</Unicode>
                </TextEquiv>
            </TextLine>
            <TextLine id="r1l52" custom="readingOrder {index:51;}">
                <Coords points="1144,1829 2436,1846 2436,1797 1144,1787"/>
                <Baseline points="1151,1824 1214,1824 1278,1824 1342,1824 1406,1825 1470,1826 1533,1827 1597,1827 1661,1829 1725,1830 1789,1831 1852,1832 1916,1833 1980,1834 2044,1835 2108,1836 2171,1836 2235,1837 2299,1837 2363,1838 2427,1838"/>
                <TextEquiv>
                    <Unicode>und auch die Leiche des vom Herzog angebeteten Dichters. Und was</Unicode>
                </TextEquiv>
            </TextLine>
            <TextLine id="r1l53" custom="readingOrder {index:52;}">
                <Coords points="1142,1871 2423,1891 2434,1844 1143,1832"/>
                <Baseline points="1151,1864 1214,1863 1278,1863 1342,1863 1406,1863 1469,1864 1533,1865 1597,1865 1661,1867 1724,1868 1788,1869 1852,1871 1916,1872 1979,1873 2043,1874 2107,1874 2171,1875 2234,1875 2298,1874 2362,1874 2426,1872"/>
                <TextEquiv>
                    <Unicode>wird nach allen diesen verzwickten Vorgängen aus Beatrice? Nun die</Unicode>
                </TextEquiv>
            </TextLine>
            <TextLine id="r1l54" custom="readingOrder {index:53;}">
                <Coords points="1138,1906 2398,1929 2442,1884 1138,1873"/>
                <Baseline points="1146,1902 1210,1902 1274,1902 1339,1903 1403,1904 1468,1904 1532,1905 1596,1906 1661,1907 1725,1908 1790,1909 1854,1910 1918,1911 1983,1912 2047,1913 2112,1913 2176,1914 2240,1914 2305,1914 2369,1914 2434,1913"/>
                <TextEquiv>
                    <Unicode>unverdorbene Jugend ihres Bruders Franresco findet hier einen</Unicode>
                </TextEquiv>
            </TextLine>
            <TextLine id="r1l55" custom="readingOrder {index:54;}">
                <Coords points="1142,1953 2412,1967 2435,1931 1142,1907"/>
                <Baseline points="1150,1942 1213,1942 1277,1943 1341,1944 1405,1945 1469,1946 1532,1946 1596,1947 1660,1948 1724,1949 1788,1950 1851,1951 1915,1951 1979,1952 2043,1952 2107,1953 2170,1953 2234,1953 2298,1953 2362,1953 2426,1953"/>
                <TextEquiv>
                    <Unicode>schnellen und, wie selbst der Herzog zugeben muß, korrekten Ausweg</Unicode>
                </TextEquiv>
            </TextLine>
            <TextLine id="r1l56" custom="readingOrder {index:55;}">
                <Coords points="1203,1971 2440,1994 2440,1962 2347,1956 1203,1952"/>
                <Baseline points="1211,1979 1272,1980 1333,1981 1394,1982 1455,1983 1516,1985 1577,1986 1638,1988 1699,1989 1760,1990 1821,1991 1882,1992 1943,1993 2004,1993 2065,1994 2126,1994 2187,1994 2248,1993 2309,1992 2370,1991 2432,1989"/>
                <TextEquiv>
                    <Unicode>Francesco ersticht seine Schwester. Der Herzog feiert in schönen</Unicode>
                </TextEquiv>
            </TextLine>
            <TextLine id="r1l57" custom="readingOrder {index:56;}">
                <Coords points="1132,2008 2436,2041 2391,1995 1133,1989"/>
                <Baseline points="1140,2016 1204,2017 1268,2018 1333,2019 1397,2020 1462,2021 1526,2023 1590,2024 1655,2026 1719,2027 1784,2028 1848,2029 1912,2030 1977,2031 2041,2032 2106,2032 2170,2032 2234,2032 2299,2032 2363,2031 2428,2029"/>
                <TextEquiv>
                    <Unicode>Worten den Dichter und bestimmt für ihn ein ehrenvolles Begräbnis</Unicode>
                </TextEquiv>
            </TextLine>
            <TextLine id="r1l58" custom="readingOrder {index:57;}">
                <Coords points="1138,2068 2401,2083 2433,2041 1139,2035"/>
                <Baseline points="1146,2055 1213,2056 1280,2058 1347,2059 1415,2060 1482,2061 1549,2063 1617,2064 1684,2066 1751,2067 1819,2068 1886,2069 1953,2070 2021,2071 2088,2072 2155,2072 2223,2072 2290,2072 2357,2071 2425,2071"/>
                <TextEquiv>
                    <Unicode>an der Seite Beatrices, die durch die Verbindung, in der sie zu dem</Unicode>
                </TextEquiv>
            </TextLine>
            <TextLine id="r1l59" custom="readingOrder {index:58;}">
                <Coords points="1142,2107 2077,2133 2407,2123 2440,2082 1143,2063"/>
                <Baseline points="1151,2094 1215,2095 1279,2096 1343,2097 1407,2099 1471,2100 1535,2101 1599,2102 1663,2103 1727,2105 1791,2106 1855,2107 1919,2108 1983,2109 2047,2110 2111,2110 2175,2111 2239,2111 2303,2111 2367,2110 2431,2110"/>
                <TextEquiv>
                    <Unicode>Unsterblichen gestanden, eine Weihe erhalten hat, die alle ihre Taten</Unicode>
                </TextEquiv>
            </TextLine>
            <TextLine id="r1l60" custom="readingOrder {index:59;}">
                <Coords points="1137,2143 1211,2155 1254,2140 1292,2152 1322,2131 1346,2146 1396,2143 1414,2154 1428,2140 1462,2137 1463,2110 1372,2109 1361,2099 1325,2111 1269,2099 1230,2110 1138,2104"/>
                <Baseline points="1146,2132 1171,2134 1197,2135 1223,2137 1249,2137 1274,2138 1300,2138 1326,2138 1352,2138 1377,2137 1403,2137 1429,2137 1455,2138"/>
                <TextEquiv>
                    <Unicode>vergessen macht.</Unicode>
                </TextEquiv>
            </TextLine>
            <TextLine id="r1l61" custom="readingOrder {index:60;}">
                <Coords points="1220,2173 2428,2185 2375,2140 1220,2147"/>
                <Baseline points="1228,2174 1287,2175 1347,2176 1406,2178 1466,2179 1526,2180 1585,2181 1645,2182 1704,2183 1764,2183 1824,2184 1883,2185 1943,2185 2002,2186 2062,2186 2122,2186 2181,2186 2241,2186 2300,2186 2360,2185 2420,2184"/>
                <TextEquiv>
                    <Unicode>In dieser kurz skizzierten Haupthandlung — wenn man Beatrices</Unicode>
                </TextEquiv>
            </TextLine>
            <TextLine id="r1l62" custom="readingOrder {index:61;}">
                <Coords points="1139,2211 2436,2238 2416,2189 1140,2177"/>
                <Baseline points="1148,2209 1212,2211 1276,2214 1340,2215 1404,2217 1468,2219 1532,2220 1596,2221 1660,2223 1724,2223 1788,2224 1852,2225 1916,2225 1980,2226 2044,2226 2108,2226 2172,2226 2236,2226 2300,2226 2364,2226 2428,2225"/>
                <TextEquiv>
                    <Unicode>unberechenbare Entschlüsse und deren Folgen so nennen will — ist indeß</Unicode>
                </TextEquiv>
            </TextLine>
            <TextLine id="r1l63" custom="readingOrder {index:62;}">
                <Coords points="1143,2251 2391,2279 2438,2276 2439,2233 1143,2214"/>
                <Baseline points="1151,2250 1218,2251 1285,2253 1352,2254 1420,2256 1487,2257 1554,2259 1622,2260 1689,2262 1756,2263 1824,2264 1891,2265 1958,2266 2026,2266 2093,2267 2160,2267 2228,2267 2295,2266 2362,2265 2430,2264"/>
                <TextEquiv>
                    <Unicode>#ei weitem nicht alles enthalten, was in das Stück an Geschehnissen vom</Unicode>
                </TextEquiv>
            </TextLine>
            <TextLine id="r1l64" custom="readingOrder {index:63;}">
                <Coords points="1141,2288 2434,2299 2342,2266 1142,2257"/>
                <Baseline points="1149,2290 1212,2291 1276,2292 1340,2293 1404,2294 1468,2296 1532,2297 1595,2298 1659,2299 1723,2300 1787,2301 1851,2302 1915,2303 1979,2304 2042,2304 2106,2304 2170,2304 2234,2304 2298,2304 2362,2303 2426,2302"/>
                <TextEquiv>
                    <Unicode>Verfasser hineingezwängt worden ist. Die Renaissance hat hier ihren</Unicode>
                </TextEquiv>
            </TextLine>
            <TextLine id="r1l65" custom="readingOrder {index:64;}">
                <Coords points="1146,2343 2432,2365 2433,2313 1147,2290"/>
                <Baseline points="1155,2330 1218,2331 1282,2331 1345,2332 1409,2333 1472,2334 1536,2335 1599,2336 1663,2337 1726,2338 1790,2339 1853,2340 1917,2340 1980,2341 2044,2342 2107,2342 2171,2342 2234,2342 2298,2342 2361,2341 2425,2341"/>
                <TextEquiv>
                    <Unicode>ezenen Geist. Daß ihre Helden auch von ausgesuchter Grausamkeit</Unicode>
                </TextEquiv>
            </TextLine>
            <TextLine id="r1l66" custom="readingOrder {index:65;}">
                <Coords points="1131,2383 2437,2393 2423,2337 1132,2328"/>
                <Baseline points="1140,2369 1204,2370 1268,2370 1333,2371 1397,2371 1462,2372 1526,2373 1590,2374 1655,2375 1719,2376 1784,2377 1848,2378 1912,2379 1977,2380 2041,2381 2106,2381 2170,2382 2234,2382 2299,2382 2363,2382 2428,2382"/>
                <TextEquiv>
                    <Unicode>sein konnten, ist wohl noch das Zutreffenste an dieser Sittenschilderung.</Unicode>
                </TextEquiv>
            </TextLine>
            <TextLine id="r1l67" custom="readingOrder {index:66;}">
                <Coords points="1212,2411 2432,2421 2432,2383 1213,2380"/>
                <Baseline points="1220,2407 1280,2407 1340,2407 1400,2407 1460,2408 1521,2409 1581,2410 1641,2411 1701,2412 1761,2413 1822,2415 1882,2416 1942,2417 2002,2418 2062,2419 2123,2420 2183,2420 2243,2420 2303,2420 2363,2419 2424,2419"/>
                <TextEquiv>
                    <Unicode>Die Aufführung, die von Herrn Oberregisseur Eggelinge mit</Unicode>
                </TextEquiv>
            </TextLine>
            <TextLine id="r1l68" custom="readingOrder {index:67;}">
                <Coords points="1134,2439 2353,2474 2437,2464 2438,2423 1134,2416"/>
                <Baseline points="1142,2442 1206,2443 1270,2445 1335,2446 1399,2447 1464,2448 1528,2450 1592,2451 1657,2452 1721,2453 1786,2454 1850,2455 1914,2456 1979,2456 2043,2457 2108,2458 2172,2458 2236,2459 2301,2459 2365,2459 2430,2459"/>
                <TextEquiv>
                    <Unicode>vieler Liebe und auch mit Geschick vorbereitet war, erhielt durch das</Unicode>
                </TextEquiv>
            </TextLine>
            <TextLine id="r1l69" custom="readingOrder {index:68;}">
                <Coords points="1133,2491 2434,2526 2435,2466 1133,2457"/>
                <Baseline points="1140,2483 1204,2485 1268,2486 1332,2487 1397,2488 1461,2489 1525,2490 1590,2490 1654,2491 1718,2492 1783,2493 1847,2493 1911,2494 1975,2494 2040,2495 2104,2496 2168,2496 2233,2497 2297,2498 2361,2499 2426,2500"/>
                <TextEquiv>
                    <Unicode>Gastspiel des Frl. Frene Triesch vom Deutschen Theater in Berlin</Unicode>
                </TextEquiv>
            </TextLine>
            <TextLine id="r1l70" custom="readingOrder {index:69;}">
                <Coords points="1142,2524 2427,2530 1143,2493"/>
                <Baseline points="1150,2525 1213,2525 1276,2526 1340,2526 1403,2527 1467,2527 1530,2528 1594,2529 1657,2530 1721,2530 1784,2531 1847,2532 1911,2533 1974,2534 2038,2535 2101,2535 2165,2536 2228,2537 2292,2537 2355,2537 2419,2538"/>
                <TextEquiv>
                    <Unicode>#n besonderes Interesse. Die zierliche Darstellerin war sichtlich be¬</Unicode>
                </TextEquiv>
            </TextLine>
            <TextLine id="r1l71" custom="readingOrder {index:70;}">
                <Coords points="1142,2564 2438,2572 2438,2526 1143,2523"/>
                <Baseline points="1150,2559 1214,2560 1278,2561 1342,2563 1406,2564 1470,2565 1534,2566 1598,2567 1662,2568 1726,2569 1790,2570 1854,2571 1918,2572 1982,2573 2046,2573 2110,2574 2174,2575 2238,2575 2302,2575 2366,2576 2430,2576"/>
                <TextEquiv>
                    <Unicode>stecht, die wechselreichen Stimmungen Beatrices durch ein beredtes</Unicode>
                </TextEquiv>
            </TextLine>
            <TextLine id="r1l72" custom="readingOrder {index:71;}">
                <Coords points="1131,2588 2233,2628 2402,2625 2430,2580 1131,2575"/>
                <Baseline points="1138,2599 1202,2600 1266,2601 1330,2602 1394,2603 1458,2604 1522,2605 1587,2606 1651,2607 1715,2608 1779,2609 1843,2610 1907,2610 1971,2611 2036,2612 2100,2612 2164,2613 2228,2613 2292,2614 2356,2614 2421,2615"/>
                <TextEquiv>
                    <Unicode>Wienenspiel anschaulich zu machen und in allen den schwierigen Situa¬</Unicode>
                </TextEquiv>
            </TextLine>
            <TextLine id="r1l73" custom="readingOrder {index:72;}">
                <Coords points="1139,2641 2127,2670 2433,2637 1139,2612"/>
                <Baseline points="1146,2639 1209,2639 1273,2639 1337,2640 1401,2641 1465,2641 1529,2643 1593,2643 1657,2645 1721,2646 1785,2647 1848,2649 1912,2650 1976,2651 2040,2652 2104,2652 2168,2653 2232,2653 2296,2653 2360,2652 2424,2651"/>
                <TextEquiv>
                    <Unicode>tinnen den vorherrschenden Charakter kindlicher Naivetät festzuhalten.</Unicode>
                </TextEquiv>
            </TextLine>
            <TextLine id="r1l74" custom="readingOrder {index:73;}">
                <Coords points="1126,2677 2431,2692 2362,2657 1126,2646"/>
                <Baseline points="1133,2677 1197,2678 1262,2679 1326,2680 1391,2681 1455,2682 1520,2682 1584,2684 1649,2684 1713,2685 1778,2686 1842,2687 1907,2688 1971,2688 2036,2689 2100,2690 2165,2691 2229,2691 2294,2692 2358,2693 2423,2694"/>
                <TextEquiv>
                    <Unicode>Es gelang ihr dies auch in der Deklamation. Der Ausdruck des</Unicode>
                </TextEquiv>
            </TextLine>
            <TextLine id="r1l75" custom="readingOrder {index:74;}">
                <Coords points="1138,2730 2404,2744 2424,2697 1138,2691"/>
                <Baseline points="1146,2718 1209,2718 1273,2719 1336,2719 1400,2720 1463,2721 1527,2722 1590,2722 1654,2723 1717,2724 1781,2725 1844,2726 1908,2727 1971,2728 2035,2729 2098,2730 2162,2730 2225,2731 2289,2731 2352,2731 2416,2731"/>
                <TextEquiv>
                    <Unicode>Schmerzes hatte viel Ergreifendes, und zweifellos war die Leistung</Unicode>
                </TextEquiv>
            </TextLine>
            <TextLine id="r1l76" custom="readingOrder {index:75;}">
                <Coords points="1138,2767 2435,2791 2436,2746 1139,2741"/>
                <Baseline points="1146,2757 1210,2757 1274,2757 1338,2757 1402,2758 1466,2759 1530,2760 1594,2761 1658,2762 1722,2763 1787,2764 1851,2765 1915,2767 1979,2768 2043,2769 2107,2770 2171,2771 2235,2771 2299,2772 2363,2772 2428,2773"/>
                <TextEquiv>
                    <Unicode>abenthalben interessant. Das Organ der Dame ist weder groß noch</Unicode>
                </TextEquiv>
            </TextLine>
            <TextLine id="r1l77" custom="readingOrder {index:76;}">
                <Coords points="1135,2799 2434,2819 2406,2778 1136,2771"/>
                <Baseline points="1144,2797 1208,2797 1272,2797 1336,2797 1400,2798 1464,2799 1528,2800 1593,2801 1657,2801 1721,2802 1785,2804 1849,2805 1913,2806 1977,2807 2042,2807 2106,2808 2170,2808 2234,2809 2298,2809 2362,2808 2427,2808"/>
                <TextEquiv>
                    <Unicode>schön, sie weiß es jedoch geschickt auszunntzen, und man kann gespannt</Unicode>
                </TextEquiv>
            </TextLine>
            <TextLine id="r1l78" custom="readingOrder {index:77;}">
                <Coords points="1131,2828 2433,2857 2433,2813 1131,2807"/>
                <Baseline points="1139,2835 1203,2835 1267,2835 1331,2835 1396,2836 1460,2837 1524,2838 1588,2839 1653,2840 1717,2841 1781,2842 1845,2843 1910,2844 1974,2845 2038,2846 2102,2846 2167,2847 2231,2847 2295,2846 2359,2846 2424,2845"/>
                <TextEquiv>
                    <Unicode>berauf sein, wie sich ihre Mittel in Rollen anderen Geures bewähren</Unicode>
                </TextEquiv>
            </TextLine>
            <TextLine id="r1l79" custom="readingOrder {index:78;}">
                <Coords points="1128,2882 2424,2895 2424,2849 2232,2839 1128,2859"/>
                <Baseline points="1137,2874 1204,2874 1271,2874 1338,2875 1406,2875 1473,2876 1540,2877 1608,2878 1675,2879 1742,2880 1810,2881 1877,2882 1944,2883 2012,2884 2079,2884 2146,2885 2214,2885 2281,2885 2348,2885 2416,2885"/>
                <TextEquiv>
                    <Unicode>werden. Daß das Personal des Schauspielhauses selbst den größten</Unicode>
                </TextEquiv>
            </TextLine>
            <TextLine id="r1l80" custom="readingOrder {index:79;}">
                <Coords points="1132,2916 2413,2942 2436,2881 1132,2887"/>
                <Baseline points="1140,2913 1204,2913 1268,2913 1333,2913 1397,2913 1462,2914 1526,2914 1590,2915 1655,2916 1719,2917 1784,2918 1848,2919 1912,2920 1977,2920 2041,2921 2106,2922 2170,2923 2234,2924 2299,2924 2363,2925 2428,2925"/>
                <TextEquiv>
                    <Unicode>Auforderungen gewachsen ist, bewies die Besetzung der über vierzig</Unicode>
                </TextEquiv>
            </TextLine>
            <TextLine id="r1l81" custom="readingOrder {index:80;}">
                <Coords points="1128,2957 2322,2982 2428,2934 1129,2917"/>
                <Baseline points="1136,2950 1200,2950 1264,2951 1328,2952 1392,2953 1456,2953 1520,2954 1585,2955 1649,2956 1713,2956 1777,2957 1841,2958 1905,2958 1969,2959 2034,2959 2098,2960 2162,2961 2226,2961 2290,2961 2354,2962 2419,2962"/>
                <TextEquiv>
                    <Unicode>Rollen des Stückes, wenn auch, wie dies ja bei solchen enormen An¬</Unicode>
                </TextEquiv>
            </TextLine>
            <TextLine id="r1l82" custom="readingOrder {index:81;}">
                <Coords points="1128,2996 2181,3019 2399,3011 2426,2973 1129,2948"/>
                <Baseline points="1137,2992 1201,2991 1265,2990 1329,2990 1393,2990 1457,2991 1521,2991 1585,2992 1649,2993 1713,2995 1777,2996 1841,2997 1905,2998 1969,2999 2033,3000 2097,3000 2161,3001 2225,3001 2289,3000 2353,3000 2417,2999"/>
                <TextEquiv>
                    <Unicode>jnederungen selbstverständlich ist, nicht alle Leistungen gleichwertig aus¬</Unicode>
                </TextEquiv>
            </TextLine>
            <TextLine id="r1l83" custom="readingOrder {index:82;}">
                <Coords points="1138,3036 2393,3055 2433,3001 1139,3001"/>
                <Baseline points="1146,3030 1209,3029 1273,3029 1337,3029 1401,3029 1465,3029 1529,3030 1593,3031 1657,3032 1721,3033 1785,3034 1848,3035 1912,3036 1976,3037 2040,3038 2104,3039 2168,3039 2232,3040 2296,3040 2360,3040 2424,3040"/>
                <TextEquiv>
                    <Unicode>sielen. Nicht zu beneiden war Herr Grevenberg um die Aufgabe,</Unicode>
                </TextEquiv>
            </TextLine>
            <TextLine id="r1l84" custom="readingOrder {index:83;}">
                <Coords points="1123,3068 2427,3080 2181,3036 1124,3036"/>
                <Baseline points="1132,3065 1196,3065 1260,3065 1325,3066 1389,3067 1453,3068 1518,3068 1582,3070 1646,3071 1711,3072 1775,3073 1839,3074 1904,3075 1968,3076 2032,3077 2097,3078 2161,3079 2225,3079 2290,3080 2354,3080 2419,3080"/>
                <TextEquiv>
                    <Unicode>### seelischen Regungen des Dichters Loschi mimisch zum Ausdrucke zu</Unicode>
                </TextEquiv>
            </TextLine>
            <TextLine id="r1l85" custom="readingOrder {index:84;}">
                <Coords points="1137,3099 2437,3129 2438,3080 1138,3075"/>
                <Baseline points="1145,3104 1209,3104 1273,3105 1337,3106 1402,3107 1466,3108 1530,3109 1594,3109 1659,3110 1723,3111 1787,3112 1851,3112 1916,3113 1980,3114 2044,3114 2108,3115 2173,3116 2237,3116 2301,3117 2365,3118 2430,3118"/>
                <TextEquiv>
                    <Unicode>bringen. Loschi befindet sich trotz der sonstigen Vielseitigkeit des</Unicode>
                </TextEquiv>
            </TextLine>
            <TextLine id="r1l86" custom="readingOrder {index:85;}">
                <Coords points="1126,3132 2423,3151 2310,3116 1126,3111"/>
                <Baseline points="1134,3141 1198,3142 1262,3143 1326,3144 1390,3145 1454,3146 1518,3147 1582,3147 1646,3148 1710,3149 1774,3149 1838,3150 1902,3151 1966,3152 2030,3152 2094,3153 2158,3154 2222,3154 2286,3155 2350,3155 2415,3156"/>
                <TextEquiv>
                    <Unicode>Stückes fast immer in der Lage peinlicher Sorge, Verlegenheit und Ent¬</Unicode>
                </TextEquiv>
            </TextLine>
            <TextLine id="r1l87" custom="readingOrder {index:86;}">
                <Coords points="1135,3182 2417,3212 2428,3169 1135,3152"/>
                <Baseline points="1143,3183 1206,3182 1270,3182 1334,3183 1398,3183 1462,3184 1525,3185 1589,3185 1653,3186 1717,3188 1781,3188 1844,3190 1908,3191 1972,3192 2036,3192 2100,3193 2163,3194 2227,3194 2291,3194 2355,3194 2419,3194"/>
                <TextEquiv>
                    <Unicode>geschung. Begeisternd ist eine solche Aufgabe nicht. Herr Greven¬</Unicode>
                </TextEquiv>
            </TextLine>
            <TextLine id="r1l88" custom="readingOrder {index:87;}">
                <Coords points="1135,3218 2428,3240 2367,3197 1136,3183"/>
                <Baseline points="1144,3218 1207,3219 1271,3220 1335,3221 1399,3222 1462,3223 1526,3224 1590,3225 1654,3226 1717,3227 1781,3228 1845,3228 1909,3229 1972,3230 2036,3230 2100,3230 2164,3231 2227,3231 2291,3231 2355,3230 2419,3230"/>
                <TextEquiv>
                    <Unicode>berg führte sie einheitlich durch, und seiner Mimik sah man keine Er¬</Unicode>
                </TextEquiv>
            </TextLine>
            <TextLine id="r1l89" custom="readingOrder {index:88;}">
                <Coords points="1135,3259 2431,3289 2431,3237 2344,3229 1136,3231"/>
                <Baseline points="1143,3258 1207,3258 1271,3259 1335,3260 1399,3260 1463,3261 1527,3262 1591,3263 1655,3264 1719,3265 1783,3266 1847,3267 1911,3268 1975,3268 2039,3269 2103,3270 2167,3270 2231,3271 2295,3271 2359,3271 2423,3271"/>
                <TextEquiv>
                    <Unicode>schlaffung an. Die Überlegenheit des Herzogs kam im Auftreten des</Unicode>
                </TextEquiv>
            </TextLine>
            <TextLine id="r1l90" custom="readingOrder {index:89;}">
                <Coords points="1128,3285 1335,3320 2424,3317 2403,3276 1129,3268"/>
                <Baseline points="1137,3292 1200,3293 1264,3295 1328,3296 1392,3297 1456,3299 1520,3300 1584,3301 1648,3302 1712,3304 1776,3305 1839,3305 1903,3306 1967,3307 2031,3308 2095,3309 2159,3309 2223,3310 2287,3310 2351,3310 2415,3310"/>
                <TextEquiv>
                    <Unicode>Herrn Mauren in allen Situationen zur Geltung. Die Deklamation</Unicode>
                </TextEquiv>
            </TextLine>
            <TextLine id="r1l91" custom="readingOrder {index:90;}">
                <Coords points="1138,3341 2429,3360 2419,3313 1138,3304"/>
                <Baseline points="1146,3336 1209,3337 1273,3337 1337,3338 1400,3339 1464,3340 1528,3341 1591,3342 1655,3342 1719,3343 1783,3344 1846,3345 1910,3345 1974,3346 2037,3347 2101,3347 2165,3348 2228,3348 2292,3348 2356,3349 2420,3349"/>
                <TextEquiv>
                    <Unicode>war nicht ohne Poesie, und das etwas verschleierte Organ hatte einen</Unicode>
                </TextEquiv>
            </TextLine>
            <TextLine id="r1l92" custom="readingOrder {index:91;}">
                <Coords points="1137,3389 2418,3404 2417,3349 1138,3342"/>
                <Baseline points="1145,3371 1208,3372 1271,3374 1334,3376 1398,3377 1461,3379 1524,3380 1587,3381 1651,3382 1714,3383 1777,3383 1840,3384 1904,3385 1967,3385 2030,3386 2093,3386 2157,3386 2220,3387 2283,3387 2346,3387 2410,3387"/>
                <TextEquiv>
                    <Unicode>stimmungsvollen Ausdruck. In einer ganzen Reihe episodisch auf¬</Unicode>
                </TextEquiv>
            </TextLine>
            <TextLine id="r1l93" custom="readingOrder {index:92;}">
                <Coords points="1127,3400 2419,3438 2420,3399 2323,3382 1128,3379"/>
                <Baseline points="1136,3407 1199,3409 1263,3412 1327,3414 1391,3415 1455,3416 1518,3418 1582,3419 1646,3420 1710,3421 1774,3421 1837,3422 1901,3422 1965,3423 2029,3423 2093,3424 2156,3424 2220,3425 2284,3425 2348,3425 2412,3426"/>
                <TextEquiv>
                    <Unicode>rretender Figuren offenbarten sich eigenartige Tale#te, wir erwähnen</Unicode>
                </TextEquiv>
            </TextLine>
            <TextLine id="r1l94" custom="readingOrder {index:93;}">
                <Coords points="1127,3455 2421,3468 2408,3434 2227,3422 1127,3423"/>
                <Baseline points="1136,3450 1199,3451 1263,3451 1327,3452 1391,3453 1455,3454 1519,3455 1582,3456 1646,3457 1710,3459 1774,3459 1838,3461 1902,3461 1966,3462 2029,3463 2093,3463 2157,3464 2221,3464 2285,3464 2349,3464 2413,3464"/>
                <TextEquiv>
                    <Unicode>nur Herrn Eggelings Grafen Andrea Fantuzzi, Herrn Forsch's</Unicode>
                </TextEquiv>
            </TextLine>
            <TextLine id="r1l95" custom="readingOrder {index:94;}">
                <Coords points="1131,3488 2427,3497 2408,3463 1131,3455"/>
                <Baseline points="1139,3488 1206,3489 1273,3490 1340,3492 1408,3493 1475,3494 1542,3495 1610,3497 1677,3497 1744,3498 1812,3499 1879,3500 1946,3501 2014,3501 2081,3501 2148,3501 2216,3501 2283,3500 2350,3500 2418,3499"/>
                <TextEquiv>
                    <Unicode>Nardi und Herrn Mehnerts Manussi, der in der Erzählung von</Unicode>
                </TextEquiv>
            </TextLine>
            <TextLine id="r1l96" custom="readingOrder {index:95;}">
                <Coords points="1135,3526 2391,3556 2424,3507 1135,3494"/>
                <Baseline points="1143,3530 1206,3530 1270,3531 1333,3531 1397,3532 1461,3533 1524,3533 1588,3534 1651,3535 1715,3535 1779,3536 1842,3537 1906,3537 1969,3538 2033,3539 2097,3539 2160,3540 2224,3540 2287,3541 2351,3541 2415,3542"/>
                <TextEquiv>
                    <Unicode>P#atrices Heirat ein kleines Kabinettstück bot. Herr Vollmer als</Unicode>
                </TextEquiv>
            </TextLine>
            <TextLine id="r1l97" custom="readingOrder {index:96;}">
                <Coords points="1131,3567 2425,3570 1131,3528"/>
                <Baseline points="1139,3567 1202,3567 1266,3568 1330,3568 1394,3569 1458,3570 1522,3571 1586,3572 1650,3573 1714,3574 1778,3575 1841,3576 1905,3577 1969,3577 2033,3578 2097,3579 2161,3579 2225,3579 2289,3579 2353,3579 2417,3578"/>
                <TextEquiv>
                    <Unicode>Krancesco, wic auch Herr Boettcher als Vittorino waren in der</Unicode>
                </TextEquiv>
            </TextLine>
            <TextLine id="r1l98" custom="readingOrder {index:97;}">
                <Coords points="1125,3619 2424,3638 2412,3564 1126,3564"/>
                <Baseline points="1134,3607 1198,3607 1262,3608 1326,3608 1390,3609 1454,3610 1518,3610 1582,3611 1646,3612 1710,3613 1775,3614 1839,3615 1903,3616 1967,3617 2031,3617 2095,3618 2159,3619 2223,3620 2287,3620 2351,3620 2416,3621"/>
                <TextEquiv>
                    <Unicode>w##endlichen Aufgebrachtheit recht frisch und lebendig. Die interessante</Unicode>
                </TextEquiv>
            </TextLine>
            <TextLine id="r1l99" custom="readingOrder {index:98;}">
                <Coords points="1124,3642 2420,3659 2420,3614 1125,3603"/>
                <Baseline points="1132,3643 1199,3645 1266,3646 1333,3647 1401,3648 1468,3648 1535,3649 1603,3650 1670,3651 1737,3652 1805,3652 1872,3653 1939,3654 2007,3655 2074,3655 2141,3656 2209,3657 2276,3658 2343,3659 2411,3660"/>
                <TextEquiv>
                    <Unicode>##auenwelt Bolognas war durch viele Figuren vertreten. Größere</Unicode>
                </TextEquiv>
            </TextLine>
            <TextLine id="r1l100" custom="readingOrder {index:99;}">
                <Coords points="1131,3689 2420,3719 2405,3657 1132,3653"/>
                <Baseline points="1139,3679 1202,3681 1266,3683 1330,3685 1393,3686 1457,3687 1521,3688 1584,3689 1648,3690 1712,3690 1776,3691 1839,3691 1903,3692 1967,3693 2030,3693 2094,3694 2158,3695 2221,3696 2285,3697 2349,3698 2413,3700"/>
                <TextEquiv>
                    <Unicode>Sefeaben fielen indes nur Frl. Anders und Frl. Kirch in den</Unicode>
                </TextEquiv>
            </TextLine>
            <TextLine id="r1l101" custom="readingOrder {index:100;}">
                <Coords points="1127,3727 2374,3749 2412,3706 1128,3689"/>
                <Baseline points="1136,3717 1199,3718 1262,3720 1326,3721 1389,3723 1452,3724 1516,3725 1579,3725 1642,3726 1706,3727 1769,3728 1832,3728 1896,3729 1959,3730 2022,3730 2086,3731 2149,3732 2212,3733 2276,3734 2339,3736 2403,3738"/>
                <TextEquiv>
                    <Unicode>Vollen der beiden Courtisanen Lucrezia und Isabella zu und sie spiel¬</Unicode>
                </TextEquiv>
            </TextLine>
            <TextLine id="r1l102" custom="readingOrder {index:101;}">
                <Coords points="2437,3769 2455,3769 2462,3774 2470,3768 2481,3767 2476,3696 2464,3699 2451,3698 2444,3704 2442,3702 2432,3705"/>
                <Baseline points="2444,3757 2472,3755"/>
                <TextEquiv>
                    <Unicode></Unicode>
                </TextEquiv>
            </TextLine>
            <TextLine id="r1l103" custom="readingOrder {index:102;}">
                <Coords points="1132,3759 2417,3801 2418,3752 1132,3729"/>
                <Baseline points="1140,3754 1203,3757 1267,3760 1330,3761 1394,3763 1457,3764 1521,3765 1584,3766 1648,3767 1711,3767 1775,3768 1838,3769 1902,3769 1965,3770 2029,3770 2092,3771 2156,3772 2219,3774 2283,3776 2346,3778 2410,3780"/>
                <TextEquiv>
                    <Unicode>##n beide recht flott. Viel Eindruck machte die rein mimische Leistung</Unicode>
                </TextEquiv>
            </TextLine>
            <TextLine id="r1l104" custom="readingOrder {index:103;}">
                <Coords points="1213,3809 2295,3844 2413,3829 2414,3793 1213,3774"/>
                <Baseline points="1221,3802 1280,3803 1339,3803 1398,3804 1457,3804 1517,3804 1576,3805 1635,3805 1694,3806 1753,3806 1813,3806 1872,3807 1931,3808 1990,3808 2049,3809 2109,3810 2168,3811 2227,3812 2286,3813 2345,3815 2405,3817"/>
                <TextEquiv>
                    <Unicode>Frl. Fontekive in der Rolle der unglücklichen Teresina. —</Unicode>
                </TextEquiv>
            </TextLine>
            <TextLine id="r1l105" custom="readingOrder {index:104;}">
                <Coords points="1127,3863 2020,3851 2020,3822 1923,3809 1128,3803"/>
                <Baseline points="1136,3840 1179,3841 1223,3841 1267,3842 1311,3842 1355,3842 1398,3842 1442,3843 1486,3843 1530,3843 1574,3843 1617,3843 1661,3843 1705,3843 1749,3844 1793,3844 1836,3845 1880,3846 1924,3847 1968,3847 2012,3849"/>
                <TextEquiv>
                    <Unicode>Die Pausen waren leider von ermüdender Länge.</Unicode>
                </TextEquiv>
            </TextLine>
            <TextLine id="r1l106" custom="readingOrder {index:105;}">
                <Coords points="1841,3916 1982,3892 2322,3909 2386,3874 2414,3896 2486,3896 2516,3891 2516,3833 2462,3854 2399,3828 2305,3858 2090,3841 1841,3867"/>
                <Baseline points="1850,3889 1882,3887 1915,3886 1948,3886 1981,3886 2014,3887 2047,3888 2079,3889 2112,3890 2145,3892 2178,3893 2211,3894 2244,3895 2277,3895 2309,3895 2342,3894 2375,3892 2408,3889 2441,3885 2474,3880 2507,3873"/>
                <TextEquiv>
                    <Unicode>Arthur Gadebusch.</Unicode>
                </TextEquiv>
            </TextLine>
            <TextEquiv>
                <Unicode>Dr Nacht vom Herzog gekräumt, wie er sie durch einen langen schmalen
Gang zwischen endlos hohen Mauern dahinführte, über denen rote
Polken standen. Und sie gingen in ein Zimmer, in dem grüne Lichter
brannten
und dann kommt in der Schilderung das Ruhebett,
und der Herzog, der sich über Beatrice neigt —
und man findet es
#r begreiflich, wenn der aus allen Himmeln gerissene Dichter nicht
r Nachtreter auf dem Wege des Herzogs sein will und der edlen
A#atrice den Laufpaß gibt, ein Verfahren, das die kindliche Seele
###s Mädchens nicht begreift. Bald darauf schreitet Beatrice an der
Seite des jungen Vittorino Monaldi, eines Gehilfen ihres Vaters, zur
#rche, um sich mit Vittorino trauen zu lassen. Eilig wird der Akt,
da der Feind vor den Toren steht und Vittorino an dem Verzweif¬
lungskampfe teilnehmen will. Da kommt der Herzog die Straße ent¬
leng und sieht Beatrice, er erkennt die Schönheit wieder, die seine Sinne
###rüickt hat, es folgt eine hypnotische Szene, Beatrice steht unter dem
Banne des Mannes, von dem sie so süß geträumt hat, und sie erklärt
sich trotz des tapferen Widerspruchs ihres Bruders und ihres Bräuti¬
ams für den Herzog, der sie zu seiner Auserwählten erklärt. Als
sch der hypnotische Bann löst, hat die schwärmerische Beatrice plötzlich
soriel Weltklugheit, auf die Ehe mit dem Herzoge zu dringen. Die
Sochzeit wird denn auch unverrüiglich angesetzt — die Belagerung treibt
ja zur Eile. Vittorino ersticht sich, und Beatrice wird mit dem Herzoge
gerraut. Von der Hochzeit aber — es ist inzwischen Nacht geworden —
schleicht sie sich zu ihrem ersten Liebhaber, dem Dichter Loschi, der in
der Zwischenzeit Orgien mit zwei berüchtigten Courtisanen gefeiert hat.
um in süßer Umarmung mit ihm zu sterben. Es folgt eine Szene, die
in ihrer psychologischen Verzwicktheit nur ein Dekadent schreiben konnte.
Trochi erwägt nochmals die Möglichkeit der gemeinsamen Flucht,
B#aerice will jedoch die große Schuld nur mit dem Tode fühnen nur
der
Tod rechtfertigt und macht rein, was sie begangen hat. Decher
mit und ohne Gift
— dem Gifte der Courtisane Lucrezia — soielen
dann eine Rolle, Beatriee bekommt in kindlicher Weise Furcht vor dem
Lode, und Loschi stirbt schließlich allein. Beatrice aber flieht voll Ent¬
setzen zurück zur Hochzeitsgesellschaft und zum Herzog.
Es war nötig, Beatrice auf ihren Wegen zu folgen, um die Rarität
ieses unerforschlichen Charakters kennen zu lernen. Das Mädchen,
#a# bei allem Unheil, das sie angerichtet, das reine Kind bleibt, bringt
fertig, zwei große Leidenschaften zu gleicher Zeit in ihrem weiten
Herzen zu beherbergen, sie läuft von dem Einen zum Andern und wie¬
r zurück und bleibt immer naiv. Ein wirkliches kleines Ungeheuer
ob man es in der Renaissance oder in der gegenwärtigen Zeit der
##tadence für möglich halten will, ist Geschmackssache. Beatrice hat in
Pr#chis Wohnung einen kostbaren Schleier zurückgelassen, den ihr der
Herzog geschenkt hat. Sie soll sagen, wo sie gewesen ist, wo sie den
Schleier gelassen hat, eine Notlüge schlägt fehl, und der Herzog ver¬
urteilt sie zum Tode. Entsetzen ergreift sie, und um nicht sterben zu
müssen, führt sie den Herzog in Loschis Haus. Man findet den Schleier
und auch die Leiche des vom Herzog angebeteten Dichters. Und was
wird nach allen diesen verzwickten Vorgängen aus Beatrice? Nun die
unverdorbene Jugend ihres Bruders Franresco findet hier einen
schnellen und, wie selbst der Herzog zugeben muß, korrekten Ausweg
Francesco ersticht seine Schwester. Der Herzog feiert in schönen
Worten den Dichter und bestimmt für ihn ein ehrenvolles Begräbnis
an der Seite Beatrices, die durch die Verbindung, in der sie zu dem
Unsterblichen gestanden, eine Weihe erhalten hat, die alle ihre Taten
vergessen macht.
In dieser kurz skizzierten Haupthandlung — wenn man Beatrices
unberechenbare Entschlüsse und deren Folgen so nennen will — ist indeß
#ei weitem nicht alles enthalten, was in das Stück an Geschehnissen vom
Verfasser hineingezwängt worden ist. Die Renaissance hat hier ihren
ezenen Geist. Daß ihre Helden auch von ausgesuchter Grausamkeit
sein konnten, ist wohl noch das Zutreffenste an dieser Sittenschilderung.
Die Aufführung, die von Herrn Oberregisseur Eggelinge mit
vieler Liebe und auch mit Geschick vorbereitet war, erhielt durch das
Gastspiel des Frl. Frene Triesch vom Deutschen Theater in Berlin
#n besonderes Interesse. Die zierliche Darstellerin war sichtlich be¬
stecht, die wechselreichen Stimmungen Beatrices durch ein beredtes
Wienenspiel anschaulich zu machen und in allen den schwierigen Situa¬
tinnen den vorherrschenden Charakter kindlicher Naivetät festzuhalten.
Es gelang ihr dies auch in der Deklamation. Der Ausdruck des
Schmerzes hatte viel Ergreifendes, und zweifellos war die Leistung
abenthalben interessant. Das Organ der Dame ist weder groß noch
schön, sie weiß es jedoch geschickt auszunntzen, und man kann gespannt
berauf sein, wie sich ihre Mittel in Rollen anderen Geures bewähren
werden. Daß das Personal des Schauspielhauses selbst den größten
Auforderungen gewachsen ist, bewies die Besetzung der über vierzig
Rollen des Stückes, wenn auch, wie dies ja bei solchen enormen An¬
jnederungen selbstverständlich ist, nicht alle Leistungen gleichwertig aus¬
sielen. Nicht zu beneiden war Herr Grevenberg um die Aufgabe,
### seelischen Regungen des Dichters Loschi mimisch zum Ausdrucke zu
bringen. Loschi befindet sich trotz der sonstigen Vielseitigkeit des
Stückes fast immer in der Lage peinlicher Sorge, Verlegenheit und Ent¬
geschung. Begeisternd ist eine solche Aufgabe nicht. Herr Greven¬
berg führte sie einheitlich durch, und seiner Mimik sah man keine Er¬
schlaffung an. Die Überlegenheit des Herzogs kam im Auftreten des
Herrn Mauren in allen Situationen zur Geltung. Die Deklamation
war nicht ohne Poesie, und das etwas verschleierte Organ hatte einen
stimmungsvollen Ausdruck. In einer ganzen Reihe episodisch auf¬
rretender Figuren offenbarten sich eigenartige Tale#te, wir erwähnen
nur Herrn Eggelings Grafen Andrea Fantuzzi, Herrn Forsch's
Nardi und Herrn Mehnerts Manussi, der in der Erzählung von
P#atrices Heirat ein kleines Kabinettstück bot. Herr Vollmer als
Krancesco, wic auch Herr Boettcher als Vittorino waren in der
w##endlichen Aufgebrachtheit recht frisch und lebendig. Die interessante
##auenwelt Bolognas war durch viele Figuren vertreten. Größere
Sefeaben fielen indes nur Frl. Anders und Frl. Kirch in den
Vollen der beiden Courtisanen Lucrezia und Isabella zu und sie spiel¬

##n beide recht flott. Viel Eindruck machte die rein mimische Leistung
Frl. Fontekive in der Rolle der unglücklichen Teresina. —
Die Pausen waren leider von ermüdender Länge.
Arthur Gadebusch.</Unicode>
            </TextEquiv>
        </TextRegion>
    </Page>
</PcGts>
