3484 4224
667 233 720 313 C
1905 241 2377 334 box 20/6
239 257 1763 364 14. Der Schleier der Beatrice
1562 906 1975 991 Burgtheater=Première.
925 908 1023 1005 44
2048 1001 2299 1087 Mar Kalbek.
1010 979 1779 1077 Ich sah — ja wen sah ich nicht noch
918 1040 1768 1126 alles? Weißt Du, ich setze Dir die wichtig¬
926 1112 1792 1168 sten Namen noch in aller Eile her und wer
931 1162 1781 1213 Dich besonders interessiert, den nennst Du
922 1207 1770 1270 mir, und ich erzähle Dir dann, was ich weiß.
931 1260 1774 1313 Ich weiß nämlich noch ungeheuer viel, aber
929 1307 1779 1356 der Brief ist ohnedies schon so lang und
932 1356 1773 1425 wie mir scheint, ein bißchen gar zu sehr
918 1406 1772 1470 blaustrümpfelig geworden. Bitte, rümpfe
920 1456 1778 1517 nicht die Nase: ich bin einmal intelligent
1969 1425 2388 1560 1
932 1504 1784 1569 und hab' ein Urteil, daran wirst Du Dich
927 1550 1777 1617 und die andern noch gewöhnen müssen, ob
919 1597 1783 1658 es Dir recht ist oder nicht. Also ich sah
2193 1547 2379 1696 4
919 1644 1781 1711 noch: Lindner, Wertheimer, Hango, Wilhelm
930 1700 1765 1765 Specht, Donath, Paul Althof, Levetzow, das
918 1747 1774 1815 sind lauier Lyriker, aber es soll noch mehr
921 1788 1783 1861 von dem Völkchen geben; dann an Erzählern
2006 1801 2169 1907 *
926 1842 1778 1914 und Geschichtenschreibern S. Fritz, Brociner,
919 1895 1791 1958 A. Engel, an Volksdichtern Hawel, Baumberg,
922 1942 1765 2007 Marg. Langkammer, Viktor Leon, an Feuille¬
932 1995 1779 2053 tonisten M. Herzfeld, Messer, Stößl, Weyr,
2028 2014 2313 2086 Der Brapour=Arier.
927 2049 1777 2113 Paul von Schönthau und schließlich Arthur
925 2070 2581 2156 Pserhofer, der wie immer einem frisch= Karikatur auf Max Kalbeck aus einem Ball¬
2087 2131 2284 2201 kalender.
930 2141 1778 2202 gebadeten Kinde glich und eine Menge Witze
923 2189 1099 2254 machte.
1007 2236 2612 2304 Wir haben dann nach dem Souper, zählen wußte. Er ist ein reizender Mensch
932 2294 2609 2360 Vetter Franz und ich, noch eine Menge Cafés und ich höre ihm gerne zu. Wer weiß!
928 2332 2302 2386 abgeklappert — denke Dir! — und dort Nun, wir werden ja sehn —
1828 2381 2177 2443 Herzliche Grüße
926 2378 1762 2455 zeigte man mir noch allerhand Gestalten,
2271 2353 2566 2447 Deine Hetty.
1827 2424 2608 2490 Nachschrift. Noch eines muß ich Dir
916 2433 1834 2504 lauter kommende Leute, aber ich hatte genug
928 2479 2614 2542 gesehen und genug gehört und verlangte schreiben. Einen Menschen scheinen wir in
920 2539 2611 2604 nach Ruhe. Wie die Komödie im Burg= Berlin nicht gekannt und sehr unterschätzt
1525 2574 2609 2635 theater ge= zs haben. Hier lebt er in allen Herzen und
1528 2631 2602 2685 spielt wur= hundertmal hab' ich es hören müssen: Ja,
1516 2675 2601 2728 de, kann ich den hätten Sie kennen sollen. Ich meine
1524 2723 1761 2781 Dir wirk¬
1766 2727 2603 2790 Karlweis der vor kurzem gestorben ist.
1529 2772 1757 2838 lich nicht
1762 2775 2599 2842 Ich kenne jetzt Wien genug und begreife,
1544 2822 1749 2891 mitteilen;
1753 2829 2598 2884 daß seine Art, lächelnd zu zausen, gütig zu
1527 2870 1756 2949 der Zu¬
1760 2880 2602 2944 geißeln für hier die richtige war. Die Wiener
1554 2919 1742 2986 schauer¬
1756 2921 2599 2977 sind viel empfindlicher, aber auch viel em¬
1517 2961 2613 3035 raum gab pfindsamer, das soll sensibel heißen, man
1525 3011 1764 3087 mir zu viel
1765 3025 2612 3086 darf ihnen nicht so dick kommen wie bei
1523 3070 1763 3135 zu thun,
1774 3063 2613 3125 uns, wei' sie das gleich verstimmt. Die eine
1520 3112 1761 3182 auch mußte
1773 3122 2606 3182 Hand muß streicheln, wenn die andere haut.
1522 3164 1756 3231 ich fortwäh¬
1342 3150 1479 3232 R
1768 3172 2615 3231 Ach, und der Karlweis muß ein prächtiger
1297 3197 1473 3282 #
1534 3221 2613 3273 rend den Mensch gewesen sein, ein herrliches Gemüt, und
1325 3256 1402 3306 94
1553 3266 1750 3327 Erläute¬
1759 3275 2599 3329 kaum fünfzig war er und erst seit ein paar
1529 3312 1755 3378 rungen mei¬
1766 3318 2609 3379 Jahren auf der Höhe. Aber er hat bis zum
1204 3316 1254 3422 3
1531 3363 1754 3421 nes Vetters
1761 3356 2608 3431 letzten Moment nicht gewußt, wie es mit
1527 3413 1757 3474 Franz fol¬
1764 3410 2614 3473 ihm steht. Das Volkstheater führte seinen
1519 3462 1766 3525 gen, der im¬
1763 3465 2617 3525 Simson auf, und mit dem Bewußtsein
1536 3517 2346 3582 mer nochet= seines Erfolges schlief er ein.
1060 3524 1432 3577 Verta von Suttner.
1519 3552 1774 3642 was zu er¬
989 3550 1510 3633 (Aufnahme von C. Pietzner Wien.)
2074 3552 2574 3647 Nochmals Deine Hetty.
