3484 4256
1966 135 2410 238 box 20/4
290 138 1799 238 14. Der Schleiender Beatrice
921 385 1383 491 Telephon 12801.
546 476 1766 592 Alex. Weigl’s Unternehmen für Zeitungs-Ausschnitte
2307 536 2604 638 Theater.
1440 568 1719 658 g Ausschnitt
459 553 722 657 10
794 601 1488 709 „OBSEHVEN
1824 617 3106 702 Deutsches Theater: „Der Schleier der Beatrice“ Schauspiel in 5 Akten von Arthur
1536 625 1819 718 Nr. 83
2356 671 2564 744 Schnitzler.
425 689 1865 787 I. österr. behördl. conc. Bureau für Zeitungsberichte u. Personalnachrichter
1924 716 3091 814 Der Vorhang war zum letztenmal über Arthur
685 748 1619 831 Wien, I., Concondiaplarz 4.
1818 770 3087 858 Schnitzler's „Schleier der Beatriee“ gefallen, und der Ein¬
432 804 3094 914 Vertretungen in Berlin, Budapest, Chicago, Genf, London, Newyork, Parns, non druck auf das Parquet war ein ungewisser, unsteter ge¬
787 866 1524 943 Stockholm. Kristiania, St. Petersburg.
1817 876 3095 951 7 blieben. Es soll hier auch keineswegs bestritten werden,
1823 925 2783 995 daß Schnitzler's Schauspiel auf der Bühne
2820 939 3086 1002 zumal bei
1814 967 3093 1052 der sehr ungleichen, zum Theil recht dürftigen Aufführung
418 942 1653 1074 Ausschnitt aus: Die Natien, Berlin
1812 1011 3097 1095 des Deutschen Theaters — ohne tiefere Wirkung bleiben
1820 1060 3096 1143 mußte. Doch lohnt es sich, den dramatischen Geschehnissen
1816 1105 3084 1194 noch einmal nachzusinnen, die Gestalten, wie Schnitzler sie
414 1078 963 1218 vom:5
1818 1161 3090 1246 ursprünglich erfaßt, wachzurufen und ihrer wehmüthigen
1825 1200 2308 1259 Schicksale zu gedenken.
1921 1248 3078 1326 Beatrice! Ihr Urbild mag ein leichtfüßiges, leicht¬
1823 1275 3085 1372 sinniges Kind der Wiener Vorstadt gewesen sein. Sie ist
1821 1338 3086 1410 der Schmetterling, der von dem einen Mann zum andern
1818 1388 3086 1467 gankelt, den einen aus instinktiver Zuneigung liebt,
1813 1429 3081 1512 den anderen um seines Ansehns und seiner Stellung
1813 1470 3085 1553 willen, den dritten, weil er ihr ein gesichertes Dasein ver¬
1802 1529 3077 1602 spricht. Sie ist sich keiner Schuld bewußt, denn Untreue
1806 1561 3081 1632 liegt ihr im Blute. Und warum soll sie nicht vielen gut
1809 1621 3084 1700 sein da viele sich gar so freundlich um sie mühen? Ganz
1806 1674 3075 1739 unschuldig flattert sie vom einen zum andern, denn nie sind
1810 1713 3075 1771 ihr die Augen aufgegangen; sie hat nie begriffen, was das
1809 1749 3117 1846 Leben, wer sie selbst und wie die andern; alles war und
1808 1805 3076 1871 bleibt für sie ein Spiel. Ganz unschuldig ist Beatrice,
1806 1839 3082 1932 denn sie hat keine Seele. Weil sie so seelenlos, ist sie
1816 1889 2014 1967 so hold.
853 1875 1383 1973 Bezugs-Bedingungen:
1911 1931 3075 2011 Dieser Beatrice, die Schnitzler aus seiner Eigenart
380 1942 1583 2036 Für 50 Zeitungsansschnitte (Artikel oder Notizen) Kr. 15.—
484 1982 609 2041 100
1458 1959 1812 2067 28.— inclusive
1804 1980 3100 2069 heraus nicht tragisch und nicht lächelnd nehmen konnte, die
1605 2028 1784 2077 Porto.
489 2034 614 2076 200
1457 2040 1568 2096 50.—
1799 2030 3078 2106 er mit weichen, elegischen Empfindungen umspinnt, stellt
1441 2063 1795 2134 110.— Zahlbar
1255 2093 1306 2142 „
1803 2085 3075 2149 sich die Künstlergestalt entgegen, deren Wesensbedingungen
394 1947 620 2176 13
1436 2095 1808 2179 200. — im Voraus
1795 2133 3070 2174 der Wiener Poet letzthin in seinen „Lebendigen Stunden“
505 2137 1816 2227 Im Gegensatze zu anderen Bureaux für Zeitungsausschnitte ist das
1805 2168 3080 2246 nachgegangen ist. Doch zeichnet sich ihm im „Schleier der
389 2184 1434 2251 Abonnement durch keine bestimmte Zeitdauer begrenzt;
1463 2209 1811 2269 auch stcht es den
1812 2218 3078 2297 Beatrice“ der Künstler, der diesmal ein Dichter ist, in ganz
394 2242 1708 2300 Abonnenten frei die aufgegebenen Themen zu ergänzen oder zu ändern.
1793 2272 3082 2338 anderen Farben. Nicht mehr ist er der Vampyr, der das Weib,
1800 2314 3075 2370 das er liebt, für seine Kunst aussaugt; durchaus nicht; mit
503 2311 1805 2383 Der „OBSERVER“ veranstaltet täglich einen Auszug enthaltend die
1809 2361 3071 2432 unendlich feinen Organen umfängt er ihr Wesen; was ihm
387 2332 1800 2422 Inhaltsangabe aller wichtigen Mittheilungen der Wiener Morgen
389 2407 1779 2470 Flätter (Tagesjournale ausser „Neue Freie Presse“ und „Wiener Zeitung
1809 2402 3067 2470 hoch und werth, trägt er hoffend, ahnend in sie hinein. In
380 2436 1809 2513 wodurch eine Uebersicht über das gesammte politische und wirehschaftliche
1810 2450 3058 2517 Beatrice glaubt er die Geliebte seiner Dichterträume ge¬
376 2459 1799 2567 Leben des In- und Anslandes in drastischer Kürze geboten wird. Diese Mitt
1811 2495 3073 2580 funden zu haben. Er ist dazu verdammt, die Seele der
379 2520 1434 2583 theilungen werden in Wien um 9 Uhr Früh verschickt.
1800 2532 2283 2609 Seelenlosen zu lieben.
1901 2573 3058 2674 Deshalb: wie Beatrice ihm nichtsahnend, heiter plau¬
699 2597 1505 2699 Prospecre gratis und fanco.
1803 2619 3065 2719 dernd von einem Traum erzählt, in dem sie sich wohlge¬
1808 2681 3067 2751 fällig als Weib eines anderen, in Macht und hoher
1805 2732 3070 2802 Stellung gesehen hat, ist sie für ihn verloren. Ihm bleibt
1798 2780 3083 2858 nur eines, sich von ihr zu trennen. Deshalb muß, da sie von #
1790 2826 3065 2878 der Hochzeitsfeier mit jenem anderen fortschleicht, um ihm an¬
1791 2868 3059 2923 zugehören und dann mit ihm zu sterben, er sie vorerst auf die
1800 2913 3066 2989 Probe stellen. Für ihn ist ihre Liebe nur dann begehrens¬
1791 2960 3065 3040 werth, wenn ihre Seele ganz der seinen lebt, wenn Beatrice
1783 2994 3061 3090 wirklich fähig ist, auch die letzte Lebensstunde mit ihm vereint
1798 3061 3057 3125 zu beschließen. Und damit taucht ein Problem auf, das
1785 3098 3060 3181 Schnitzler bereits in seiner frühen Erzählung „Sterben“.
1780 3143 3056 3228 beschäftigt hat. Beatrice ist gekommen, um mit ihrem Ge¬
1789 3192 3057 3267 liebten vereint aus dem Leben zu scheiden. Da er ihr aber
1796 3235 3045 3319 vorspiegelt, sie habe in dem Wein, den er ihr gereicht, be¬
1788 3284 3053 3342 reits das tödtende Gift getrunken, erlischt an der Todes¬
1786 3331 3050 3399 furcht all' ihre Liebe. Und wie sie vollends den Freund
1789 3371 3058 3451 sterbend vor sich sieht, packt sie ein Schauer, und sie flüchtet
1784 3424 3063 3503 von ihm, zurück zu jenem andern, mit dem der Priester
1780 3474 3058 3543 eben sie vereint. Leben um jeden Preis, auch um den der
1779 3505 1958 3586 Liebe!
1897 3557 3044 3632 Beatrice, das Kind des Lebens, ein Wesen gleichsam
1778 3598 3047 3690 instinktiv spiesender Natur, diese Beatriee angesichts des
1779 3650 3041 3731 Todes — das Bild erheischte in Schnitzler's Sinn einen
1779 3694 3045 3785 großen, bewegten Hintergrund. Er schuf ihn aus den
1788 3748 3037 3824 Bologna der Renaissance. Cesare Borgia hält die Stad
1785 3785 3040 3851 in eiserner Umklammerung, morgen schon soll der Ent¬
1777 3822 3029 3914 scheidungskampf geschlagen werden, niemand zweifelt, daf
1779 3885 3048 3966 mit dem grauenden Tag dei Tod durch die verödeten Gasser
