3436 4448
1913 159 2353 246 box 20/4
239 136 1747 265 14: Der SchleiendenBeatrice
2193 1352 3123 1421 Pbrehuopen, Hde. Scheriiche, gibel Mthfsthe and ein
2174 1386 3120 1457 württembergischer General. — Große Schießübungen
2177 1446 3126 1494 s der Fußartillerie finden ferner in diesem Jahr auf
2800 1476 2947 1540 Peaeeeni K-Muee
1749 1469 1945 1541 ANMRETENMTKTE
1008 1472 1241 1553 S
621 1468 698 1552 1
342 1505 3136 1607 ersten Blick auf die Straßenkulisse der Bühne, auf] Galanen zweier Florentinischer Kurtisanen, die ihn hör über ihren Verbleib mit ihren Eltern und Ge¬
2473 1560 3119 1621 Da erscheint sie selbst, aber ohne
1285 1570 2496 1623 gleich darauf besuchen und von den beiden Mädchen schwistern an.
356 1573 1301 1629 die bewegten Händel des Volkes, das sie belebt,
2199 1603 3122 1656 ihren Schleier, verstört und verwirrt, und wil ach
1281 1609 2215 1658 sehr unsanft verabschiedet werden, als diese den Reich¬
365 1597 1303 1668 und auf die Aufzüge vornehmer Potentaten, denen
2203 1637 3133 1695 einigen schnell als Lügen erkannten Ausreden
120 1636 2209 1713 machte am Fackelträger freie Bahn durch die Menge verschaffen, ium Filippos wittern und sich von seiner Gunst mehr
2203 1673 3133 1731 nichts über ihren Aufenthalt und den Verlust des
115 1674 2204 1750 nitzlers viel= wohl gar wähnen könnte, mitten in dem Verona versprechen. Der Dichter nimmt die Mädchen zu
2190 1711 3132 1772 Brautgeschenkes aussagen. Der Herzog überweist
1275 1723 2202 1797 sich, und sie setzen sich lachend an den voll¬
119 1737 1297 1792 chleier der des liebetrunkenen Romeo zu sein. Aber schon eine
2200 1758 3127 1814 sie im Zorn inem schnellgebildeten Gerichtshof, der
205 1768 2204 1828 zu legiti= oberflächliche Bekanntschaft mit dem Werke selbstl besetzten Tisch, an dem er mit Beatrice sveisen
2199 1796 3122 1852 ihr die Todesstrafe in Aussicht stellt. Das schreckt
365 1808 2202 1868 läßt sehr schnell erkennen, daß die äußere Schale wollte. Auch im zweiten Akt weilen sie noch bei
121 1800 368 1864 wechenlangen
2194 1834 3135 1896 die lebenslustige Maid aber dermaßen, daß sie sich
1289 1848 2212 1893 ihm, bis er plötzlich die Nachricht von Beatricens
369 1849 1307 1909 der Form nur erborgter Schein ist, der Inhalt aber
117 1846 388 1914 hiten Proben
2198 1887 3128 1936 zu einem Fußfall vor dem Gemahl entschließt und
1290 1881 2208 1927 bevorstehender Vermählung erhält. Das Mädchen,
374 1891 1297 1942 nichts bietet, als das geschraubte, unwahre, auf
117 1893 381 1947 ergeblich auf¬
2201 1907 3131 1979 ihn bittet, ihr dahin zu folgen, wo sie den Schleier
1284 1918 2211 1966 das ihn zu lieben vorgab, hat sich plötzlich auf
374 1928 1305 1973 Stelzen gesetzte ausgetiftelte Machwerk eines Schrift¬
113 1933 394 1992 sultat schließ¬
2200 1956 3138 2009 verloren haben müsse. Sie führt ihn nun in
1284 1969 2203 2011 Drängen ihrer Eltern zur Heirat mit einem braven
125 1968 1306 2025 , die die An= stellers, der zwar in längerer Praxis genug Bühnen¬
2198 2003 3128 2045 Filippos Haus, und dort findet sich inmitten des
1284 2000 2207 2051 guten Jungen Vittorino, einem Werkgesellen ihres
103 2009 1299 2062 Fung seinerzeit kenntnis erworben hat, um auf der Szene
2201 2030 3139 2087 Gemachs, in dem sie kurz zuvor mit dem Dichter
1289 2036 2204 2089 Vaters, entschlossen. Da kreuzt in abendlicher Stunde
105 2045 1294 2103 amit manchen nicht ganz zu straucheln, aber doch nicht entfernt
2198 2080 3136 2131 geweilt, auch wirklich der Schleier. Der Herzog,
1284 2079 2214 2128 der Herzog von Bologna ihren Hochzeitszug. Der
370 2084 1304 2137 die Kraft, den Reichtum und den Schwung idealer
119 2080 390 2147 rs zugezogen
2205 2114 3135 2179 der gar nicht weiß, in wessen Zimmer er sich
1286 2096 2205 2168 Herzog ist entzückt von der Schönheit der Braut und
373 2117 1296 2172 Gedanken besitzt, die allein auf dem Gebiete des
123 2127 379 2187 kleiner Kreis
2198 2141 3139 2211 befindet, will trotzdem nun gleich hier mit
1289 2157 2219 2217 begehrt sie allsogleich für sich. Der Bräutigam soll
376 2153 1299 2210 höheren Dramas den Erfolg sichern. Schnitzlers
117 2161 376 2219 er nor einem
2198 2188 3124 2238 der Gattin, die Hochzeitsnacht verbringen,
1285 2198 2208 2255 abgefunden werden, auch die Eltern und Geschwister
372 2205 1288 2254 Jambensprache ist eine in Rbyihmen gezwängte, oft
124 2204 379 2264 ertrotzte ihm
2205 2229 3128 2291 stößt aber beim Lüften des Bettvorhanges auf die
1284 2237 2207 2286 Beatricens bei dem Ehehandel Vorteil haben.
371 2246 1294 2296 recht prosaische, oft statt echten Dichterschwunges nur
121 2245 387 2294 Besucher ein
2199 2259 3133 2321 Leiche Filipvos. Gleichzeitig dringt sein Gefolge
1699 2278 2206 2333 Herzog gerührt an den
1284 2273 1716 2333 Beatrice sinkt dem
380 2283 1299 2326 Schwulst und leere Worte bietende Verssprache, sein
124 2285 387 2345 doch es war
2198 2309 3135 2371 herein und klärt ihn über die Stätte seines Ver¬
1295 2313 2210 2373 Hals und will ihm sofort zum Traualtar folgen,
365 2323 1299 2390 Sujet aber ein durch und durch verworrenes, zum
120 2322 386 2383 fall, und für
2201 2347 3132 2400 weilens auf. Unter den eindringenden Bolognesen
1298 2347 2213 2404 wenn er sie wirklich zur Herzogin erhebt. Der
369 2357 1296 2411 Teil selbst schlexpendes und langweilendes Verstandes¬
233 2359 383 2411 keinen
163 2368 250 2413 es
2195 2381 3136 2437 ist aber auch der Bruder der Beatrice. Er macht
1295 2396 2214 2442 Herzog willigt ein, Vittorino erschießt sich aus Ver¬
366 2398 1300 2445 produkt, dem auch die Mache des routinierten
89 2392 382 2458 Agen der Mehr¬
2194 2417 3139 2481 glücklicherweise der peinlichen Szene kurzer Hand mit
1302 2423 2217 2484 zweiflung, und man schreitet ungesäumt zur Hochzeit,
378 2442 1301 2499 Bühnenschriftstellers kein wahres, glaubhaftes Leben
97 2430 375 2498 Fürteilung des
2197 2465 3131 2522 dem Dolche ein Ende, den er der buhlerischen Schwester
1294 2461 2217 2518 und das am Vorabend des Tages, der Bologna
364 2469 1305 2536 einzuflößen verstand. Die ersten beiden Akte
99 2475 389 2537 müßige, nutz¬
2200 2494 3134 2557 ins Herz stößt, und der Herzog findet nun des
1292 2507 2218 2556 einen blutigen Entscheidungskampf um seine Existenz
162 2510 1302 2567 Schnitzlersermüden durch eine Breite und Redseligkeit
2192 2541 3141 2602 Rätsels Lösung darin, daß Beatrice nur
1289 2545 2216 2602 bringen wird. Während des Hochzeitsmahles schleicht
95 2547 1303 2613 Jal ein Pracht= die auch der späterhin etwas flottere Gang der ge¬
2203 2583 3141 2632 ein Kind gewesen sei, das mit allen ihr gebotenen
1295 2591 2206 2636 sich aber Beatrice ungesehen (!) von der Seite ihres
366 2596 1300 2642 künstelten Handlung kaum wieder wett zu machen
97 2593 387 2651 Bühne erhärtete
2213 2614 3135 2672 Erdengütern nur gespielt habe, erst mit dem Herzen
1282 2627 2209 2683 Gatten hinweg und gelangt in ihrem prunkvollen
375 2636 1294 2677 vermag. Wir sind im Stück in Bologna. Der
109 2631 391 2686 Inalytiker und
2198 2659 3128 2715 eines Dichters, dann mit der Krone eines Herzogs,
1295 2663 2210 2724 Hochzeilsgewande, das vor allem ein kostbarer
125 2664 1299 2728 t den Boden! Dichter Filippo Loschi liebt und besingt die Tochter
2198 2687 3139 2747 dann mit der Liebe eines Jünglings uyd schließlich
1284 2713 2214 2769 Schleier des Herzogs schmückt, ebenfalls un¬
370 2711 1304 2756 eines schwachsinnigen Wappenschneiders Nardi, die
96 2709 393 2768 genstes Gebiet
2196 2723 3138 2790 mit dem Gatten und dem Leben selbst. Man dürfe
1297 2745 2212 2810 gesehen (!) durch die Straßen der Stadt zu
378 2748 1308 2804 schöne Beatrice, die er wenige Tage zuvor erst auf
98 2743 377 2810 Irgerlicher, der
1292 2780 3137 2838 Filippos Haus. Sie will mit ihm einmal nicht zu streng gegen sie sein und ihr Tun nicht
378 2782 1301 2845 einem Feste kennen gelernt hat. Wie Romeo
118 2789 382 2846 e zur Höhe der
2196 2813 3133 2870 Betrug und Frevel nennen, denn sie sei eben nur
1287 2825 2214 2872 glücklich sein und dann mit ihm sterben. Als ihr
367 2825 1301 2879 schwärmt er traumselig von ihr und beschließt, mit
109 2821 383 2893 und verspotte¬
2209 2860 3136 2907 ein Kind gewesen. Mit dieser Weisheit entläßt
1291 2860 2221 2917 aber der Dichter den Giftbecher reicht, weist sie ihn
420 2862 1298 2915 t aus dem vom Feinde bedrohten Bo¬
102 2860 387 2922 ##rstreben. „Der
2209 2891 3139 2966 uns das Stück, ohne auch nur den Versuch gemacht
1297 2901 2216 2955 zurück und läßt ihn allein davon trinken. Nun ist
365 2900 1303 2964 logna zu entfliehen. Da erscheint sie selbst und
107 2905 382 2955 us in Sprache
2201 2925 3127 2989 zu haben, uns in die Tiefen dieser vermeintlichen,
1288 2939 2211 2985 j sie untröstlich und wirft sich über den toten Gelieb¬
368 2952 1294 2994 sie kosen in warmer Sommernacht im Garten,
101 2944 386 3000 ambendramas,
2203 2980 3126 3025 im Grunde recht verschmitzten „Kinderseele“ binein¬
1296 2978 2214 3027 ten, der ihr unter den obwaltenden Umständen das
136 2972 1303 3024 ###nd farben= bis sie ihm von einem Traum erzählt, in dem der
1289 3012 3142 3065 Glück einer Nacht in seinen Armen verweigert hat. blicken zu lassen und damit einen Standpunkt zu
120 3004 1302 3074 Renaissanze= Herzog von Bologna sie geküßt habe. Das erweckt
365 3054 3133 3130 Filippos Eifersucht, er jagt sie von dannen und]Sie ist inzwischen von ihrem jungen Gatten ver= verschaffen, von dem aus die Wunderlichkeiten
261 3072 328 3114 d
106 3112 3144 3172 schauer beim schenkt die zur Flucht bereit stehenden Pferde den mißt worden, und der Herzog stellt ein ernstes Ver= dieser Rätselseele begriffen oder erklärt werden könn¬
