3436 4448
1548 169 2417 209 wirklich treibenden Kräfte des Dramas
1543 206 2414 248 übersah. Dazu kam als äußerer Rahmen die
1545 253 2417 309 damals eine Modesache gewesene Renaissance,
1551 292 2418 344 die verschiedenen Dichtern — hier sei nur
1542 337 2406 400 an Wildes „Florentinische Tragödie“ er¬
1546 383 2412 437 innert — das Stoffgebiet für ihre Werke
1542 417 2410 476 abgab. In beiderlei Hinsicht ist „Der
1537 475 2411 532 Schleier der Beatrice“ ein Kind seiner Zeit:
1538 530 2412 574 der jugendliche Held weit entfernt daron,
1550 557 2412 607 ein Renaissancemensch zu sein, hat vielmehr
1550 604 2414 674 alle neurotischen Fehler eines Kindes des
1556 649 2404 694 „Fin de siecle“ — wie denn überhaupt alle
1551 691 2417 736 Figuren trotz Prunkkostümen und Bubikopf
1557 736 2401 784 stark an den „Anatol"=Kreis Schnitzlers er¬
1548 789 2418 839 innern — und faßt seine folgenschweren
1555 825 2416 870 Entschlüsse auf Grund von Stimmungen,
1536 860 2414 930 die selbst seiner eigenen ruhigeren Ueber¬
1552 913 2419 976 legung nicht standzuhalten vermögen. So
1550 959 2419 1019 berührt das erregende Moment, die Ver¬
1550 1001 2417 1060 treibung der von ihm über alles geliebten
1542 1049 2403 1100 Beatrice, nur weil ihr in einem Traum ein
1551 1095 2401 1138 anderer Mann als angenehmer Werber er¬
1543 1138 2407 1197 schien, trotz oder vielleicht eben wegen der
1553 1180 2413 1232 Vorahnung der damals in ihren Anfängen
1542 1231 2409 1278 steckenden Psychoanalyse eher befremdend
1540 1277 2408 1334 und peinlich, so auch hat der freiwillige Tod
1552 1308 2417 1374 des Helden nach durchschwärmter Nacht
1543 1365 2410 1415 nichts Notwendiges und damit nichts Ueber¬
1547 1396 2406 1458 zeugendes. Und wie diese Hauptfigur, so
1551 1445 2418 1505 verwaschen und vieldeutig sind auch die
1546 1487 2412 1547 übrigen führenden Gestalten des Werkes,
1553 1538 2403 1601 namentlich Beatrice selbst, die, verjagt, sich
1456 1540 1534 1596 l¬
1544 1585 2417 1631 in die Arme eines nahen Verwandten
1546 1618 2413 1685 Brackenburgs flüchtet, auf dem Wege zur
1462 1636 1531 1691 3=
1531 1656 2420 1723 Kirche jedoch dem Werben des Herzogs
1542 1726 2411 1777 nachgibt und dessen Gattin wird, in der
1543 1756 2417 1811 Hochzeitsnacht wieder zum einzig Geliebten
1470 1769 1535 1840 t.
1552 1798 2410 1852 zurückkehrt, entschlossen, mit ihm zu sterben,
1543 1842 2401 1902 dann jedoch vor den Schauern des Todes
1549 1893 2414 1949 zum Herzog zurückflieht, um schließlich von
1549 1934 2409 1995 ihrem Bruder, einem jungen Valentin, er¬
1543 1975 2413 2037 dolcht zu werden. (Weil übrigens gerade
1550 2025 2412 2084 von Aehnlichkeiten die Rede ist: Wer er¬
1553 2063 2417 2122 innert sich bei Beatrices in des Geliebten
1472 2069 1535 2121 en
1550 2114 2416 2175 Hause vergessenem Hochzeitsschleier, einem
1498 2118 1537 2167 ie
1498 2153 2410 2212 nkostbaren Geschenk des Herzogs, nicht des
1545 2202 2417 2265 Schnupftuches Desdemonas? Nur daß im
1543 2237 2415 2295 Werke Shakespeares mit sinnvoller Schau¬
1551 2293 2409 2343 rigkeit zutiefst in die Handlung verwoben
1547 2340 2411 2400 erscheint, was hier ein bloßes Requisit ist.)
1563 2377 2403 2443 Auch der Herzog, in seinem Tun und Lassen
1552 2414 2416 2493 vollkommen Stimmungen unterworfen, auch
1476 2456 1534 2500 en
1540 2464 2407 2519 der Bruder der um Beatrices willen ver¬
1547 2508 2409 2568 lassenen Verlobten des Helden, nach seinen
1540 2549 2418 2622 eigenen Worten entschlossen, den Eidbrecher
1543 2604 2404 2657 zu töten, dann aber ihn zu beweinen — also
1544 2656 2352 2706 eine Art von empfindsamem Wüterich
2349 2653 2402 2696 —
1537 2683 2418 2750 zeigen jene schwankende Kontur, die der
1542 2736 2420 2797 vorherrschende Eindruck dieses Schauspiels
1547 2782 2419 2840 ist. Das Burgtheater legte das Hauptgewicht
1476 2818 2411 2904 auf die erste Silbe und veranstaltete tatsäch¬
1547 2868 2417 2930 lich eine fast märchenhaft anmutende Schau
1537 2883 2417 2971 von Dekorationen und Kostümen, die den
1541 2960 2411 3011 klingenden Versen im vorhinein Eindruck
1550 2997 2406 3064 sichern mußten. In der Hauptrolle des
1548 3034 2414 3110 jungen Dichters Filippo Loschi zeigte Herr
1555 3092 2416 3156 Andersen sein jugendliches Feuer und
1539 3120 2413 3193 schenkte der etwas blutarmen Gestalt sein
1547 3184 2419 3230 eigenes heißes Blut. Frau Wagener,
1551 3226 2413 3286 reizend in Aussehen und den lyrischen Par¬
1466 3260 2413 3317 #en tien des Stückes, besaß nicht das Format,
1486 3304 1517 3345 st
1545 3312 2404 3372 um der Tragik dieser Rolle gerecht zu wer¬
1552 3359 2411 3407 den. Den Zuhörern zu Dank löste Herr
1486 3376 1550 3420 de
1549 3407 2418 3461 Aslan seinen Part in die edle Melodie
1466 3416 1524 3466 ef
1546 3455 2418 3506 seiner Sprache auf. Dem Brackenburg, hier
1540 3495 2412 3550 Vittorino, und dem Valentin, hier Fran¬
1541 3526 2406 3585 cesco geheißen, gaben die Herren Philipp
1543 3589 2412 3637 [Zeska und Lohner, was den Rollen ge¬
1538 3624 2416 3682 bührte. In Episoden seien genannt Herr
1547 3669 2413 3716 Hennings — wundervoll aussehend, wie
1546 3713 2405 3763 ein damasziertes Florett — und Herr
1545 3758 2418 3813 Straßni und Frau Devrient=Rein¬
1463 3776 1531 3831 Im
1549 3798 2402 3859 hold als Beatrices Eltern. Bei der um¬
1467 3814 1530 3862 m¬
1495 3857 1539 3902 im
1556 3847 2405 3894 sichtigen Spielleitung des Direktors Her¬
1564 3894 2418 3932 terich verwunderte nur die wenig ent¬
1556 3928 2354 3993 sprechende Bewältigung der Massenszene.
1894 3977 2363 4052 Dr. Mirko Jelusich.
1578 4075 2395 4162 Das Konzert der Dresdner
1845 4138 2095 4212 Sänger.
1463 4165 1549 4211 die
