3484 4256
1910 242 2357 334 box 20/4
1667 253 1763 338 8
238 242 1673 334 14: Der Schleier der Beatrig
1107 1429 3248 1461 Das Alles ist mit großer psychologischer Feinheit conei=, Unberechenbare, rechtfertigt die Situation. Und so durch¬
2140 1443 3237 1510 aus. Ständig muß man die Handlung nachrechnen, um sie
1053 1453 2131 1506 pirt, und die Handlung scheint zunächst der Conception der
2142 1484 3231 1537 zu begreifen, man muß die feingewirkten Fäden in ihrem
219 1414 780 1563 Feuilleton.
1050 1495 2138 1535 Charaktere ganz zu entsprechen. Um Loschi willen ist Bea¬
2134 1517 3236 1596 Lauf verfolgen, um das Gewebe überschauen zu können,
1057 1528 2136 1586 trice ihrem Verlobten untreu geworden, er ihretwillen seiner
2136 1560 3240 1623 aber dazu hietet die Bühnenhandlung keine Zeit, die Noth¬
1052 1573 2144 1610 Braut. Da sie ihm aber von einem Traum erzählt, in dem 1
2139 1604 3228 1653 wendigkeit der verstandesmäßigen Nachconstruktion gibt dem
1063 1609 2131 1661 sie sich mit Wohlgefallen als Gemahlin des Herzogs gesehen,
2139 1634 3239 1691 Drama als solchem ein verstandesmäßiges, ein konstruirtes
1053 1652 2131 1707 weist er sie von sich: daß sie ihn nicht wahrhaft liebt, daß
117 1639 924 1731 Berliner Theater.
2140 1677 3237 1738 Ansehen. Und das trifft zum Theil auch zu: stellenweise zum
1061 1689 2139 1745 sie gar nicht fähig, zu begreifen, was Lieben wahrhaft heißt,
2133 1730 3240 1781 mindesten ist es Schnitzler nicht gelungen, das fein und klug
1045 1729 2131 1783 tritt ihm mit erschreckender Klarheit ins Bewußtsein. So
636 1713 1010 1795 Berlin, 8. März.
2139 1763 3236 1811 Ersonnene in überzeugende Gestaltung umzusetzen. Der
1050 1771 2131 1818 abgewiesen, trifft sie mit ihrem Verlobten zusammen und
118 1769 1017 1856 ches Theater: Arthur Schnitzler „Der Schleier der
2152 1799 3227 1857 Poct in Schnitzler hat nicht überall vermocht, mit dem speku¬
1057 1804 2133 1856 ist bereit, mit ihm vor den Traualtar zu treten. In dem
389 1815 621 1876 Beatrice.“
2135 1842 2997 1904 lirenden Psychologen gleichen Schritt zu halten.
1062 1834 2130 1892 Augenblick aber sieht sie der Herzog und ladet sie auf sein
106 1856 1044 1928 Wologna des angehenden 16. Jahrhunderts thut sich
2205 1854 3233 1931 Frl. Triesch bot als Beatrice eine wundervolle Leist¬
1052 1883 2136 1936 Schloß, die letzte Nacht vor dem entscheidenden Kampfe sein
131 1914 1051 1964 r Schnitzler's Schauspiel „Der Schleier
2135 1894 3237 1971 ung. Das unbewußt Trügerische und Spielende, die Natur;
1051 1924 2132 1971 Lager mit ihm zu theilen. Um des Herzogs willen wendet
123 1953 1046 2004 latrice“ auf. Cesare Vorgia hält die Stadt mit
2134 1956 3231 2013 brachte sie zur Darstellung. Auch Herr Bassermann als
1050 1959 2134 2015 sie sich von ihrem Verlobten ab, sie weiß auch den Herzog zu
137 1993 1041 2039 Uebermacht umschlossen, den nächsten Morgen schon
2141 1972 3241 2054 soldatischer Bruder schuf eine Figur; in Nebenrollen mochten
1050 2004 2134 2064 bestimmen, sie zu seiner Gemahlin zu erheben. Die Trau¬
123 2034 1043 2082 Entscheidungskampf ausgefochten werden, Niemand,
2132 2035 3234 2080 die Herren Stieler und Meinhardt gefallen. Als
1050 2037 2136 2092 ung findet statt, und kaum ist sie vollzogen, so entweicht
128 2075 1056 2128 wüßte, daß der Tod seiner harrt. Und angesichts
2146 2078 3237 2128 Ganzes genommen aber war die Aufführung durchaus unzu¬
1054 2075 2143 2125 Beatrice aus dem herzoglichen Schloß zu Loschi den sie
123 2107 1051 2164 s, ganz wie Renan es in seiner „Aebtissin von
2131 2108 3241 2182 reichend. Die Schauspieker des Deutschen Theaters haben
1048 2105 2132 2162 liebte. Sie will ihm angehören und dann gemeinsam mit
137 2142 1046 2188 geschildert, glüht das letzte, besinnungslose Liebes¬
2147 2151 3239 2203 es verlernt, Verse zu sprechen, Herr Rittner zumal
1049 2146 2146 2209 ihm sterben. Aber Loschi hat den Glauben an ihre Liebe
131 2189 1040 2234 kauf. Feste sollen gefeiert werden, der Herzog wird
2135 2183 3238 2243 schwelgte in sinnwidriger Betonung. Doch fehlte es auch sonst
1059 2184 2148 2240 verloren, er stellt sie auf die Probe und spiegelt ihr vor, sie
134 2224 1043 2281 ste Mädchen von Bologna zu schwelgerischer Liebes¬
3015 2232 3213 2300 E. H.
1055 2225 2142 2288 habe in dem Wein, den sie getrunken, bereits das Gift ge¬
2138 2240 2841 2290 an recht schlechten Darbietungen nicht.
133 2268 1045 2313 sein Schloß entbieten, im Rausche sei der Becher
1062 2271 2136 2322 schluckt. Todesangst packt sie und erweist sich stärker als ihre
2653 2277 2770 2333 ——
129 2306 1043 2356 Ein letztes Jauchzen im Genuß der köstlichsten
1054 2317 2146 2362 Liebe. Da Loschi vollends in ihrem Beisein wirklich den Gift¬
117 2333 670 2413 ter, und dann das Sterben.
1062 2350 2154 2411 becher leert, faßt sie ein Grauen, sie kann den Anblick des
1054 2385 2149 2445 Todten nicht ertragen, sie flüchtet zurück aufs herzogliche
114 2381 1047 2453 dersam wächst aus diesem Hintergrunde die Gestalt
1048 2411 2153 2480 Schloß. Aber man hatte sie bereits vermißt, auch hat sie ihren
121 2442 1054 2498 ktrice heraus. Dies untergehende Bologna ge¬
1047 2460 2147 2522 Schleier bei Loschi zurückgelassen. Nun muß sie den Her¬
126 2479 1046 2530 leichsam in ihr persönliches Dasein. Ganz ein Kind
1049 2491 2154 2568 zog zur Leiche ihr Geliebten führen und findet dort den
128 2519 1056 2564 nheit und des Leichtsinns, blickt sie auf das Leben
1052 2534 2148 2608 Tod von der Hand ihres Bruders, der „ein Soldat und
121 2558 1057 2603 underten, verständnißlosen Augen. Das naive Weib¬
1054 2587 1200 2648 brav“.
124 2599 1060 2646 n lebt in ihr. Sie liebt und spielt doch auch wieder
1119 2602 2155 2682 Erweist schon das kurze Referat, daß die Handlung in
122 2634 1049 2687 ihrer Liebe, wie sie mit allen Dingen Himmels und
1063 2653 2146 2727 sich recht complicirt ist, so ist es Schnitzler nicht gelungen,
132 2671 1052 2730 spielt. Sie ist untreu, ohne selbst um ihre Untreue
1053 2698 2150 2758 sie bühnenmäßig in Gang zu bringen. An etwas ganz Aeuße¬
127 2711 1051 2764 wissen, denn ihre Seele ist noch nicht zu klarem
1057 2743 2159 2788 rem tritt dies zutage: Eingangs jedes Aktes hat man Mühe,
114 2747 1055 2801 ußtsein aufgewacht. Wie ein Schmetterling flat¬
1060 2778 2149 2829 sich den Zeitverlauf gegen den vorhergehenden klar zu machen;
115 2784 1045 2843 on einem Mann zum andern, und just in den Armen
1057 2816 2148 2874 Akt 2 und 1, dann wieder 4 und 3 scheinen zum Theil
113 2825 1049 2877 en sie liebt, muß sie an den denken, der Macht und
1061 2861 2148 2910 gleichzeitig zu spielen. Die wichtige Exposition der Volks¬
120 2858 1058 2925 zu vergeben hat, und wiederum im Vollbesitz des
1058 2895 2145 2948 stimmung in dem belagerten Bologna bringt erst der zweite
127 2900 1055 2955 treibt sie ein Heimweh zurück zu stillem Liebeskosen.
1059 2935 2148 2993 Akt. Was aber am schwersten für die Bühnenwirkung ins
109 2945 1055 3000 ie Eva, die immer sündigt, weil sie noch nicht die
1047 2968 2149 3026 Gewicht fällt: die Handlung entspricht zwar derCharakteristik,
112 2981 1059 3046 om Baume der Erkenntniß gegessen hat. Und
1048 3013 2148 3072 aber sie dient so wenig, die Charaktere ins rechte Licht zu
124 3018 1052 3071 es seine Art, nimmt Schnitzler dies naiv=treulose
1061 3039 2155 3111 setzen, daß man vielmehr die Handlung nur begreift, wenn
113 3060 1051 3110 cht tragisch und noch weniger komisch, er umfängt sie
1051 3093 2153 3133 man die Konsequenzen aus der Charakteristik zieht. Beatrice
122 3091 1060 3164 er, elegischer Sympathie. Und in schroffem Gegen¬
1051 3125 2145 3189 hatte im zweiten Akte ihre Heirath mit dem Herzog durchge¬
123 3139 1059 3195 hr gestaltet er den Mann, der sie liebt, Filippo
1059 3164 2153 3219 setzt, sie taucht im dritten plötzlich und unvermuthet in Loschi's
140 3175 1062 3239 den Dichter. Er lebt sein eigenes Leben, abseits
1060 3206 2159 3258 Wohnung auf, der sie von sich gewiesen; sie erklärt, ihm an¬
118 3213 1060 3269 Andern. Die Gefahren, die der Stadt drohen, ver¬
1065 3236 2154 3299 gehören und mit ihm sterben zu wollen. Der Zuschauer be¬
117 3257 1064 3302 tigen sich ihm nicht, die Stimmung, die alle er¬
1063 3273 2163 3336 greift ihre Handlungsweise, da sie immer Verlangen trug,
125 3293 1050 3353 ist nicht die seine. Er kennt nur die Gebote seines
147 3326 2163 3395 Recht berzlich liebt er in Beatrice, der Seelen=] das Weib des Herzogs zu werden, zunächst durchaus nicht.
1052 3375 2156 3432 1 Erst die Ueberlegung, daß Beatrice ja die Wankelmüthige,
123 3375 374 3436 ce — Seele.
