3392 4224
155 120 929 156 #n — er wäre ihnen mit jedem immer wieder
169 136 928 198 Eine zweite, eine dritte Christine, eine
167 193 929 249 Schlager=Mizzi ... anerkannte Marke ...
166 236 934 292 in hoc signo..! Viele machen's ja
158 281 934 338 kinmal in einem bestimmten Genre Glück
167 321 924 369 ewiß praktisch, sich nach eigenem Muster
162 368 921 414 r allerdings ist es, sich zu entfalten und
162 409 926 469 hat sich Schnitzler auf dem Stoffgebiet,
169 452 923 503 ersten Erfolge wuchsen, nicht behaglich
164 496 922 542 zwang seine Kräfte nicht, die Wiener
162 542 921 595 bebauen, blos weil da in Sommern, die
167 584 921 633 seine Ernte ergiebig gewesen. Als es ihn
159 617 925 677 hrt. Aus Wien, aus der Gegenwart und
188 670 927 728 geschulten Prosa. Sein „Schleier der
159 715 921 785 Bologna, zur Zeit der Renaissance, und
165 756 268 808 ben.
161 800 912 862 ilippo Loschi in Bologna, jung, genial
164 844 907 895 der Schwester seines Freundes Andrea,
159 885 911 934 resina Fantuzzi verlobt. Andeca weilt
157 933 915 979 ogs von Bologna zu Gast bei den Bor¬
168 976 906 1037 schen hat es sich ereignet, daß Filippo,
166 1023 908 1068 am Krankenlager ihrer Mutter wachte,
166 1060 919 1112 seiner Leidenschaft hingerissen, Teresina
148 1107 905 1162 ählung zu besitzen verlangt. Ein Liebes¬
153 1159 911 1206 ung, geschürt vom Zauber einer milden
163 1197 906 1248 sina hat ihn zurückgewiesen und Filippo
156 1243 910 1296 begung davongestürmt, hinaus vor die
187 1285 910 1325 eben ein Volksfest gefeiert wird, das
148 1324 904 1384 ing mit aller Lust umgibt, die er nur
158 1371 908 1431 t findet er Beatrice Nardi, die junge,
155 1414 909 1472 chter eines tollen Wappenschneiders.
146 1452 906 1519 en Abend ist sie sein. Filippo ver¬
152 1496 901 1556 er nie gekannten, trunkenen Seligkeit.
159 1546 897 1599 n dem Stück voraus. Wenn der Vor¬
153 1589 902 1645 wir Filippo wieder der Geliebten harren.
181 1634 901 1692 vergessen Andrea und all' die köst¬
159 1675 904 1724 affens, Genießens und der Liebe, die
152 1720 897 1783 Menschen knüpften. Filippo erwartet
150 1761 902 1819 es Andere ist nicht von Wichtigkeit.
154 1814 896 1867 ist da, vor drei Tagen noch ein theurer
156 1853 895 1900 veil Beatrice kommen wird. Agostino
157 1898 895 1947 po's componirt, aber Filippo erkennt
161 1946 892 1996 ieb er dies Gedicht? „Noch keinen
151 1993 888 2045 no — und Filippo, der großen Ver¬
149 2022 796 2091 murmelt: „Noch nicht drei Tage!“
155 2075 708 2145 det meinem Heut' dies gestern,
154 2123 568 2174 Aug' in Aug' gestellt,
147 2159 593 2217 erkennen, Brüdern gleich,
152 2192 675 2250 dunkler Straße sich begegnen.“
149 2231 895 2303 iebesverse zum Preis der Teresina. So
149 2283 894 2342 Verona einst Romeo an Rosalinden, als
145 2320 889 2378 kein auch draußen, in Bologna ist viel
153 2371 892 2422 en. Cesare Borgia zieht mit Uebermacht
147 2419 884 2473 zu belagern. Der Herzog Bentivoglio,
149 2461 885 2516 dt gehalten, ist über Nacht und heimlich
150 2505 900 2561 n Andrea, der Freund, der Bruder der
149 2545 889 2596 Und Teresina's Mutter starb diesen
157 2587 892 2642 hi aber hat nicht Ohren für die Noth
149 2637 880 2685 nert das bedrohte Bologna nicht, das
152 2678 231 2725 utt
241 2676 888 2735 und Asche fallen kann. Bologna
239 2725 895 2781 er bestellt Pferde, um mit seiner
191 2758 885 2814 Mögen Andere für das Vaterland
163 2804 889 2865 er hat Beatrice und will leben. Ihn
153 2841 886 2910 Teresina's Mutter starb, daß er sein
179 2894 881 2962 Andrea zurück ist und Rechenschaft
148 2961 793 3048 Schuld? Im Herbste fallen Blätter,
141 3024 689 3082 ießen and're! Sagt Ihr d’rum,
139 3063 337 3112 ig ward?“
149 3091 879 3163 et zu ihm. Andrea hat auf der Reise
134 3149 883 3202 n Bentivoglio vorgetragen. Nun ist der
140 3195 882 3242 ungen Dichter kennen zulernen, ihn an
158 3231 880 3281 Filippo schickt den Boten heim. Was
145 3279 887 3333 so bewunderte Herzog? Er hat nicht
137 3323 890 3380 en. Und endlich, endlich ist er allein.
133 3367 875 3419 trice, zärtlich, plaudernd, schwatzend.
132 3408 874 3464 po fliehen soll, regt sie nicht auf.
139 3453 887 3518 Pferd am Zügel führen, das muß
137 3490 887 3555 Sonst hat sie Angst. Ja, und von zu
136 3538 881 3592 ichtig, auch von der kommenden Be¬
147 3588 880 3640 viele Menschen jetzt auf der Straße
133 3620 876 3680 uder sich hat anwerben lassen, und, bald
143 3676 880 3734 sie hat den Herzog gesehen und der
142 3710 874 3775 hwester Rosina, die den Herzog liebt,
135 3762 878 3804 er der Herzog sah nur sie, Beatrice!
141 3799 874 3847 da geärgert hat! Und noch was: sie
128 3841 877 3906 te, sie sei des Herzogs Gattin. Wie
148 3888 882 3950 manchmal Träume sind. Filippo aber
127 3960 438 4030 nangel verspätet.
972 91 2086 169 mslo dringende Worte einwilligte, ihn zu ver¬
957 140 2089 211 lassen, wie sie in ihrer völligen Passivität in Alles willigt.
951 188 2092 237 Schon will sie mit dem überglücklichen Vittorino zum Trau¬
948 244 2092 297 altar, da begegnet sie dem Herzog. Bentivoglio hat eben die
953 267 2088 328 Nachricht erhalten, daß der von ihm verehrte Dichter Filippo
949 308 2091 361 seine Einladung ausgeschlagen, er hat eben vernommen, was
948 353 2086 420 das Volk sich erzählt, von dem schönsten Mädchen Bolognas,
954 393 2084 466 das heute auf's Schloß soll — und er sieht Beatrice. Von
948 444 2083 510 ihrer Schönheit ergriffen, bleibt er stehen. Ward ihm der eine
952 485 2091 547 Wunsch, einen bewunderten Mann kennen zu lernen, aus
945 541 2078 597 unbegreiflichen Gründen verwehrt, so wird ihm vielleicht der
942 588 2089 642 andere, ein schönes Weib in dieser Nacht, die möglicherweise
935 620 2086 688 die letzte seines Lebens ist, zu umarmen, erfüllt. Und er ladet
947 659 2079 714 Beatrice zu sich auf's Schloß. Diese aber, von ihrem Traum
941 708 2079 767 befangen, sagt kühn: „Die herzogliche Schwelle betret' ich
936 744 2080 807 nur als Herzogin!“ Und Bentivoglio, der Jugendliche, der
947 790 2085 851 Freie, der das Seltsame und das Freie liebt, nimmt Veatrice
943 835 2081 907 zum Weibe. Cesare Borgia wartet draußen vor dem Thor
933 885 2084 950 mit zehnfacher Uebermacht. Wenn es morgen kein Bologna
933 931 2081 994 und keinen Bentivoglio mehr gibt, was liegt dann noch daran,
935 965 2076 1035 wer eine Nacht lang Herzogin gewesen. Der arme Vittorino
933 1023 2072 1069 aber, so nah' am Ziel, vom Glück getäuscht, stößt sich einen
938 1051 1260 1114 Dolch in's Herz.
1017 1101 2077 1162 Filippo hat den Abend mit Dirnen verjubelt. Gleich
929 1141 2079 1214 nachdem Beatrice fort war, sind die beiden Florentiner
940 1189 2067 1256 Dämchen in sein Haus gedrungen. Da liegen sie nun ein¬
931 1247 2070 1307 geschlafen, wie die Musikanten, die zum Mahle aufgespielt
932 1280 2080 1351 haben. Filippo weckt sie. Er will sie los haben: „Heisse
924 1320 2071 1390 Trunkenheit, Musik, Umschlungensein von weichen Armen.
932 1366 2075 1435 Was blieb zurück? Nichts als befreites Athmen, daß es vor¬
927 1402 2076 1482 bei, und Sehnsucht nach Alleinsein!“ Ohne es selbst zu wissen,
930 1451 2071 1503 wartet er auf Beatrice. Scheidend, sprach sie: „Fühl' ich,
916 1479 1033 1551 daß
1043 1495 2074 1556 ich nicht sein kann ohne Dich. Und hab'
931 1541 2065 1610 zu sterben Lust, so komm' ich wieder und nehm'
930 1587 2065 1649 Dich mit!“ Jetzt klammert er sich nur mehr noch an diese
931 1619 2070 1694 Worte, die er doch nicht ernst nimmt. Da tritt Ercole, ein
923 1672 2072 1734 Freund, in's Zimmer. Er sieht die Damen und Filippo's
928 1713 2067 1771 Wunsch, sich ihrer zu entledigen. Das trifft sich gut. Sie
932 1753 2066 1823 wollen mit ihm auf's Schloß. Der Herzog hat ganz Bologna
929 1813 2062 1868 geladen, seine Hochzeit zu feiern mit Beatrice. Mit welcher
916 1847 2068 1918 Beatrice? Nun, mit Beatrice Nardi! Einer Bürgerlichen.
923 1890 2058 1948 Er nahm sie, als sie eben mit einem Anderen zum Trau¬
923 1929 2063 2002 altar gehen wollte. Morgen ist doch Alles vorbei! Ercole zieht
917 1974 2059 2030 mit den Florentinerinnen ab. Auf den Straßen wird's lebendig.
920 2015 2065 2077 Bologna jubelt. Filippo aber kann nicht fassen, was geschah. Da
930 2064 2064 2133 tritt Andrea ein. Er kommt erwünscht. Nun ist Filippo bereit,
927 2108 2055 2180 Genugthuung zu geben, den Treubruch mit dem Leben zu
918 2150 2063 2204 bezahlen. Der edle Andrea aber mag den nicht tödten, den
917 2203 2045 2253 er einst hoch geehrt, mag keinen Bologner morden in der
922 2241 2050 2296 Nacht, die Bolognas Fall vorausgeht. Filippo soll mit
921 2286 2052 2357 ihm, dem Feind entgegen, dort auf dem Feld der Ehre
927 2323 2048 2397 fühnen. Und Loschi ist willig, ist begeistert, daß dieser
917 2380 2060 2443 Schluß ihm noch gewährt wird. Da ruft es draußen seinen
914 2418 2056 2487 Namen. Beatricens Stimme. Die Stimme seiner Ge¬
909 2457 2043 2524 liebten, die Stimme der Braut des todten Vittorino,
912 2503 2049 2559 die Stimme der Herzogin von Bologna. Rasend drängt
916 2545 2046 2598 Filippo den Andrea hinaus. „In diesem Augenblick
907 2594 2056 2660 geschieht so Ungeheures, daß alles Andere nichts
904 2629 1372 2698 wird!“ Beatrice ist
1387 2632 2043 2706 gekommen. Von der Hochzeit
909 2669 2046 2741 fort, von Sehnsucht getrieben, ihr Wort zu halten, mit
906 2730 2049 2770 Filippo zu sterben. So brav ist sie und möchte auch nun die
905 2758 2041 2837 Belohnung: „So nimm' mich doch in Deine Arme.“ Filippo
915 2804 2039 2863 stellt sie auf die Probe. Er gibt ihr Wein und sagt, es
915 2853 2046 2927 sei Gift gewesen. Beatrice verzweifelt vor Angst, und
915 2891 2046 2949 er, der nun zum zweitenmale durch Beatrice sein Wort,
910 2938 2044 3014 seines Lebens Ehre an Andrea verloren, trinkt den
912 2985 2045 3027 Giftbecher. Entsetzt flieht Beatrice von der Leiche
913 3026 2048 3097 und läßt ihren Schleier zurück. Sie kehrt in's Schloß
911 3067 2038 3134 zurück, wo das Bacchanal tobt, wo Boten von den
908 3120 2037 3168 belagerten Mauern kommen, Gefangene eingebracht werden.
913 3156 2047 3209 Sie kehrt in's Schloß zurück, wo der Herzog sie längst ver¬
900 3198 2040 3254 mißt und sucht, wo die eifersüchtige Rosina den Argwohn
913 3252 2037 3302 gegen die eigene Schwester stachelt, wo die Höflinge gegen
908 3288 2033 3353 die unebenbürtige Herzogin wüthen. Wo sie war? In der
901 3335 2039 3403 Kirche San Petron, für Bologna beten. Wo ist ihr Schleier
891 3373 2039 3448 geblieben? Wohl dort, in der Kirche! „Die Herzogin
899 3420 2030 3468 lügt!“ ruft ein Höfling. Er hat die Kirche selbst ver¬
910 3459 2025 3531 schlossen. Nun soll sie den Herzog dorthin führen, wo
896 3494 2030 3575 der Schleier geblieben, dann ist ihr Alles verziehen, was es
897 3555 2026 3614 auch sei! Aber um nichts will sie an den Ort des
897 3596 2027 3662 Schauderns, den sie verlassen, zurückkehren. Da verstößt sie
898 3633 2024 3705 der Herzog. Ein rasches Gericht verurtheilt sie zum Tode,
893 3683 2032 3747 und das Schwert fast schon im Nacken, schreit sie in höchster
898 3727 2021 3787 Angst auf. Ja, sie will den Herzog führen, und sie geht
887 3775 2030 3834 mit ihm in dasselbe Zimmer, darin sie den Schleier
902 3818 2032 3879 gelassen und wo Filippo todt liegt. Der Herzog hält die
902 3858 2028 3923 Leiche für einen schlafenden Nebenbuhler und beschimpft den
900 3896 2031 3949 Todten, bis er den fürchterlichen Irrthum erkennt. Das Ge¬
903 3939 2044 4035 folge tritt ein. „Wo bin ich?“ fragt der Herzog, und da er's
889 3982 1068 4054 erfährt:
2120 127 3255 197 erwähnten Formel declinirt werden: Schnitzler=Vorstadt¬
2125 161 3255 242 süßes Mädel“. Der ganze Ideenkreis, der Anatol und seine
2113 206 3253 289 Mädchen, der die Christine der „Liebelei“, der alle die kleinen
2114 256 3258 323 und großen Dialoge, Novellen und Stücke Schnitzler's er¬
2121 291 3248 368 füllt, erfüllt auch dieses Drama. Anatol, der ästhetisirende
2116 336 3245 414 Liebhaber, bezaubert von der unbewußten Grazie eines Vor¬
2119 377 3249 458 stadtmädels, melancholisch durch Eifersucht auf Vergangen¬
2112 422 3250 490 heit und Gegenwart, nachdenklich über die Räthsel des
2101 470 3255 519 Liebesverkehrs, und manchmal im chambre separée sum¬
2114 512 3249 584 marisch: „So ist das Leben!“ Filippo Loschi trägt seine
2110 551 3251 613 Züge. Aber statt der kleinen Abenteuer erlebt er das große
2111 599 3242 659 Abenteuer seines Lebens. Die endgiltigen Erkenntnisse
2114 635 3252 701 schließen sich ihm auf, die schmerzlichen Räthsel der Liebe
2100 692 3252 760 lösen sich vor ihm. Beatrice, das Vorstadtmädel, süß, natürlich,
2111 726 3248 804 sehr süß, hinreißend in ihrer inneren Naivetät, berauschend
2114 772 3243 841 in ihrer stets bereiten Weiblichkeit, und sie geht den
2099 815 3255 892 Weg der Vorstadtmädel. Der junge Mann aus ihrem
2106 866 3241 921 eigenen Kreis, der sie heiratet, der junge Cavalier, der
2105 901 3243 978 sie zu seiner Geliebten macht, und, wenn sie Glück hat,
2101 948 3240 1009 der Herzog, der sie dann wirklich zum Weib nimmt. Es ist
2102 981 3243 1066 derselbe Ideenkreis, aber ein= für allemal ausgeschöpft und
2096 1036 2170 1084 zu
2171 1040 3232 1107 Ende gedacht. Es sind dieselben Menschen, aber dem
2104 1083 3238 1152 Gegenwärtigen entrückt, in's Allgemein=Menschliche erhoben.
2104 1123 3236 1196 In Beatricen erscheint daß „süße Mädel“ nicht mehr als
2095 1168 2198 1212 nur
2201 1170 3243 1240 verlogen, treulos, lieblich und verdorben dabei.
2098 1212 3237 1270 Sie begeht Treulosigkeiten, sie lügt und wird als ver¬
2080 1259 3239 1337 dorben gescholten. Aber der Dichter sagt zu ihr: „Du bist
2208 1301 3012 1406 „Zu staunen nicht gemacht. Niemals hat Dich
2205 1361 2944 1424 Des Daseins Wunder namenlos erschreckt,
2203 1400 2962 1461 Nie bist Du vor der Buntheit dieser Welt
2205 1433 2899 1513 In Andacht hingesunken, und daß Du,
2196 1450 2812 1539 Die Beatrice ist, und ich, Filippo,
2199 1509 2930 1569 Sich unter den unendlich Vielen fanden,
2197 1548 2929 1604 Hat nie mit tiefem Schauer Dich erfüllt,
2197 1593 3071 1668 Und daß Dein Vater toll, füllt nicht mit Bangen,
2206 1631 2867 1686 Daß Vittorino starb, der Dich geliebt,
2203 1669 3056 1730 Nicht mit dem fürchterlichsten Grau'n Dein Herz.
2194 1709 2898 1774 Und daß Du Fürstin von Bologna bist,
2202 1747 2902 1802 Macht Dich so wenig staunen, Beatrice,
2193 1785 3037 1861 Wie wenn sich eine Mück' auf Deine Handsetzt,
2203 1828 3007 1896 Und wenn Gespenster aus dem Grabe kämen,
2201 1868 3000 1931 Ich weiß, sie schreckten Dich, wie Fledermäuse,
2191 1906 3047 1983 Doch auch nicht nehr und nicht auf and're Art.“
2074 1957 2636 2031 Und der Herzog sagt zu ihr:
2189 2019 2969 2098 „Warst Du nicht, Beatrice, nur ein Kind,
2187 2077 3016 2115 Das mit der Krone spielte, weil sie glänzte, —
2194 2107 3051 2170 Mit eines Dichters Seel', weil sie voll Räthsel, —
2198 2147 2988 2216 Mit eines Jünglings Herzen, weil's Dir just
2191 2184 2959 2247 Geschenkt war? Aber wir sind allzu streng
2191 2219 3021 2285 Und leiden's nicht, und Jeder von uns wollte
2183 2268 3136 2330 Nicht nur das einz'ge Spielzeug sein — nein, mehr!
2193 2298 3008 2349 Die ganze Welt. So nannten wir Dein Thun
2188 2340 3040 2409 Betrug und Frevel — und Du warst ein Kind!“
2158 2394 3216 2452 Zum erstenmale wird das Weib von dieser Seite ange¬
2083 2429 3217 2501 sehen. Vorurtheile von „Sünde", „Schlechtigkeit" und
2074 2488 3226 2562 Laster“ zerstieben unter diesen Worten, und die falsche
2079 2530 3224 2602 Wichtigkeit, die dem Geschlechtsverkehre zugemessen ward,
2077 2569 3212 2644 schwindet. Ebenso wie die Gestalt der Beatrice, wie die
2074 2619 3214 2691 Gestalt des Herzogs, ist die künstlerische Intuition Schnitzler's
2074 2668 3218 2720 zu bewundern, der für sein Drama eine Zeit gewählt, in
2065 2699 3211 2782 welcher hohe geistige Entwicklung mit ungeheueren Gescheh¬
2066 2748 3216 2807 nissen zusammenging, in welcher Fürsten lebten, die, mitten
2070 2797 3207 2864 auf dem Schlachtfeld ruhend, sich Verse geliebter Dichter
2067 2830 3203 2914 vorlesen ließen. Beziehungsreich ist dem Dichter der Herzog
2067 2882 3201 2953 gegenübergestellt, dem Mann der Wünsche und der Träume
2067 2922 3211 2991 der Mann der Thaten und des Wirkens, und daß Einer
2070 2972 3211 3025 nach dem Anderen sich sehnt, Einer den Anderen beneidet,
2072 3005 3201 3086 ist ein tief poetischer Zug. Ein tief poetischer Zug ist es
2061 3057 3209 3133 auch, wie Schnitzler alle die bunten Vorgänge dieser fünf
2072 3097 3205 3167 Acte vom Abend bis zum Morgen spielen läßt, wie er die
2067 3137 3201 3215 Liebesgeschichte Beatricens, Filippo's, des Herzogs in das
2066 3181 3198 3249 Fieber einer Nacht taucht, die vielleicht ihre letzte Nacht
2067 3228 3204 3314 sein kann, und eben deshalb allen Möglichkeiten
2058 3266 2292 3339 offen steht.
2135 3315 3204 3373 Dieses Werk ist vorerst nur an einer Bühne gegeben
2061 3366 3197 3432 worden. Mit unzulänglichen Darstellern und mit einem un¬
2064 3404 3196 3475 zulänglichen Apparat. Seine Wirkungskraft hat es damit
2055 3455 3202 3503 allerdings erprobt. Daß es für das Theater lebendig werden
2053 3495 3191 3560 kann, steht nunmehr außer Zweifel. Aber, reich an Gedanken,
2056 3540 3192 3605 an verborgenen und blühenden Schönheiten, wie es ist,
2051 3575 3182 3652 kommt es dem Alltagsbedürfniß nur wenig entgegen, auch
2057 3620 3184 3693 dem Alltagsverständniß. So wird es wohl nur langsam
2059 3661 3187 3721 seinen Weg machen, wird sich erst allmälig vermöge seines
2056 3713 3189 3786 eigenen Gewichtes durchsetzen, und es werden Jahre vergehen,
2049 3761 3192 3820 ehe das abschließende Urtheil über den „Schleier der
2052 3791 3189 3873 Beatrice“ gesprochen ist. Die Zeit lauft dem Dichter nicht
2044 3837 2567 3907 davon — sie holt ihn ein.
2765 3888 3134 3964 Felix Salten.
