3436 4448
1942 186 2373 267 box 20/4
258 172 1764 289 14. Der Sschleiender Beatrige
1558 1619 2787 1686 Herzog auf seiner Heimkehr durch ihre Straße geritten, sie gesehen
2775 1624 3305 1682 blatt aus dem Rausch, und
455 1536 1423 1729 „Der Schleier der Beatrice.“
1557 1668 2789 1723 und lang angeblickt habe, zum großen Schmerz ihrer Schwester,
2774 1674 3326 1732 gewordenen Besucherinnen sch
414 1694 1573 1759 Deutsches Theater. Sonnabend „Der Schleier der
1564 1713 2782 1762 die seit langer Zeit in Sehnsucht nach dem Fürsten sich verzehre;
2777 1704 3277 1782 geht aber nicht so leicht,
326 1751 1570 1808 Beatrice.“ Schauspiel in 5 Akten von Arthur Schnitzler.
2780 1750 3317 1806 Töchter der Sünde in den
1557 1741 2782 1806 aus Furcht vor ihrem Zorn sei sie in ihre Stube geflüchtet, ein¬
325 1797 1569 1851 Historisch=romantisch=realistisch, eine Reihe farbenprächtiger Bilder,
2775 1779 3331 1847 der Einen sogar den Giftbe
1564 1785 2782 1848 geschlafen und habe von dem Herzog geträumt, der sie in sein
328 1824 1553 1893 ein wirrer Fiebertraum, so was man früher ein „Spektakelstück“
2772 1827 3327 1889 kommt ein Freund mit der
1558 1821 2779 1875 Ehebett geleitet. Darob entflammt der hitzige Poet in heller Wut,
327 1862 1570 1917 nannte — das ist des talentvollen Dichters neuestes Werk. Auf
1562 1865 2787 1930 bezichtigt das arme Kind der Untreue und jagt sie von dannen;
2781 1850 3315 1923 Herzogs und der Einladung
337 1905 1566 1955 diesem Felde aber wächst sein Lorbeer nicht, seine Muse ist das
1555 1907 2001 1972 geduldig geht sie fort.
2779 1901 3320 1964 feuerlustigen Schönen. Nach
343 1945 1568 1997 süße Wiener Mädel, und scharfsichtige Augen werden es auch unter
2780 1939 3324 2009 der verlassenen Braut eine
1641 1958 2789 2005 Auf den Straßen von Bologna geht's recht lebhaft zu, das
329 1973 1573 2035 all dieser phantastischen Umhüllung wieder erkennen. Wir befinden
2774 1980 3293 2050 Beatrice im vollen H
1568 1987 2789 2038 Gerücht hat sich verbreitet, der Herzog wolle das schönste Mädchen
338 2012 1571 2075 uns in Vologna zu Beginn des 16. Jahrhunderts. Also mitten
2768 2026 2899 2082 hat
2982 2021 3328 2088 hierher getrieb
1570 2025 2777 2076 am Abend in sein Schloß bescheiden, und der Andrang ist natürlich
341 2058 1548 2106 im Quinquecento, aus dem auch Monna Vanna zu uns ge¬
2798 2063 3320 2127 Er stellt sie auf die
1557 2061 2782 2115 sehr groß. Als Beatrice kommt, findet sie den ängstlich um sie
337 2082 1565 2159 kommen. Cäsare Borgia, dieser Ausbund aller Scheußlichkeit,
1552 2098 2792 2153 besorgten Bruder vor, der die geliebte Schwester aus der bedrohten
2776 2093 3325 2159 der Wein, den sie getrunken,
343 2129 1572 2192 belagert die Stadt, ihr Untergang scheint unvermeidlich. Das be¬
1554 2149 2791 2197 Stadt und vor allem aus der Lasterhöhle des Elternhauses erretten
2773 2133 3321 2192 entsetzliche Todesangst, daß
344 2180 1565 2233 rührt den Dichter Filippo Loschi so wenig, wie der Jammer
1557 2181 2790 2240 will. Er beschwört sie, den schon lange sie umwerbenden Gesellen
2775 2175 3331 2238 Becher leert und tot dahinfin
347 2210 1558 2269 seiner Braut, der Gräfin Teresina Fantuzzi, die in einsamer
1563 2219 2788 2273 Vittorino zu heiraten und mit ihm in seine Heimat zu ziehen.
2779 2213 3320 2295 Leben erfaßt, eilt Beatrie
335 2258 1568 2315 Verzweiflung am Totenbett der Mutter trauert. Vergeblich mahnen
1566 2259 2210 2330 Sie ist auf der Stelle bereit,
2841 2264 3315 2314 Der vierte Akt spielt in
2205 2259 2555 2317 die Trauung so
2564 2264 2783 2332 l sogleich
332 2284 1568 2347 ihn die Freunde an seine Pflicht, schroff weist er auch die
1560 2294 2781 2352 stattfinden, mit Bruder und Bräutigam begiebt sie sich
2782 2287 3308 2365 Schlosse des Herzogs, eine
1557 2338 1665 2387 in
339 2341 1560 2403 Einladung des Herzogs zurück, der soeben, den Menchel¬
2582 2343 2785 2391 erbitten.
1644 2331 2538 2381 das Haus, den Segen des Vaters a
2552 2340 2615 2393 (
2769 2334 3236 2397 lichen Lokale möglich.
3212 2332 3324 2396 2
335 2375 1571 2437 mördern glücklich entronnen, in seine Stadt zurückgekehrt ist
1576 2379 2779 2425 Als sie wieder heraustreten, befinden sie sich dem Herzog gegen¬
2779 2380 3335 2436 dieser Nacht, da Euer Fürst
331 2414 1574 2465 und kein fehnlicheres Verlangen hat, als den Dichter kennen zu
2776 2420 3332 2476 Losung, die der erlauchte Gas
1562 2423 2779 2478 über, der mit großem Gefolge die Straße passirt und hier eine
336 2454 1568 2509 lernen. Des Herzogs Reisebegleiter, der Graf Fantuzzi, hat
2772 2454 3324 2520 Unwillkürlich muß man der
1555 2448 2784 2510 Art Kriegsrat hält. Er erkennt Beatrice wieder und nähert
335 2494 1564 2546 durch die Verse, die Loschi seiner Braut geweiht, den kunst¬
2770 2494 3292 2556 ob die Todgeweihten noch
1565 2493 2779 2546 sich ihr, da er aber hört, daß sie Braut und auf dem Weg zur
341 2522 1566 2583 liebenden Fürsten begeistert. Aber damit ist's, wie gesagt, vorbei,
1556 2538 2781 2590 Kirche, läßt er von ihr ab und heißt sie gehen. Beatrice geht
2773 2525 3329 2599 ihren Lüsten freien Lauf ließ
341 2561 1570 2624 der wankelmütige Poet schmachtet in neuen Banden, er erwartet
2775 2563 3320 2629 Neuvermählte, die sich wäl
1556 2582 2785 2627 nicht, verharrt vielmehr, trotz alles Flehens des Bruders und
336 2604 1579 2674 die Geliebte und weist den Freunden wie dem herzoglichen Geheim¬
2767 2602 3330 2684 Schon ist ihre Abwesenheitt
1564 2616 2785 2660 Bräutigams, unbeweglich in den Anblick des Herzogs versunken.
344 2655 1573 2712 schreiber ziemlich brutal die Thüre. Und Beatrice kommt, vor
1560 2651 2789 2704 Der glaubt nun ihren Willen zu erkennen und macht ihr und der
2782 2648 3335 2721 Herzogs, die sie für eine Her
344 2692 1576 2744 drei Tagen erst hat er sie auf einem Volksfest kennen gelernt, sie
3130 2686 3299 2746 wieder
3019 2694 3135 2748 sich
2776 2690 2942 2748 findet
1556 2700 2781 2748 ganzen Familie die lockendsten Anerbietungen. Beatrice aber
344 2734 1573 2789 ist auch ein Kind des Volkes und aus einer feinen Familie.
2768 2718 3309 2794 kostbarsten Hochzeitsschmuck
341 2759 1570 2822 Der alte Wappenschneider Nardi, ihr Vater, ist seit sieben
1561 2694 2790 2839 Mier el ertgenet dir etente Kentn en elt
2767 2780 3301 2831 historischem Wert, den ihr
335 2799 1567 2858 Jahren blödsinnig, die Untreue seiner Frau hat das ver¬
1563 2798 2785 2868 daß der Bischof von Pekron in einer Stunde die Tranung voll¬
2767 2799 3319 2865 ihrem Verbleib nicht nachso
335 2846 1567 2904 schuldet, die ältere Tochter Rosina wandelt unter der Leitung
1566 2852 2780 2907 ziehe und lädt alle Schönen zur Hochzeitsfeier in das Schloß.
2774 2844 3322 2903 Schleier soll sie zurückschaffen
339 2891 1575 2942 der Mutter auf deren Wegen, und nur der Sohn Francesco
1565 2890 2779 2944 Der unglückselige Bräutigam ersticht sich schleunigst, das macht auf
2768 2882 3320 2951 liefert, als sie sich endlich en
341 2917 1566 2984 ist ein anständiger Mensch, er hat sich freiwillig zur Verteidigung
1560 2931 2777 3001 Beatrice gar keinen Eindruck, schaudernd entflieht der Bruder
2774 2935 3330 2990 Herzog begleitet sie, nachden
339 2959 1561 3018 der Stadt gestellt. Beatrice ist sofort bereit, mit dem Geliebten
2778 2980 3323 3033 Sie führt ihn in Filipp
347 2998 1564 3068 zu fliehen, wozu es die höchste Zeit, und während der alte Diener
1636 3000 2776 3062 Inzwischen hat Filippo mit zwei zugereisten Florentiner
2773 2999 3343 3071 funden, drängt sie zum Fort##
343 3050 3322 3117 zur Beschaffung von Pferden ausgeschickt, erzählt sie, daß der Courtisanen sich vergnügt, etwas katzenjämmerlich erwacht das Drei= die Hochzeitsnacht hier halten
