3484 4256
282 137 1793 231 14. Der Schleier der Beatrice
810 1116 1288 1219 Telephon 12801.
427 1218 1665 1299 Alex. Weigl’s Unternehmen für Zeitungs-Ausschnitte
1437 1282 1656 1369 Ausschnitt
1339 1320 1388 1396 7
657 1306 1355 1440 „OBSERVER“
1496 1341 1734 1438 Nr. 98
328 1414 1727 1499 I. österr. behördl. conc. Bureau für Zeitungsberichte u. Personalnachrichte
542 1484 1555 1568 Wien, IX/1, Türkenstrasse 17.
722 1550 1369 1641 - Filiale in Budapest: „Figyelö“ -
329 1613 1733 1684 Vertretungen in Berlin, Chicago, Genf, London, Newyork, Paris, Rom, Stockhol
319 1708 1605 1850 Ausschnitt aus: Beutsche Zeitung, ien
322 1888 939 2015 vor 15/1 7005
1061 1950 1558 2096 FRSA·2
379 2222 1582 2323 & Schnitzlers=Drama „Der Schleier der Beatrice“
366 2291 1582 2371 ourde in Berlin mit Beifall und Zischen aufgenommen.“
394 2350 855 2422 Schließlich überwog“
930 2348 1542 2432 nach jüdischen Zeitungs
389 2394 1042 2479 erichten — „doch der Beifall.“
459 2449 827 2523 Den Ausschlag
834 2434 1556 2543 scheinen also die Applausbuben
367 2499 770 2597 jegeben zu haben.
778 2599 1303 2689 Bezugs-Bedingungen:
321 2656 430 2736 Für
425 2674 1493 2755 50 Zeitungsausschnitte (Artikel oder Notizen) Kr. 15.—)
1353 2682 1713 2785 28.— inclusive
1532 2737 1693 2783 Porto.
427 2752 537 2802 200
1345 2754 1467 2805 50.—
1513 2770 1702 2827 Zahlbar
415 2790 535 2837 500
1323 2797 1485 2855 „ 110.—
940 2767 1007 2865 :
1324 2808 1726 2895 „ 200.— im Voraust
405 2832 531 2888 1000
430 2855 1728 2943 Im Gegensatze zu anderen Bureaux für Zeitungsausschnitte ist di
311 2916 1725 2988 Abonnement durch keine bestimmte Zeittener begrenzt; — auch stcht es di
307 2959 1633 3030 Abonnenten frei die aufgegebenen Themen zu ergänzen oder zu ändern.
429 3008 1729 3096 Der „OBSERYER“ veranstaltet täglich einen Auszug enthaltend d
315 3079 1719 3127 Inhaltsangabe aller wichtigen Mittheilungen der Wiener Morge
323 3123 1705 3182 blätter (Tagesjournale ausser „Neue Freie Presse“ und Wiener Zeitung
320 3149 1698 3204 wodurch eine Uebersicht über das gesammte politische und wirthschaftlie
312 3199 1709 3277 Leben des In- und Auslandes in drastischer Kürze geboten wird. Diese Mi
317 3242 1354 3315 theilungen werden in Wien um 9 Uhr Früh verschickt.
633 3319 1421 3416 Prospecte gratis und fnanco.
1773 2623 1837 2688 F
1949 130 2397 221 box 20/4
2295 1084 2739 1170 Telephon 12801.
1916 1173 3137 1258 Alex. Weigl’s Unternehmen für Zeitungs-Ausschnitte
2704 1234 3071 1335 — Ausschnitt
2169 1268 2827 1385 „OBSERVLI
2911 1282 3182 1387 Nr. 62
1794 1370 3244 1435 I. österr. behördl. conc. Bureau für Zeitungsberichte u. Personalnachrichten
2067 1422 2985 1521 Wien, I., Concondiaplatz 4.
1809 1498 3237 1565 Vertretungen in Berlin, Budapest, Chicago, Genf, London, Newyork, Paris. Rom.
2163 1551 2874 1618 Stockholm, Kristiania, St. Petersburg.
1789 1662 3129 1775 Ausschnitt aus: Olanse
1794 1786 2415 1923 vom: 75 7705
2519 1770 3208 1960 Dhrndtn Bdlama
2651 1970 3146 2065 Fachte. — Das Deutsche
1847 1985 3149 2097 Theater brachte Arthur Schnitzlers Renaissanké=Drama „Der Schleier
1836 2053 3137 2150 der Beatrice“ zur Erstaufführung. Der Dichter führt uns nach
1836 2108 3134 2196 Bologna, vor dessen Toren ein mächtiger Feind, Cesar Borgia, droht.
1840 2153 3142 2249 Man hat das Stück mit Monna Vanna verglichen. Wieder findet
1839 2202 3134 2296 man hier die färbenreiche Tracht des Cinquecento, zwei Staaten, die
1844 2237 3122 2344 sich besehden, ein Weib, das sich in der Stunde der Enscheidung in
1837 2294 3132 2385 den Mittelpunkt stellt. Nur findet sich hier nicht soviel Schmelz und
1834 2334 3125 2440 Poesie wie in Maeterlincks Drama. Schnitzlers Gebiet ist ein anderes,
1831 2384 3118 2468 er ist der Dichter des modernen Sittenbildes und ein Genie. Hier
1828 2444 3118 2528 versagt seine Kraft. Die Handlung ist voll farbenglühender Bilder,
1827 2470 3123 2576 phantastischer Szenen. In der Nacht vor Borgias Ansturm auf
1838 2526 3126 2621 Bologna beschließt der Landesherr, das schönste Mädchen zu sich aufs
1839 2579 3121 2668 Schloß zu führen. Er wählt Beatrice, die auch darauf eingeht, aber
1835 2615 3206 2693 ihm nur als Herzogin folgen will. Der Herzog ist es zufrieden, und ive
1826 2665 3169 2754 die Hochzeit wird gefeiert. Noch vor dem Untergang der Sadt feiert?.
1832 2732 3215 2829 man ein rauschendes Gelage. Dann ist alles verschwommen und raus.
1830 2765 3105 2857 haltlos. Beatricens nächtlicher Gang zu dem Dichter Filippo Loschi
1834 2807 3102 2902 ist ebenso wenig erklärlich, wie dessen notwendiger Tod. Die Raserei
1841 2856 3112 2955 und die Gnade des Herzogs sind, wie die Sentimentalität an der Leiche
3109 2880 3221 2956 den
1797 2913 3119 3006 Ades Dichters, unmöglich. Es sind viel Schönheiten in dem Stück,
1808 2972 3224 3056 kleider verschwendet. Auch die Darstellung konnte, trotz eifrigen Be=j die
1817 3009 3207 3098 mühens, nichts Uebriges daraus machen. Irene Triesch faßte die gon¬
1824 3040 3194 3138 Beatrice sehr glücklich auf, wie ein Kind, das in einer Art traumhafter ung")
1814 3092 3221 3170 * Verwirrung handelt, das echt empfindet und wie schlafwandelnd fehlt. kliehe
3099 3164 3218 3218 Mit¬
1811 3128 3108 3238 Auch Sommerstorff war vortrefflich. Man folgte der feininszenierten
1809 3195 3104 3292 Darstellung nicht mit sonderlichem Interesse. In den Beifall mischte
1799 3243 3102 3343 ssich heftige Opposition; trotz der Sympathie, die man dem Verfasser
1801 3281 3103 3396 jentgegenbringt, konnte dieser nur einen mäßigen Achtungserfolg ver¬
1797 3328 1995 3416 zeichnen
