3436 4224
1934 152 2385 259 box 20/2
262 137 1785 264 14. Der Schleien der Reatrice
1522 1094 1928 1163 Telefon 12801.
1044 1181 2393 1265 Alex. Weiel's Unternehmen für Zeitungs-Ausschnitte
2067 1250 2282 1314 Ausschnitt
1016 1289 1340 1413 0g
1343 1283 2408 1409 „OBSERVER“ Nr. 98
997 1400 2460 1476 I. österr. behördl. conc. Bureau für Zeitungsberichte u. Personalnachrichten
1184 1472 2280 1579 Wien, IX/1, Türkenstrasse 17.
1406 1553 2088 1654 Filiale in Budapest: „Figyeló“ —
1025 1616 2456 1701 Vertretungen in Berlin, Chicago, Genf, London, Newyork, Paris, Rom, Stockholm.
1010 1746 2237 1871 Ausschnitt aus: Flgaro, Wien
1009 1865 1593 1996 vont#12 7400
1169 2189 2292 2295 Die interessantesten Ereignisse unserer Großstadt. —
1188 2262 2361 2356 Herr Hermann Bahr hat sich nach dem Erscheinen
1084 2321 2346 2424 seines letzten Feuilletons über Arthur Schnitzler's durch¬
1080 2366 2366 2448 gefallenes Werk „Beatrice“ zum Professor Zumbusch begeben
1084 2423 2373 2512 und gefragt, was ein lebensgroßes Denkmal Schnitzler's
1083 2491 1767 2584 in Messing ausgeführt kostet. ##
1491 2632 2038 2730 Bezugs-Bedingungen:
1048 2705 2184 2777 Für 50 Zeitungsausschnitte (Artikel oder Notizen). Kr. 15.—
2228 2720 2448 2784 inclusive
2080 2759 2216 2811 28 —
1144 2769 1246 2814 100
2262 2774 2424 2821 Porto.
2070 2790 2223 2841 50.—
1854 2813 1917 2860 11
1147 2793 1257 2855 200
2244 2810 2426 2866 Zahlbar
2065 2829 2205 2893 110.—
1846 2853 1924 2914 „
1141 2850 1246 2892 500
1628 2815 1691 2898 1
2017 2852 2448 2936 „ 200.— im Voraus.
1085 2887 1247 2953 „ 1000
1157 2909 2487 2987 Im Gegensatze zu anderen Bureaux für Zeitungsausschnitte ist das
1030 2976 2485 3023 Abonnement durch keine bestimmte Zeitdauer begrenzt; — auch steht es den
1029 3008 2319 3071 Abonnenten frei die aufgegebenen Theinen zu ergänzen eder zu ändern.
1146 3102 2478 3147 Der „OBSERVER“ veranstaltet täglich einen Auszug enthaltend die
1127 3146 2479 3182 tsangabe aller wichtigen Mittheilungen der Wiener Morgen¬
1153 3168 2478 3243 ter (Tagesjournale ausser „Neue Freie Presse“ und „Wiener Zeitung“)
1193 3212 2486 3293 eine Uebersicht über das gesammte politische und wirthschaftliche Leben
1221 3250 2488 3316 nd Auslandes in drastischer Kürze geboten wird. Diese Mittheilungen
1237 3302 1849 3375 Wien um 9 Uhr Früh verschickt.
1342 3348 2189 3469 Prospecte gratis und franco.
