3248 4256
315 570 1540 635 und seine Anhänger vor drei Jahren im Krakauer
321 638 1553 699 Sommeriheater gegen die Aufführung eines Stückes
317 682 1551 742 lärmend demonstrierten, das ein Staatsanwalt verfasst
320 725 1545 782 hatte und in dem ein Socialdemokrat, der die Bauern
320 781 1547 836 zum Diebstahl aufreizt, in der Maske des Abgeordneten
312 828 1557 896 der Stadt dargestellt wurde. Die Demonstration
321 879 1535 932 war überflüssig. War das staatsanwaltliche Dichter¬
325 919 1554 977 werk missrathen, so war es auch ungefährlich. Aber
310 976 1555 1020 selbst wenn’s ein Kunstwerk gewesen wäre, hätte
312 1027 1559 1074 Herr Daszynski von den zweiundzwanzigtausend
316 1072 1547 1128 Krakauer Wählern, die ihm drei Monate vorher ihre
315 1126 1547 1184 Stimmen gegeben hatten, nicht so gering denken sollen,
312 1173 1547 1234 als könnte der Hohn des dichtenden Staatsanwaltes
308 1224 1548 1282 sie ihm abspenstig machen; er hätte übrigens den
319 1262 1559 1331 Schauspieler durch eine Ehrenbeleidigungsklage ver¬
320 1312 1550 1374 hindern können, sich seiner Maske zu. bedienen. Niemand
323 1370 1559 1426 weiß, wie eine freie Bühne auf die unfreien Geister in
313 1413 1556 1465 unseren Tagen wirken würde. Aber die Athenienser
314 1465 1555 1516 haben die Verhöhnung des Kleon durch Aristophanes
312 1514 1560 1560 mit einem Preise belohnt und sind doch Kleons
308 1560 1557 1628 Führung in der Politik und im Felde gefolgt und sie
314 1614 1559 1667 haben die-Wolken- durchfallen lassen und doch
324 1665 1350 1721 später den Sokrates zum Tode verurtheilt..
439 1709 1552 1779 Die Krakauer Polizei, von einem Dichter, der
313 1770 1557 1831 zugleich Staatsanwalt ist, gegen Socialdemokraten zu
318 1828 1554 1896 Hilfe gerufen, zeigte einen Eifer, als hätte es sich nicht
319 1868 1552 1924 darum gehandelt, die Freiheit der Bühnensatire zu
313 1916 1551 1984 schützen, sondern den Staat zu retten. Dem Ab¬
317 1968 1553 2038 geordneten Daszynski wurden nicht weniger als 14 Tage
320 2016 1558 2089 Arrestes zuerkannt. Doch nun gliff der von der Polizei
311 2071 1556 2123 bereits hinlänglich gerächte Autor auch noch zur
319 2115 1564 2195 Selbsthilfe. Er schritt als Staatsanwalt gegen die
315 2171 1564 2235 Demonstranten wegen -Auflaufse ein, und sechs
325 2220 1559 2274 von ihnen wurden verurtheilt. An Daszynski selbst
326 2264 1559 2318 traute man sich damals nicht heran, das Verfahren
314 2309 1539 2370 gegen ihn wurde eingestellt. Jetzt ist es wieder auf¬
323 2362 1550 2417 genommen worden, und Mitte October 1900 — vierzig
327 2420 1558 2493 Monate nach der Demonstration im Krakauer Sommer¬
317 2481 1564 2572 theater — ist Herr Daszynski zu zehn Wochen
318 2537 1176 2615 strengen Arrestes verurtheilt worden.
437 2611 1566 2668 Die führenden Wiener Blätter haben das Urtheil
325 2659 1545 2712 gemeldet, ohne auch nur ein Wort darüber zu ver¬
315 2712 1547 2778 lieren. Gegen Herrn Daszynski lag nichts Schlimmeres
330 2751 1559 2813 vor, als dass er sich die Belehrung eines Polizei¬
324 2801 1558 2860 Commissärs über tactvolles Benehmen verbeten hatte,
326 2854 1565 2915 wodurch er, falls er sich etwa dabei kräftiger Worte
323 2903 1558 2954 bediente, eine Wachebeleidigung verübt haben kann;
335 2948 1554 3003 und dass er, als ein Theaterbesucher verhaftet wurde,
328 3002 1558 3055 gerufen haben soll: er wird hier bleiben! er hat das
319 3043 654 3108 Recht dazu!
688 3048 737 3095 —
733 3045 1553 3114 was ein Uebelwollender als Ein¬
320 3095 1548 3160 mengung in eine Amtshandlung deuten könnte, wie¬
327 3151 1561 3205 wohl durch den Ausruf die Amtshandlung nicht
329 3202 1565 3258 gestört wurde. Aber Auflauf! Zehn Wochen strengen
332 3241 1564 3300 Arrests! Einem Autor fällt rechtzeitig ein, dass er
330 3289 1553 3352 eigentlich Staatsanwalt ist, und er bringt die Anklage
334 3338 1555 3398 ein. Die Richter erinnern sich, was sie dem Collegen
331 3388 1552 3449 von der Staatsanwaltschaft schuldig sind, erwägen,
324 3434 1562 3494 dass der collegiale Richterspruch zugleich für die
329 3476 1561 3547 Schlachta, deren gefährlichster Gegner der Angeklagte
329 3532 1558 3607 ist, eine Genugthuung zu bilden habe, und erklären
335 3580 1556 3641 einen Fehler gegen den guten Geschmack für ein
325 3632 1553 3690 schweres Vergehen, einen Theaterscandal für einen
326 3662 1556 3747 Auflauf. Und die Verweser der öffentlichen Meinung
335 3732 1558 3801 in der Centrale des Reiches, wo man doch die Rache
330 3774 1558 3825 der galizischen Justiz nicht zu fürchten hat, schweigen
324 3831 1560 3885 tbei diesem Urtheil. Für sie gibt’s keinen anderen
338 3867 1559 3925 Theaterscandal, als dass ein Stück der Herrn Herzl
329 3912 1556 3989 oder Schnitzler vom Burgtheater- abgelehnt wird, und
326 3970 1560 4038 Fauf Jahrzehnte hinaus kein anderes Fehlurtheil als das
334 4020 1017 4089 von Rennes oder Kuttenberg.
2312 1099 2724 1174 Telefon 12801.
1820 1186 3197 1289 Alex. Weigl's Unternehmen für Zeitung i-Ausschnitte
2856 1257 3051 1331 Ausschaltt
2181 1295 3181 1422 „OBSEHVEK Nr. 12
1777 1407 3241 1473 I. österr. behördl. cone. Bureau für Zeitungsberichte u. Personalnachrichten
1978 1479 3082 1570 Wien, IX1, Türkenstrasse 17.
2186 1571 2909 1650 Fillale in Budapest: „Figyelö“ —
1804 1620 3236 1723 Vertretungen in Berlin, Chicago, Genf, London, Newyork, Paris, Rom, Stockholm.
2380 1680 3003 1786 Fackel, Wien
1795 1765 2335 1854 Ausschnitt aus:
1809 1904 2286 2009 vom# S 5
2135 2140 2891 2235 ANTWORTEN DES HERAUSGEBERS.
1980 2240 3123 2296 Herrn Director Schleuther. Sie haben in der Angelegenheit
1871 2287 3113 2356 des abgelehnten Schnitzler’schen Stückes zweifellos Recht behalten.
1884 2330 3116 2399 Nun sind Sie von dem allen Kennern der Sachlage verständlichen
1890 2360 3114 2439 Wunsch beseelt, die Concordia-Mächte zu versöhnen. Sie halten einen
1894 2395 3112 2456 Vortrag über die antike Tragödie, dessen Reinerträgnis der Concordia
1892 2439 3119 2511 zufließt, und sitzen an einem Premièrenabende des Burgtheaters
1903 2485 1949 2512 —
1953 2479 3109 2550 man gab Renaissances — mit Herrn Siegfried Löwy in der
1889 2503 3118 2591 Directionsloge. Eines oder das andere, Herr Schlenther! Sie werden
1889 2561 3112 2620 sich entscheiden müssen. Entweder Sie beschäftigen sich mit der Antike
1886 2608 3119 2666 oder mit einem der übelsten Börsenreporter, die je im Vorzimmer
1883 2632 3104 2700 eines Bankinstitutes aufgewachsen sind. Aischylos oder Siegfried Löwy.
1886 2666 3104 2745 Beides geht nicht. Sie werden mir sagen, dass Sie den einen nicht
1880 2708 3236 2783 gut abschaffen können, weil er als Correspondent ces „Börsencourier“ lusive
1882 2756 3214 2824 den Anschluss an Berlin besorgt. Das macht nichtt; versuchen Sie es orto.
1878 2787 3226 2865 doch. Zur Zeit, da Baron Bezecny, der Gouverneur der Bodencredit- hlbar
1875 2826 3255 2910 anstalt, noch Intendant der Hostheater war, musste sich Herr Löwy Toraus.
1877 2872 3094 2937 auch für Theaterangelegenheiten interessieren. Jetzt brauchte man ihm nicht
1875 2905 3092 2979 mehr behilflich zu sein, wenn er den Abhub des Coulissenklatsches nach
3092 2896 3244 2964 ist das
3102 2955 3245 3025 es den
1870 2955 3098 3022 Berlin befördern will. Wenn Sie schon den Muth hatten, ein Stück wie
1826 2990 3092 3058 A die „Renaissances von Koppel-Elfeld & Comp. im Burgtheater
1826 3035 3096 3101 A aufzuführen, so hätten Sie sich bei der Première doch nicht dem
1861 3068 3246 3140 Publicum zeigen sollen. Am allerwenigsten aber neben Ilerrn Siegfried stend die
1869 3100 3246 3164 Löwy, den selbst Ihr Vorgänger Burckhard in die Directionsloge ein orgen¬
1872 3148 3242 3212 zulassen nicht gewagt hätte. Oder wollten Sie bloß Ihrem Gegner Hermann Zeitung“
1875 3182 3249 3252 Bahr, der seit langem um die Gunst des Siegfried Löwy buhlt, einen he Leben
1866 3229 3247 3301 Schabernack spielen? Ich halte Sie so arger List nicht für fähig. Ein heilunger
1855 3238 3097 3330 Freund, der Sie oft im Löwenbräu bewundert hat, sagt mir, Sie seien
1860 3311 3091 3364 im Grunde eine Siegfriednatur, deren gerader Tumbheit selbst die
1862 3349 3099 3410 Gesellschaft einiger Redacteure der „Neuen Freien Presse“, die sich
1861 3390 3085 3448 allabendlich zum Stammtisch des Burgtheaters drängen, nichts anhaben
1859 3411 3093 3489 kann Siegtriednatur — meinetwegen. Abel Siegfried Löwy-Natur?
