3436 4448
1943 183 2388 278 box 20/4
273 196 1785 297 14. Der Schleier der Beatrige
1292 1495 3338 1576 deln“ zum Rein=Menschlichen, zum Großen, zum über den Weg läuft; der auch diese Heißgeliebte Vorgia,
2229 1564 3321 1631 verläßt, weil sie — geträumt hat, die Gemahlin wissen.
1299 1546 2243 1612 Stil der Tragödie erheben sollte. Ob sein Talent
429 1405 1133 1641 Wöunsgnreren.
2229 1602 3166 1666 des Herzogs zu sein; der sich schließlich vergiftet,
3222 1600 3349 1663 Der
1294 1601 2235 1665 dazu ausreichte; ob er über das Milicu, aus dessen
419 1619 1297 1697 Zum ersten Male: „Der Schleier der
3160 1633 3353 1704 tes Lob.
1300 1649 2220 1706 sentimentaler, leicht koketter Genußfreude er kam,
2232 1646 3156 1701 da sie ihn, wirklich die Gattin des Herzogs ge¬
354 1688 1292 1753 Beatrice.“ Schauspiel in fünf Akten von Ar¬
3158 1693 3344 1749 besten, i
1290 1685 2228 1741 I und dessen liebenswürdige Reize und kleine Schwä¬
351 1728 795 1807 thur Schnitzler.
2226 1683 3167 1793 worde ie daene onnsend der Sunscheldungschtungt
1295 1733 2225 1785 chen er meisterhaft beherrschte, hinauszuwachsen im¬
3161 1727 3358 1793 im viert
2231 1780 3158 1833 ein hübsches Mädel, das er sich für die Lust einer
3152 1768 3324 1838 waren
1298 1775 2235 1852 stande sein würde, das war die Frage, die er im
406 1758 1288 1836 Die Wiener Note hat Arthur Schnitzlers
2221 1816 3169 1881 Nacht ausersehen hatte, flugs zur Herzogin macht;
3160 1818 3339 1881 Abends.
1298 1821 2228 1877 „Grünen Kakadu“ angerührt, und die die wohl¬
352 1821 1286 1873 Glück auf der Bühne gemacht. Seine „Liebelei",
2227 1853 3168 1913 dem sofort der schwärzeste Verdacht aufsteigt, da
1299 1860 2233 1920 wollenden Beurteiler seines schönen, biegsamen
3159 1862 3359 1921 edlen ##
349 1869 1301 1925 die rührende Komödie vom Wiener Mädel, ein Bild¬
2228 1911 3162 1953 sich die junge Gattin am Abend des Festes aus
1291 1899 2225 1983 Talentes zunächst sehr verschieden beantworten
3149 1899 3353 1967 Moderne
348 1909 1297 1975 chen in engom Rahmen mit liebevoll getönten Far¬
1305 1952 1494 2018 mochten.
2226 1932 3170 2008 dem Park verliert und ohne Schleier zurückkommt;
3156 1957 3353 2013 vortreffl
351 1946 1300 2018 ben gemalt, hat den jungen Wiener Arzt in die
2232 1980 3159 2050 der enblich ruhig in den Tod geht, da er sie, von
3166 1982 3349 2059 Basse
1364 1975 2228 2060 „Der Schleier der Beatrice", das fünfaktige
356 1999 1308 2050 erste Reihe der Dramatiker gerückt, die aus der Mi¬
2234 2037 3174 2093 ihrem eigenen Bruder erdolcht, bei der Leiche ihres
3161 2029 3350 2099 einen ha
1305 2019 2235 2105 Schauspiel, dessen Premiere wir heute abend mit
352 2040 1304 2105 lieu=Kunst oder der Heimatkunst ihre Stärke
2745 2074 3164 2148 Endlich das Mädchen
2224 2086 2651 2140 Buhlen liegen sieht
3162 2082 3348 2141 sierte m
1299 2090 2226 2140 sehr geteilten Empfindungen miterlebten, kommt
348 2083 1303 2139 schöpften und ihren Erfolg gewannen. Die zier¬
2223 2102 3164 2190 selbst: ein Gemisch von Sentimentalität und
1307 2124 2227 2177 über den ehrlichen Versuch in dieser Richtung
3158 2130 3354 2185 Hofman#
352 2127 1303 2191 lichen, wie mit Aquarellfarben flott gepinselten
2221 2168 3166 2224 Brunst, von Hingebung und Verderbtheit. Im
1302 2170 2233 2230 des Dramas großen Stils nicht hinaus. Wohl
3166 2174 3345 2232 setzt. Auch
358 2175 1303 2239 Einakterchen des Anatolkreises verstärkten, ohne
2229 2193 3166 2269 ersten Akt noch verwandt jenen harmlos plauschen¬
1292 2211 2236 2281 drapiert sich Schnitzlers Muse mit dem schweren,
3154 2210 3343 2278 sie ist n
360 2216 1298 2272 gerade an der Bühne nachhaltige Wirkung zu üben,
2230 2256 3171 2316 den Wiener Madeln, die der Schnitzler von ehemals
1294 2254 2235 2312 golddurchwirkten Mantel der Renaissance; wohl
3164 2261 3355 2321 spricht n
356 2253 1304 2320 den gewonnenen Eindruck. Spätere Arbeiten ver¬
2226 2301 3163 2361 liebte; später näher rückend der Verderberin des
1298 2301 2225 2358 spielt sie mit Dolch und Gift und Menschenleben
3166 2301 3345 2361 bild von
357 2305 1302 2359 wischten ihn nicht. Ein entzückend boshaftes, kleines
3162 2342 3352 2412 dener
2229 2333 3167 2389 Hauses Clémenceau und jenen Cocotten¬
1296 2339 2227 2394 und läßt uns manches schöne, klug gefaßte Wort
362 2348 1296 2407 Lustspiel in einem Akt, „Literatur", verriet, daß
2238 2382 3182 2452 Naturen, die sich Gold, Kränze und Kronen listig
3226 2378 3366 2444 35
1290 2378 2224 2448 hören; aber der näher Zuschauende kommt nicht
364 2390 1301 2443 Schnitzler vielleicht auch der Mann wäre, dem dar¬
3234 2415 3301 2462 00
3272 2424 3328 2474 114
2231 2434 3172 2490 erschmeicheln, um eines Tages, als Dirnen er¬
1307 2435 2234 2488 darüber hinaus, daß es doch nur die maskierte
3166 2414 3346 2493 Altchlü
363 2433 1300 2489 niederliegenden deutschen Lustspiel aufzuhelfen, ihm
2236 2468 3170 2545 kannt, von der Wut der Getäuschten bespieen, tot
1299 2479 2237 2529 blonde Wienerin ist, die da als tragische Muse das
366 2475 1307 2531 wieder Geist und Grazie zu bringen, statt der öden
3166 2476 3323 2535 solcher
2235 2527 3012 2581 oder lebendig auf die Straße zu fliegen.
1295 2519 2236 2580 Zeitalter des verruchten italienischen Gewalt¬
355 2524 1300 2591 Späße und grotesken Purzelbäume, mit denen es
3187 2526 3345 2580 Erfolg,
3174 2567 3324 2616 nd bei
2298 2549 3180 2617 Es ist ein schwerer Fehler, die große Zeit der
1294 2565 2239 2628 menschen Cäsar Borgia abhandelt; daß diese
363 2568 672 2638 jetzt unterhält.
1298 2609 2232 2658 Edlen von Bologna, Herzöge, Höflinge und Poeten,
2231 2596 3175 2663 Renaissance heraufbeschwören zu wollen, ohne
437 2588 1305 2658 In einem kleinen einaktigen Schauspiel eines
2230 2656 3185 2709 [einen echten Renaissance=Menschen aus dem Grab
1294 2641 2231 2724 dem Wiener Anatol=Krois der neunziger Jahre
357 2649 1306 2704 früheren Einaktercyklus — dem „Grünen Kakadu“
1304 2690 2238 2745 des letzten Jahrhunderts näher stehen, als jenen
2233 2693 3181 2756 zu rufen. Es ist kein kleinerer Fehler, das Zeit¬
433 2694 1301 2750 hatte der Vielseitige spielend und ein wenig
1299 2732 1968 2796 Volognesern des 16. Jahrhunderts.
2227 2742 3175 2798 kolorit so einzig durch ein Schwelgen in Namen
367 2727 1305 2798 spielerisch den Beweis zu erbringen gestrebt, daß er
1365 2761 2240 2843 Das Schlimme bei dieser Tragödie ist: die
364 2781 1301 2837 aus der weichlichen, mit Sentimentalität und leich¬
2239 2787 3180 2847 zu geben und ein Riesenpersonal auf die Beine
370 2827 1300 2880 ter Frivolität parfümierten Wiener Kunst heraus¬
1290 2812 2235 2889 Handlung erscheint so verworren, wie die Men¬
2228 2831 3187 2893 zu bringen, ohne mehr zu erzielen, als Lärm und
1307 2866 2245 2939 schen. Es sind Sklaven des Augenblicks, die ihrer
2231 2860 2868 2939 Getöse von Worten und Waffen.
357 2874 1305 2921 könne. Eine Verbrecherkomödie aus der Revolu¬
360 2909 1305 2969 tionszeit hat er in ein paar knappen, kecken Szenen
1296 2915 2244 2964 Laune nachleben und ihr flüchtiges Begehren zu
2300 2894 3185 2982 So bleibt der letzte Eindruck ein peinlicher.
367 2954 1295 3020 festgehalten: das Ende einer Eifersuchtstragödie
1297 2952 2238 3026 adeln, gutklingende Worte prägen. Nervöse, halt¬
2241 2944 3179 3007 Wir sehen ein starkes Talent, das sich auch in
369 3001 1303 3049 und doch mehr einen ersten Akt zu einem ungeschvie¬
1300 2998 2241 3053 lose. umhergerüttelte Menschen im Grunde, pro¬
2230 2996 3192 3062 Mindergelungenem nicht verleugnet, sich vergebens
359 3038 1307 3101 benen Trauerspiel, daß den verlotterten Adel des
1306 3045 2243 3097 blematische Naturen, vom Talent durchblitzt, durch
2233 3052 3178 3103 mühen, uns zu fesseln, uns zu erwärmen, uns gru¬
1308 3090 2246 3146 Gewand und Sprache für kurze Momente der Jetzt¬
365 3094 1306 3143 Königreiches aus seinem nervenkitzelnden Zeitver¬
2232 3088 3180 3154 seln zu machen. Aber seine Renaissance=Menschen
357 3129 1308 3194 treib in der Komödiantenspelunke der Guillotine
1309 3136 2236 3195 zeit entrückt und immer wieder verratend, daß sie
2235 3137 3190 3181 ragen nicht in blutiger Größe vor uns auf; sie er¬
364 3180 1308 3236 zuführte ... Hier war der erste Versuch, eine An¬
1306 3167 2243 3251 das heiße Bomühen eines strebsamen Dichters nur
2233 3172 3184 3234 schrecken uns nur durch die Ungereimtheit ihrer
1307 3224 1695 3280 ins Kostüm gesteckt.
359 3222 1314 3278 deutung, ein Prolog, wenn man so will, für eine
2226 3230 3188 3289 Handlungen und durch die peinliche Plötzlichkeit
370 3261 1314 3320 große dramatische Arbeit gegeben, die sich
2231 3267 3186 3309 ihrer erstaunlichen Entschlüsse. Das ist alles. Und
1370 3243 2245 3319 Ein Dichter, der eine geliebte Braut verläßt
363 3298 1311 3356 aus dem spezifisch Wienerischen, aus dem
1302 3298 2243 3357 um einer Sechzehnjährigen willen, die ihm mit
2233 3307 3191 3370 zuweilen langweilen sie uns ein bischen und lassen
367 3347 3200 3427 engen Kreis von Anatols und „lieben, süßen Mä= dunklen Augen und schweren, schwarzen Flechten] uns ungeduldig warten auf die Henkersknechte des
