3248 4256
1964 181 2432 290 box 20/1
302 177 1880 304 14. Der Schleier der Beatrice
607 1468 3265 1543 Nachdruck verdoten. dem Burgtheaterdirector vorzuschreiben, ob er ein Stück denke ich nicht daran.“ Was nun auf diesen Br
951 1532 2142 1588 annehmen oder ablehnen soll? Man wird weiter fragen,
2131 1533 3264 1614 Schlenthers hin geschah, erzählt die „Erklärung“, wie fol
176 1471 830 1665 rarischer Scandal.
949 1573 2140 1643 wer denn Arthur Schnitzler sei, daß seine Freunde die
2217 1588 3255 1646 „In Erwiderung darauf ertheilte Herr Arth
953 1628 2136 1690 Ablehnung eines Productes seiner Feder für eine „Un¬
2132 1626 3265 1689 Schnitzler wenige Tage später dem Burgtheater, ne
171 1619 961 1711 #ten Genien von dem literarischen
953 1669 2144 1744 statthaftigkeit“ erklären? Ob nicht vielmehr ein solcher
2130 1681 3256 1739 seinem principiellen Einverständniß zu Strichen u
184 1702 954 1770 eine Schar von unserem Volk nicht
943 1714 2145 1804 unerhörter Eingriff in die Rechte des Burgtheaters eine
2139 1726 3261 1791 Aenderungen, das gewünschte Recht der Erstaufführu
170 1748 863 1829 lenten das Erbe der Starken
946 1777 2141 1830 „Unstatthaftigkeit“ ohnegleichen sei? Auf alle diese
2131 1783 3264 1841 und erbat, wie sich das in solchen Fällen von selbst v#
172 1797 949 1860 er, Bauernfeld — angetreten haben,
937 1816 2140 1880 Fragen kann man nur mit einem bedauernden Achsel¬
2129 1835 3262 1893 steht, einen Aufführungstermin, vor allem aber, behr
181 1848 948 1914 leben der Donaustadt einem Sumpf,
938 1870 2141 1931 zucken antworten und die sonderbaren Ereignisse auf die
2134 1876 3256 1951 Erledigung der zur Darstellung des Werkes nöthigen?
180 1897 958 1967 birhelloses Gelichter herumtreibt. Mit
941 1918 2139 1998 Thatsache der fast unumschränkten Herrschaft zurückführen,
2134 1925 3264 2010 setzungs= und Aenderungsfragen, eine baldige Unt
184 1947 951 2013 Evertebraten werden unsere Bühnen,
941 1970 2139 2042 welche die Juden in der Literatur unserer Vaterstadt be¬
2125 1963 2730 2046 redung mit dem Director.
178 2001 952 2062 cherläden bedacht, und sie alle haben
950 2014 2137 2076 sitzen. Man hätte allerdings nicht geglaubt, daß sie bis
2213 2002 3262 2093 Vier Monate lang ist Herr Arthur Schnitzler
187 2051 949 2103 ympathischen Last zu leiden, die ihnen
938 2065 2133 2126 zu einem solchen Grad von Ueberhebung fortschreiten und
2126 2048 3267 2140 dieses in der Zwischenzeit erneuerte Ansuchen oh
194 2095 948 2171 der „Werke“ der Herren Bauer, Hof¬
942 2122 2148 2186 dem Director des vornehmsten deutschen Schauspielhauses
2130 2120 3229 2195 Antwort geblieben, mit Ausnahme einer einzigen,
176 2144 276 2211 kr,
247 2142 952 2216 Lothar, Landesberg e tutti
940 2164 2139 2225 geradezu das Messer an die Brust setzen, wenn er ihnen
2125 2166 3255 2235 Anfangs Juni eingelangten Karte, in welcher
166 2184 951 2261 Ed. Kein Wunder, wenn diese In¬
942 2213 2141 2275 einmal nicht zu willen ist, aber — wer kann sagen, die
2140 2224 3266 2279 Director mittheilt, er werde sich „dieser Tage zu
178 2223 956 2314 ndlich müde würden und auf uner¬
935 2255 2138 2341 [größte jüdische Unverschämtheit schon erlebt zu haben
2123 2266 3264 2327 drittenmal an das Studium des Stückes machen“, und d
185 2287 952 2359 mit offener Revolution antworten
941 2310 1684 2378 und keine größere zu gewärtigen?
2125 2320 3266 2385 Autor ersucht. „seine hart auf die Probe gestellte Gedi
179 2337 960 2397 n ist in Wien noch kaum etwas zu
1022 2342 2137 2413 Betrachten wir den Sachverhalt in dem gegenwärtigen
2132 2361 2906 2446 noch einige Tage laufen zu lassen.“
177 2384 951 2450 he Dictatur besteht noch immer sonder
945 2402 2148 2475 Scandal. Arthur Schnitzler hat — ich folge genau den
2226 2391 3264 2476 Also: von einer Annahme keine Rede, im Gegenthe
184 2436 950 2508 einmal jemand, ihrem kategorischen
937 2460 2147 2526 Daten der „Erklärung“, auf welche diese ihre Angriffe
2130 2447 3267 2517 Schlenther merkt, daß er sich genau und reiflich üb
169 2483 943 2554 idersetzen — dann wird's im Sumpf
946 2510 2137 2563 gegen Schlenther basirt — im December 1899 ein Schau¬
2133 2512 3236 2581 legen müsse, ob er das Stück aufführen soll. Das
172 2533 934 2606 gen daraus die häßlichsten und wider¬
940 2561 2127 2615 spiel „Der Schleier der Beatrice“ dem Burgtheater.
2126 2558 3263 2627 gebniß dieser Ueberlegung ist in einem Schreib
170 2579 944 2656 auf. Der Unbotmäßige wird fauchend
940 2583 1217 2671 eingereicht.
1219 2601 2135 2663 Schlenther las es im Manuscript
2133 2619 3267 2680 Schleuthers an Schnitzler ausgedrückt, worin der Direct
184 2617 839 2706 f die Proscriptionsliste gesetzt.
942 2634 1272 2722 und sprach
1260 2656 2137 2730 auch darüber mit dem Dichter
2127 2658 3257 2716 Bedenken gegen die Erfolgsmöglichkeit des Stückes au
955 2695 1045 2766 bins
157 2688 955 2764 hen Schauspiel stehen wir jetzt. Die
1020 2694 2138 2771 sichtlich einiger Veränderungen, der Besetzung
2134 2711 3256 2780 spricht. Es ist gar keine Frage, daß die Bedenk
157 2747 946 2814 e, der sich Speidel und Hermann
1050 2737 2149 2822 w. Von einer Annahme des Stückes war nicht
2125 2755 3266 2814 Schleuthers ihn schon damals eher zur Ablehnung
166 2790 940 2866 Christen — angeschlossen haben, ver¬
938 2796 2140 2860 die Rede. In diesem Sinn äußerte sich Schlenther auch
2129 2800 3255 2871 zur Annahme des Stückes bestimmten. Indessen wol
162 2817 947 2916 Wlättern eine geharnischte Erklärung,
938 2851 2137 2916 in einem am 13. Februar 1900 an Schnitzler gerichteten
2134 2842 3260 2918 er offenbar dem Verfasser, dem er bisher jeden Wun
165 2886 954 2958 res Hagelwetter von Vorwürfen und
939 2895 2138 2951 Brief; er sagt in demselben wohl, er glaube, nur das
2135 2886 3238 2971 erfüllt hatte, nicht wehe thun und schlug ihm vor,
174 2940 953 3006 derzeitigen Leiter des Burgtheaters
937 2945 2143 3009 Burgtheater könne dieses Stück len, erwähnt aber mit
2135 2955 3265 3016 zum Frühjahr (1901) zu warten, „wie dann die Co
166 2973 955 3065 er niedergeht. Und warum? Weil
945 2995 2136 3070 keinem Wort etwas von Annahme des Stückes. Daß er
2126 3000 3260 3065 stellation am Burgtheater sei.“ Hätte Schnitzler dame
164 3034 957 3097 gt hat, das letzte Stück eines Mit¬
943 3040 2134 3108 mit sich darüber auch nicht im mindesten im Reinen war,
2138 3055 3256 3109 ein ehrliches Empfinden gehabt, so hätte er wohl
156 3066 957 3147 Arthur Schnitzler — abzulehnen. Man
944 3081 2138 3154 folgt aus der conditionalen, keineswegs affirmativen
2124 3098 3266 3160 greifen müssen, daß Schlenther mit der Vertröstung wo
165 3129 962 3200 denn diese Herren, außer den beiden
939 3146 2130 3212 Wendung: „Uebrigens würde ich die Erstaufführung
2127 3134 3257 3207 nur eine Höflichkeitsformel aussprach und im Grunde d
155 3167 2138 3247 lius Bau J. J. David, Dr. Robert am Burgtheater zur Vorbedingung der Annahme machen“.
2125 3199 3266 3255 Stück nicht geben wolle. Das ist ganz unzweideutig a
154 3236 3255 3311 kalten, es sich herausnehmen können, Ergänze: „Wenn ich eine solche beabsichtige; vorläufig einer Stelle zu entnehmen, in der Schlenther das Re
