3484 4256
1958 182 2439 290 box 20/4
309 180 1836 298 14. Der schleier der Bestrice
1573 1593 3390 1677 den Kriegsmaschinen, mit denen vor Einführung der Mit der fortschreitenden Entn
447 1596 1565 1699 forderlich sei. Dabei mußte allerdings in die
1576 1664 3389 1728 Pulvergeschütze befestigte Orte angegriffen und ver¬ nahmen jedoch die Schwierigk
452 1660 1560 1726 Dunkelheit hineingeleuchtet werden, in der die
2690 1765 3382 1819 kleinen Schar, die seinem Schatte
1573 1767 2688 1843 nicht umschleierter? Ein Prüfer, ein Zweifler an
572 1770 1423 1865 Der Schleier der Beatrice.
2687 1812 3389 1895 die stärkste seiner bisherigen Dich
1576 1816 2676 1881 allen Daseinswerten, eifersüchtig auf Träume, ein
662 1840 1328 1920 Schauspiel von Arthur Schnitzler.
1579 1864 2691 1924 Mittelbarer, kurz: ein Dichter. Es gibt keinen
450 1837 679 1953 144
3189 1879 3310 1962 II.
1569 1915 2684 1969 besseren Vergleich in der Welt der Taten als den
494 1900 1442 2006 —Erstaufführung im Deutschen Theater.
2732 1921 3351 2023 Nicht die gelungenste, noch
1573 1956 2681 2027 schrecklichen eines Lustmörders; der Besitz des Leibes
2700 1982 3380 2056 will kurz sein. Von den Vers
1572 2011 2687 2071 genügt ihm nicht — er schlitzt ihn auf, um das Ge¬
2700 2041 3395 2110 Profil des Stücks ist unbeholfen
1574 2056 2678 2121 heimnis herauszuholen. Er selber leidet an der Qual,
498 2034 1569 2125 77Ter ist Beatrice? Sie verläßt eine Art Bräutigam
2697 2100 3374 2163 sehr viel Zwecklosigkeit. Es fel
1579 2100 1885 2179 die er schafft.
454 2093 1558 2179 ( für den Dichter Filippo Loschi, geht wieder zum
2697 2131 3389 2217 und die wundersame Klarheit de
1613 2132 2681 2230 Das denkwürdigste Bild eines solchen Mannes
442 2160 1556 2207 Bräutigam, läßt den Bräutigam für einen Herzog,
2696 2194 3387 2253 Manches „kommt“ dramatisch ni
2143 2210 2234 2264 —
2214 2194 2677 2278 der alle Möglich¬
1563 2188 2164 2277 bleibt Hebbels Herodes
439 2199 1565 2269 den Herzog wieder für den Filippo Loschi, den ge¬
2696 2248 3387 2303 viel: das kann uns dies Gesamt
1559 2248 2681 2327 keiten in die letzten Schlupfwinkel verfolgt, um
446 2253 1561 2311 storbenen Loschi wieder für den lebenden Herzog. Sie
2694 2292 3389 2364 Es ist Blut von unserem Blut; Al
451 2300 1566 2365 ist ein Kind, sechzehn Jahre, und lebt in der Renaissance¬
1559 2297 2693 2376 ein gesteigertes Bewußtsein des Geliebtwerdens
2702 2337 3365 2399 klagt ... und verstummt. Ich
439 2349 1561 2414 zeit. Nein, sie ist mehr als ein Mädchen: sie ist ein
1572 2356 2680 2415 herbeizuführen; er hat die Verzweiflung sehn¬
2705 2388 3389 2450 Aufgabe abstehen, die dramaturg
440 2397 1566 2473 Fall; Zusammenfassung; ein Urbild. Beatrice ist
1576 2386 2691 2463 süchtigen Mißtrauens; er grübelt: wie sich Mariamne
2703 2437 3391 2502 zutun; jeder Hörer hat sie bem
451 2435 1570 2505 die and Rasse — mit der wir den ewigen Liebes¬
1575 2441 2690 2525 verhalten könnte, wenn er eines Tages tot wäre;
2706 2472 3386 2568 jeder den starken Besitz wahrge
444 2499 1558 2569 krieg führen; die als Stellvertreterin eingesetzt ist (in
1560 2503 2682 2571 ja, es ist das tiefste Liebesdrama aller Zeiten;
2707 2526 3207 2603 ein Drama verleiblicht.
450 2534 1568 2610 vielen kleinen Exemplaren) des großen, triebhaften
1564 2538 2690 2603 hier wird der ganze Abgrund stabiliert — in dem
2736 2563 3398 2651 Nur ein Wort über die Darstel
440 2596 1558 2651 Alls; die auch die Menschen zur Welt bringt; die sich
1576 2597 2699 2661 sich beides umschlingt: untrennbare Gemeinschaft
2704 2630 3381 2712 war ein Besetzungsirrtum. Er u
445 2648 1571 2713 vom Urzustande so weit noch nicht entfernt hat wie der
1577 2646 2681 2715 und ewige Fremdheit zwischen „Liebenden“. Oder:
2703 2677 3358 2748 hamlet so unzureichend ... wi
443 2691 1558 2755 grübelnde, auf Grund von Erwägungen egoistische
1569 2690 2691 2756 zwischen Menschen. Es wird nur heroischer, wüsten¬
2700 2733 3388 2798 Dänen Hamlet unzureichend wä
451 2739 1566 2806 Männerich; Beatrice bleibt das Unbewußte gegenüber
1575 2739 2686 2803 hafter ausgedrückt; später sagt es der stille Jacobsen
2702 2778 3393 2839 Welt gestufteren Fühlens, hal
438 2798 1560 2861 dem Allzubewußten; der Lebenstrieb, der nicht gar so
1566 2794 2696 2860 im Niels Lyhne mit folgenden Worten: „Es war das
2698 2833 3385 2897 borgener Anläufe, gespaltener Tri
449 2833 1560 2906 streng an den Umständen mäkelt; der sich rasch anpaßt;
1570 2839 2688 2910 große Traurige, daß eine Seele stets allein ist. Es war
2709 2882 3382 2937 Empfindsamkeit: das ist die Welt
448 2891 1563 2950 sie ist die umschleierte Kreatur (umschleiert für unsern
1578 2893 2693 2945 eine Lüge, jeder Glaube an die Verschmelzung von Seele
2704 2927 3385 2988 heit großen Darstellers nicht.
451 2941 1559 3006 Blick), die schwebenden Ganges diese Erdentage durch¬
1574 2935 2689 3008 und Seele. Nicht die Mutter, die uns auf den Schoß
2702 2978 3386 3049 wahrscheinlich doch in der graden
449 2983 1557 3055 messen könnte, so nicht unser systematisierter Egoismus
1567 2975 2696 3055 nimmt, nicht der Freund, nicht das Weib, das an
2714 3019 3391 3094 anderes Wort: er war am Son#
452 3026 1556 3091 ihre Seele flattern machte, ins Elend peitschte. „War
1570 3030 2692 3106 unserem Herzen ruhte...“ Die tiefste Erfahrung, die
441 3075 1559 3136 es so schmählich, was ich verbrach?“ Nein, Beatrice,
2756 3068 3383 3157 Bleibt der Herzog. Herr Kay
1562 3081 2688 3147 jemand außer dem Geborenwerden und dem Sterben
2713 3124 3379 3200 Gestalt als die vom Dichter
437 3118 1266 3198 du bist mehr Opfer als „Verbrecherin“.
1567 3137 2689 3203 durchmachen kann, richtet sich hier in leibhafter
2711 3179 3370 3251 er wegließ, war die heitere F
485 3170 1560 3257 Du könntest sogar, Beatrice, mit größerem Recht
1563 3174 2689 3239 Gestaltung auf. Schnitzler muß wohl ein Dichter sein.
448 3231 3380 3308 vom „Schleier des Filippo Loschi“ reden. Ist er Er geht, nicht unwert des großen Hebbel, in der allzu geglichenen, der ein feiner Lebens
