3436 4448
1650 3252 1739 3362 st¬
1671 3347 1742 3438 De
1679 3417 1739 3490 at.
1694 3539 1741 3594 r¬
1681 3590 1743 3642 Ihr
1692 4077 1744 4144 221
1686 4131 1765 4198 Fet,
1955 177 2384 266 box 20/6
292 179 1851 285 14. Der Schleier der Bestrice
1976 599 2186 716 107.
2278 728 2497 806 Seite 5
1584 746 1908 826 4. Mai 1925
1574 863 2562 975 eim Weigl, 12. Bez.,
1624 963 2558 1062 Versammlung
1635 1039 2561 1151 deutscher Schutzarbeit.
1601 1175 2567 1307 Kunst und Wissen.
1628 1283 1697 1349 er
1897 1273 2343 1376 Burgtheater.
1687 1342 2573 1423 Zum erstenmal: „Der Schleier
1604 1366 1694 1425 tte
1600 1407 2570 1482 ft=sder Beatrice", Schauspiel in
1696 1438 2569 1521 5 Akten von Arthur Schnitzler.
1624 1463 1697 1523 en
1733 1495 2582 1577 Dieses Schauspiel stammt aus der Zeit
1699 1559 2573 1617 der Jahrundertwende, einer Zeit, da die
1608 1592 1660 1656 h
1615 1592 2576 1690 ). Bühne unter dem psychologisierenden Ein¬
1691 1635 2575 1719 fluß Ibsens und der großen Russen stand,
1684 1684 2576 1757 Seelenzustände in manchmal zu eingehender
1693 1741 2588 1816 Zerlegung schilderte und darüber oft die
1700 1774 2582 1854 wirklich treibenden Kräfte des Dramas
1696 1832 2578 1891 übersah. Dazu kam als äußerer Rahmen die
1703 1869 2587 1932 damals eine Modesache gewesene Renaissance,
1706 1917 2576 1983 die verschiedenen Dichtern — hier sei nur
1698 1954 2578 2026 an Wildes „Florentinische Tragödie“ er¬
1706 1997 2590 2074 innert — des Stoffgebiet für ihre Werke
1706 2041 2580 2109 abgab. In beiderlei Hinsicht ist „Der
1705 2106 2591 2151 Schleier der Beatrice“ ein Kind seiner Zeit:
1618 2129 1693 2190 Je¬
1696 2144 2593 2209 der jugendliche Held, weit entfernt davon,
1709 2178 2591 2255 ein Renaissancemensch zu sein, hat vielmehr
1715 2226 2595 2312 alle neurotischen Fehler eines Kindes des
2068 2270 2585 2337 wie denn überhaupt alle
1711 2287 2025 2350 „Fin de siecle
1720 2311 2593 2386 Figuren trotz Prunkkostümen und Bubikopf
1722 2360 2598 2431 stark an den „Anatol“=Kreis Schnitzlers er¬
1720 2408 2597 2473 innern — und faßt seine folgenschweren
1721 2460 2593 2511 Entschlüsse auf Grund von Stimmungen,
1722 2504 2593 2562 die selbst seiner eigenen ruhigeren Ueber¬
1729 2537 2590 2604 legung nicht standzuhalten vermögen. So
1721 2579 2594 2651 berührt das erregende Moment, die Ver¬
1725 2628 2601 2697 treibung der von ihm über alles geliebten
1725 2673 2605 2747 Beatrice, nur weil ihr in einem Traum ein
1718 2726 2592 2796 anderer Mann als angenehmer Werber er¬
1727 2749 2601 2826 schien, trotz oder vielleicht eben wegen der
1730 2795 2609 2873 Vorahnung der damals in ihren Anfängen
1726 2850 2603 2924 steckenden Psychoanalyse eher befremdend
1738 2892 2608 2960 und peinlich, so auch hat der freiwillige Tod
1725 2935 2613 3006 des Helden nach durchschwärmter Nacht
1742 2996 2605 3048 nichts Notwendiges und damit nichts Ueber¬
1740 3031 2549 3104 zeugendes. Und wie diese Hauptfigur,
1745 3063 2617 3147 verwaschen und vieldeutig sind auch die
1734 3111 2615 3193 übrigen führenden Gestalten des Werkes,
1744 3164 2614 3224 namentlich Beatrice selbst, die, verjagt, sich
1736 3205 2621 3278 in die Arme eines nahen Verwandten
1738 3249 2613 3314 Brackenburgs flüchtet, auf dem Wege zur
1724 3279 2624 3358 Kirche jedoch dem Werben des Herzogs
1741 3342 2618 3410 nachgibt und dessen Gattin wird, in der
1750 3381 2629 3456 Hochzeitsnacht wieder zum einzig Geliebten
1751 3434 2620 3497 zurückkehrt, entschlossen, mit ihm zu sterben,
1728 3473 2624 3546 dann jedoch vor den Schauern des Todes
1743 3518 2625 3593 zum Herzog zurückflieht, um schließlich von
1759 3568 2628 3624 ihrem Bruder, einem jungen Valentin, er¬
1760 3611 2623 3675 dolcht zu werden. (Weil übrigens gerade
1757 3648 2627 3713 von Aehnlichkeiten die Rede ist: Wer er¬
1760 3690 2625 3760 innert sich bei Beatrices in des Geliebten
1758 3731 2629 3805 Hause vergessenem Hochzeitsschleier, einem
1757 3776 2622 3847 kostbaren Geschenk des Herzogs, nicht des
1756 3824 2636 3901 Schnupftuches Desdemonas? Nur daß im
1765 3879 2623 3936 Werke Shakespeares mit sinnvoller Schau¬
1764 3915 2638 3983 rigkeit zutiefst in die Handlung verwoben
1754 3950 2640 4020 erscheint, was hier ein bloßes Requisit ist.)
1773 4007 2639 4066 Auch der Herzog, in seinem Tun und Lassen
1757 4040 2639 4103 vollkommen Stimmungen unterworfen, auch
1760 4089 2633 4162 der Bruder der um Beatrices willen ver¬
1763 4144 2645 4192 lassenen Verlobten des Helden, nach seinen
2467 4176 2558 4250 b
