3436 4352
2176 168 3185 260 Schichsalshe fir Berde 1r sagl ihr Lebewoy.,
115 143 2102 246 Kenst auns der Grlesning mnenoich sorsenee ersehe ven den e den eeeeeehe
1095 219 2139 296 freiwillige Esther in den Weg getrieben. Er lächelt
2189 223 2636 299 esagt auf Wiedersehen.
117 233 1093 310 aft und Fülle jener einzigen Epoche. Es müßte ein
1093 259 2145 333 über den Einfall. Für Leute von seinem Schlage und in
2177 270 3178 339 Sie sieht ihn wieder. Der Herzog rüstet zu einer
122 281 1102 356 nkbares Beginnen sein, die Entwicklung der Folge¬
1107 310 2139 388 seiner Lage gehört die Liebe zu den kleinen Angelegen¬
2124 326 3183 386 glanzvollen Hochzeitfeier. Er sendet Boten durch die
131 331 1103 417 t danach zu werthen, was jede einzelne Generation
1099 362 2139 450 heiten des Daseins. Er kennt sie kaum, weiß von
2138 384 3192 445 Stadt, um Bologna's Adel ins Schloß zu laden;
147 378 1099 455 n den tausendfältigen Keimen der Renaissance zu
1093 416 2144 482 Wunsch und Lust und Ueberdruß; das Wunder
2137 428 3195 515 doch soll heute Schönheit Adel sein, nicht Geburt. Der
126 429 1105 509 üte und Frucht gebracht hat; vielleicht ließe sich so
1103 457 2140 541 fühlte er nie. Er soll es bald genug kennen lernen.
2132 480 3190 554 jüngere Beroaldus hat die Hochzeit eines historischen
159 483 1107 550 rechter Methode ein Culturgradmesser gewinnen.
1108 509 2144 589 Es tritt eben aus der Thür des nächsten Hauses,
2138 531 3204 598 Bentivoglio mit Lucrezia von Este geschildert. Seine
155 541 1104 600 eGeschichte des Interesses am Individuum wird
1095 561 2151 636 leibgeworden in Beatrice Nardi, die mit Bruder und
2143 565 3206 642 „ruptiae Bentivolorum“ erzählten von einer Panto¬
128 586 1106 658 s bei einem Zeitalter anzuknüpfen haben, dessen
1105 604 2149 691 Bräutigam zur Kirche geht. Der Herzog spricht sie
2150 633 3190 694 mime, deren Decoration naturgetreu einen Hain dar¬
118 612 1113 704 Gema die Entdeckung und Erhöhung des Einzelnen
1096 661 2144 742 an, und immer stärker gefesselt von der Räthselmacht
2137 675 3191 748 stellte. Die Handlung scheint dürftig, aber vielsagend
116 667 1113 770 wesen ist und welches nach einem geistreichen Worte
1103 704 2154 810 ihrer Schönheit, wählt er sie endlich zur Genossin
2139 719 3209 799 gewesen zu sein: aus Dianens Nymphenschar flüchtet
123 728 1122 815 no Fischers recht eigentlich die „Humaniora“ zu
1101 756 2148 841 dieser einzigen, weil letzten Nacht. Alle Schätze, die
2140 765 3210 837 die Schönste in den Schutz der Juno Pronuba, während
114 788 1104 869 nem Gegenstande gemacht hat. So ist es wohl zu
1106 807 2146 901 dem Sinne der Frauen gefallen mögen, soll sie
2146 834 3209 902 Venus, einen Löwen zur Seite, sich von einem Ballet
127 828 1110 906 Flären, daß die Kunst immer wieder zu dieser histo¬
1102 875 1764 966 haben; dazu noch einen Schleier
2143 884 3198 952 wilder Männer umtanzen läßt. Vielleicht hat Schnitzler
137 882 1111 956 chen Quelle des Individualismus als ihres vor¬
1424 894 2032 1000 „von so wunderbarer Schönheit,
2146 934 3200 1007 diese Beschreibung gekannt. Auch sein Bentivoglio be¬
133 930 1115 1017 Imsten Lebensprincips zurückkehrt. Insbesondere wird,
1237 951 2037 1031 Wie keiner, den ein Mädchen dieses Land's
2149 984 3208 1044 reitet den Gästen ein üppiges Fest — mit Panto¬
130 986 1124 1067 r in künftigen Tagen die deutsche Dichtung des
1237 996 1952 1086 Und niemals eine Herzogin getragen“.
2149 1028 3200 1105 mimen. Er ruft sie zu einer orgiastischen Nacht= und
132 1024 1129 1116 ten Jahrzehnts betrachtet, die unverkennbare Vorliebe
1159 1049 2157 1132 Das alles lockt Beatrice nicht. Es ist nicht zu
2151 1078 3202 1150 Liebesfeier, die alle heißen, wilden Instincte der Welt¬
127 1080 1125 1162 eser Periode für Stoffe und Charaktere der großen
1119 1103 2148 1185 wenig, wie der Fürst meint, da sie mit der Antwort
2161 1127 3216 1200 untergangs=Stimmung entzügelt. Carpe noctem! ist
121 1137 1123 1224 iedergeburt zu verzeichnen haben. Freilich formt jede
1108 1158 2155 1243 zaudert, es ist nur nicht das rechte. Sie will
2153 1186 3215 1242 die Losung dieser Massenexplosion des Sexualismus,
130 1172 1055 1270 Eit die Geschichte nach ihrem Bilde; sie nimmt
1105 1205 2157 1282 nicht, daß man sie am nächsten Morgen Dirne
2151 1238 3217 1310 welchen der Gedanke an das Grauen des nächsten
131 1232 1118 1319 d auch hierin ist der Künstler zugleich Diener und
1110 1257 2154 1335 schimpfen darf, und will deßhalb dem Herzog nur
3089 1283 3210 1346 zu
2162 1282 3041 1344 Morgens — das Grauen im Doppelsinn
119 1282 1125 1366 Err seiner Zeit — vom Gewesenen nur das an und auf,
1120 1294 2156 1384 als Herzogin folgen. Die Höflingsschar im Kreise ist
2153 1328 3212 1401 bacchantischer Wuth stachelt. In dem tollen Spuk der
130 1312 1124 1407 s ihrem eigenen Wesen gemäß erscheint. So wird eine
1115 1378 1978 1458 äußerst indignirt. Aber dem Herzog scheint,
2164 1368 3215 1455 Geister und der Leiber gelingt es der Herzogin Beatrice,
122 1389 1124 1453 poche aufstrebender, zukunftfroher Kräfte in Kunst und
1470 1424 1986 1497 „sie seh'n und hören nicht,
2153 1437 3143 1513 unbemerkt zu fliehen: zu Filippo Loschi natürlich.
131 1434 1133 1514 ben gern gleiche und verwandte Züge der Vergangenheit
1202 1447 1937 1537 Sonst senkten sie die Knie' vor Beatrice
2194 1481 3218 1555 Sie siadet ihn in wirrstem Gemüthszustande. Er
127 1488 1137 1564 hen. Und es kann eben darum kein Zufall sein,
1211 1485 1896 1563 Und slehten ihres unbedachten Worts
2148 1533 3225 1595 hat mit Courtisanen und Musikanten ein wüstes
1211 1512 1995 1614 Zur rechten Zeit Vergessen und Verzeih'n!
141 1540 1132 1617 6 die Kunst unserer Tage sich gerade von den blassen
2158 1570 3228 1647 Gelage gehalten. Sein Freund, der Bildhauer Ercole
1215 1579 1877 1646 Du, Beatrice, reiche mir die Stirn!
136 1595 1134 1663 rben der welkenden Renaissance, von dem Ver¬
1205 1596 2054 1691 Ich nehme dich zum Weib, wie du verlangst“!
2157 1628 3231 1702 Manussi, kommt dazu und erzählt als die große
132 1627 1134 1721 schen des großen Thatensturmes erregen läßt. Auch
1155 1647 2156 1739 In einer Stunde soll Trauung sein. Die Herzogs¬
2151 1688 3237 1748 Neuigkeit ausführlich eine Geschichte, wie man Herzogin
138 1687 1140 1767 thur Schnitzlers dramatisches Gedicht „Der
1126 1719 2163 1788 braut steht regungslos lächelnd da. Vittorino ist ins
2148 1722 3234 1792 wird. Die Gesellschaft bricht auf, um an dem Nacht¬
144 1737 1130 1807 hleier der Beatrice“ spiegelt die müde Renaissance;
1119 1769 2159 1841 Haus zurückgegangen. Dort wird er gefunden, den
2152 1774 3237 1848 fest im Schlosse theilzunehmen. Filippo bleibt in
136 1778 1133 1859 ch er hat sich aus dem wandlungsreichen Antlitz
1133 1822 2054 1903 Dolch in der Brust. Er hat sich gut getroffen.
2148 1819 3230 1917 höchster Erregung zurück. Er überdenkt die Tages¬
126 1821 1124 1913 er Zeit eben die Linie eingeprägt und angeeignet,
1162 1846 2152 1935 Diese Beatrice Nardi ist sechzehn Jahre alt, hat also
2158 1869 2587 1964 leistung Beatricens:
143 1884 1137 1956 der Besonderheit seines literarischen Naturells am
2892 1893 3118 1996 „Von mir
1122 1916 2165 1990 natürlich schon eine Vergangenheit. Die Werbung des
143 1936 1130 2008 bendigsten entgegenkam. Das Stück hat bekanntlich
2265 1935 3006 2032 Geht sie nach Hause, läßt von Vittorino
1115 1971 2174 2049 Herzogs ist nicht das erste, kaum das größte ihrer
157 1991 1128 2050 Vorspiel vor dem Theater gehabt, gleich un¬
2254 2009 2950 2079 Zar Ehe sich bereden, geht mit ihm
1134 2015 2178 2089 Erlebnisse an diesem mit Geschehen gesättigten Tage.
142 2014 1124 2107 Freulich für alle nothwendig oder freiwillig Be¬
2263 2049 3101 2104 Zur Kirche, trifft 'u Andern auf dem Weg,
1124 2069 2179 2146 Ein paar Stunden, ehe Lionardo Bentivoglio sie
2279 2099 3115 2146 Der Herzog ist, und äßt mit ihm sich trauen,
131 2081 1132 2153 iligten. Nun liegt es gedruckt vor als einzig
1122 2125 2177 2195 heimführt, hat ihr Geliebter, der Dichter Filippo
2274 2131 3065 2194 Indeß der And're stirbt — ich aber warte!
128 2138 1133 2218 weiskräftige Urkunde in dem rasch zum Grund¬
2272 2161 3079 2234 Wie, jenen Sternen gleich, die einen Himmel
1134 2163 2182 2246 Loschi, sie davongejagt. Er hat sein Verlöbniß
147 2186 1129 2264 tlichen emporgediehenen Streit. Es wird hoffentlich
2272 2221 2998 2274 In einem Augenblick durchmessen, jagt
1122 2214 2181 2311 mit der edlen Teresina Fantuzzi gebrochen und wirft
143 2240 1137 2314 ch um seiner selbst willen gelesen und mehr
2265 2234 3076 2326 Derch eine ganze Welt, seit Abend wurde —
1137 2273 2188 2347 sich nach seinem eigenen Wor an eine weg, die
166 2285 1141 2370 f die dramatischen als auf die dramaturgischen
2266 2283 2587 2364 Und ich worte!“
1130 2322 2174 2389 völlig anderer Art. Sie kennen und lieben sich seit
2204 2316 3220 2429 Nicht vergebens. Beatrice erscheint. Er weist sie
136 2336 652 2415 irkungen geprüft werden.
1133 2387 2173 2445 drei Tagen. Der Poet will mit seinem Musenkinde
150 2365 1129 2462 In der furchtbarsten Räthselgestalt der italienischen
2165 2399 2361 2482 hinweg:
1129 2421 2169 2495 noch diese Nacht die Stadt verlassen, denn über den
133 2441 1139 2515 enaissance, in dem „Raubmenschen“ Caesar Borgia
2387 2430 3041 2504 „Wie dunkle Schleier liegt um dich
1137 2474 2189 2541 Dächern Bologna's schwebt der Tod. Schon sind
2264 2475 3075 2550 Der letzten Stunden Räthsel, schwer gefaltet!
133 2485 1139 2573 t Schnitzler sich eine Art Teufel aus der Maschine
1138 2516 2178 2593 Pferde beschafft, Alles zur Flucht bereit, da hat
2260 2538 3032 2614 Lass' sie zur Erde gleiten, gleich wie den,
153 2540 1143 2615 schaffen. Der blutige Condottiere tritt nicht auf
2264 2564 2834 2645 Der dir das Haupt umhüllt!“
1134 2570 2181 2651 Beatrice den unglücklichen Einfall, ihrem Geliebten
149 2601 1135 2663 e Bühne, aber er lenkt ihre Vorgänge. Sein Heer
1124 2628 2178 2698 einen Traum zu erzählen. In diesem „Traum eines
2209 2619 3219 2703 Der Schleier finkt zu Boden. Es ist eine feine
140 2627 1141 2730 egt vor Bologna, seine Schützen und Reiter um¬
1141 2665 2173 2741 Sommernachmittags“ hat sie sich als Herzogin geschaut,
2160 2681 3223 2765 Symbolik in dieser Scene, leider nur zu bald ab¬
142 2687 1142 2756 ammern in immer engerem Kreise die Stadt, deren
1131 2704 2178 2803 als Gemahlin des Lionardo Bentivoglio; sie hörte
2166 2725 3225 2803 gelöst und verwischt durch gewaltsame Ueberspannung.
142 2746 1147 2803 Sebieter, Herzog Lionardo Bentivoglio, mit knapper
1144 2771 2168 2845 ihn ihren Namen flüstern, sah des Herzogs Augen
2163 2788 3230 2854 Beatrice ist bereit, mit ihrem Geliebten, dem einzig
146 2788 1147 2863 Koth durch das feindliche Lager den Weg von Rom
164 2830 2167 2905 seine Residenz zurückgefunden hat. Nun rüstet er leuchten, fühlte seine Lippen nah den ihren. Sie nennt
2154 2821 3220 2893 und wahr Geliebten, den Weg zu gehen „an den Ort,
154 2877 2160 2959 r Schlacht; er weiß, daß auf der Welt für ihn das ohne alles Vorgefühl einen „wunderlichen Traum“.
2168 2864 3226 2948 der keine Rückkehr schenkt“. Da Filippo ihr die Schrecken
1140 2919 2172 3002 Filippo findet den Ausdruck etwas gelinde. Er hat
2167 2929 3225 3003 und Räthsel des Todes malt, hat sie die rührendste
144 2939 1149 3005 nd Caesar Borgia nicht Raum genug ist. Dumpfe
1136 2974 2179 3052 plötzlich seine ganze Renaissance verlernt und ist
2178 2980 3232 3056 Antwort: „nimm mich in Deine Arme!“ Sie will
135 2984 1144 3070 Erwartung brütet in den Straßen der belagerten
1130 3027 2178 3086 moderner Nervenmensch geworden, Selbstsecirer und
2163 3026 3229 3111 nicht einmal von der Möglichkeit einer Rettung hören.
147 3034 1141 3108 Stadt. Seltsames Gerücht geht von Mund zu Mund,
1146 3070 2174 3148 =sekkirer, Anatol des Cinquecento. Er kann Beatrice
2169 3086 3221 3152 Sterben will sie, darum kam sie her. Filippo erkennt,
143 3086 1149 3161 e Angst wirkt ihre märchenzeugende Kraft. So er¬
1143 3124 2174 3215 nur mehr mit Schmerz, Grauen, Ekel sehen. Denn
2168 3143 2753 3225 sie ist bereit. Er dankt ihr:
150 3144 1141 3211 hlt einer vom Borgia, daß er die Gabe hat, an zwei
1234 3186 1923 3254 „Träume sind Begierden ohne Muth,
2532 3158 3037 3255 „Ränn' unser Leben weiter,
147 3183 1163 3256 Arten zugleich zu sein — eine Geschichte, die bekannt,
1193 3220 2027 3301 Sind freche Wünsche, die das Licht des Tags
2208 3223 3039 3297 Den Schmutz der letzten Stunden brächten wir
154 3218 1167 3317 er nicht eben bolognesisch klingt. Auch geht die
1197 3258 1916 3332 Zurückjagt in die Winkel uns'rer Seele,
2204 3283 2957 3337 Nie wieder fort; und die Gewißheit nur,
148 3296 1164 3363 ede, daß der Herzog heut, in der letzten Nacht vor der
1208 3296 2121 3381 Daraus sie erst bei Nacht zu kriechen wagen. ....
2214 3311 2975 3382 Daß unser Ende nah' ist, macht uns rein
141 3343 1169 3415 ntscheidung, das schönste Mädchen von Bologna in sein
1196 3354 1999 3424 So wenig warst du mein, daß, schlossest Du
2210 3334 3082 3413 Wie Kinder. Komm', lass’ uns des hohen Glücks
1200 3387 1923 3449 Die Augen, Deine Seel' auf Abenteuer
2210 3376 3181 3479 Auch ganz genießen!... Komm', wir wollen trinken!“
136 3390 1164 3471 chloß führen wird. Niemand lauscht der Kunde
1198 3421 1929 3502 Ausfliegen konnte, und ich war Dir nur
153 3442 1178 3512 eriger als Rosina, die Tochter des alten halbblöden
2217 3428 3220 3516 Es geschieht, und Filippo macht Beatrice „sehr
1199 3463 1991 3532 Von Tausend Einer, kniete wie die Andern
152 3494 1173 3566 appenschneiders Nardi. Sie liebt den Herzog seit
1201 3493 2099 3580 Vor Dir und war Dir nichts und bin Dir nichts.“
2165 3499 3224 3570 ruhig“ die Mittheilung, daß sie den Tod getrunken
149 3555 1108 3608 ge bis zur Raserei. Iyr Bruder Francesco —
2164 3556 3234 3623 habe. Da fassen sie die Schauer der Vernichtung und
1196 3557 2178 3642 Quellenkritische Literatur=Betrachtung wird anzu¬
146 3589 1155 3658 her einmal hieß er Valentin — steht bei des
2170 3602 3228 3673 die Instincte des Lebens. Sie fragt: wozu. Betrug?
1151 3618 2168 3693 merken haben, daß Schnitzler hier in geistreicher und
160 3646 1150 3715 rzogs Truppen. Er kommt, um Abschied zu nehmen
2178 3655 3234 3721 ich kam doch, um zu sierben. So wollt' ich's nicht;
1140 3666 2175 3741 interessanter Wendung, die Traumlehre des Wiener
152 3692 1154 3761 m Elternhause, in dem es übrigens um den Ver¬
2168 3703 3227 3782 so ist's, wie ein Morden aus dem Hinterhalt, tückisch
1140 3721 2168 3787 Arztes Siegmund Freud vorträgt, der in einem reich¬
159 3743 1145 3818 nd des Vaters so schlimm steht wie um den An¬
2171 3734 3227 3823 und feig. Filippo, dem die Stimmung wieder einmal
1149 3770 2169 3840 documentirten Buche das Wünschen als primäre Thätig¬
163 3793 1156 3880 nd der Mutter. Den jungen Krieger quält die
2178 3806 3210 3879 umschlägt, findet es nun „genug des eklen Jammers“
1142 3821 2178 3890 keit des Unbewußten und den unbewußten Wunsch als
2166 3854 3241 3929 und weist Beatrice ins Leben zurück, da sie die
1137 3869 2176 3938 Triebkraft des Traumes nachzuweisen versucht hat.
183 3870 1153 3967 )„Der Schleier der Beatrice“, Schauspiel in fünf
153 3946 3247 4028 ten von Arthur Schnitzler. Berlin, S. Fischer, 1901. Auch Filippo Loschi legt Beatricens Nachmittags= Probe — nur eine solche war es — nicht be¬
