3436 4352
1049 215 1127 254 77
925 565 1851 648 Die grosse Kunstausstellung des litterarischen
873 638 1846 700 Schaffens hat der Jung-Wiener Dichter Arthur
867 677 1855 746 Schnitzler in diesem Jahre mit zwei kleinen
870 711 1838 786 Studienköpfen und mit einem monumentalen His¬
859 762 1843 833 torienbilde zugleich beschickt. Anspruchslos blicken
862 793 1844 870 die Portraitskizzen Zeutnank Gustl und Fran
863 851 1838 910 Bertha Garlaut) aus ihrem bescheidenen Rahmen.
862 877 1851 957 Weithin aber leuchten und glühen die Farben in
865 933 1847 1007 jener Darstellung aus italienischer Vorzeit, im
727 968 830 1035 Für
860 979 1879 1046 Schleier der Beatrice?). Fackellicht schimmert mit —)
908 1050 1469 1119 1) Beide bei S. Fischer, Berlin.
756 1070 814 1116 „
900 1089 1294 1167 2) S. Fischer, Berlin.
846 1159 1810 1224 grellem Flackern über einem tollen, wüsten Bac¬
849 1204 1814 1255 chanal. Tanzende Paare huschen in wolliistiger,
691 1211 845 1285 Abonn
858 1242 1820 1290 brünstiger Umarmung über den Rasen. Vorn aber,
689 1275 1828 1326 Abonn „wischen den Säulen der Schlossterrasse steht eine
844 1324 1827 1383 bleiche, kindliche Sünderin im bräutlichen Schleier
840 1375 1253 1428 vor ihren Richtern.
698 1373 835 1451 Inhal
902 1405 1808 1467 In solch glühend-farbenreichem, plastischem
693 1435 833 1495 blät
850 1459 1824 1518 Bilde prägt sich Schnitzlers neue Verstragödie,
695 1480 825 1529 wollur
838 1500 1819 1555 auch ohne die Eselsbrücke des Bühneneindrucks,
701 1517 801 1567 des
847 1548 1815 1590 dem Leser ein. Doch nicht minder deutliche
703 1557 829 1616 werde
845 1586 1814 1643 Spuren hinterlassen in seinem Gedächtnis die
848 1629 1821 1687 jugendlich-kindlichen Züge des Zeutnanf Gustl
846 1669 1823 1724 und die nachdenklichen Züge jener Vrau Bertha
837 1724 1818 1769 Garlau deren beseeltes Bildms der Dichter mit
836 1762 1815 1820 dein allzugewichtigen Titel -Romane in die Welt
850 1805 1013 1855 schickt.
903 1849 1810 1904 Das bedeutendste an der Novelle Zeuknank
839 1892 1813 1940 Gustz ist zweifellos der Umstand, dass Arthur
843 1934 1815 1990 Schnitzler der den Rang eines k. k. Regiments¬
830 1987 1815 2035 arztes in der Reserve bekleidete, wegen der Ver¬
843 2022 1823 2072 öffentlichung dieser Novelle durch ehrenrätlichen
838 2069 1813 2119 Spruch dieser Charge verlustig erklärt wurde.
844 2114 1823 2162 Zeutnanf Gustls behandelt das Problem der sog.
845 2146 1812 2196 Ehrennotwehr-; d. h.: ein Offizier hat auf der
828 2183 1819 2246 Strasse jede Beleidigung sofort mit der Waffe zu
833 2239 1829 2285 rächen. In einer Theatergarderobe gerät Leutnant
843 2277 1814 2329 Gustl in einen Wortwechsel mit einem Bäcker. Als
834 2320 1820 2361 der Offizier den Degen ziehen will, ergreift der
835 2359 1821 2413 Bäcker seine Hand und hält sie fest, wobei er
838 2407 1811 2453 dummer Bubs schimpft. Nach dem Ehrenkodex
842 2453 1825 2505 fühlt sich der Offizier verpflichtet, sich eine Kugel
828 2495 1816 2546 vor den Kopf zu schiessen. Er irrt die ganze
842 2535 1811 2579 Nacht im Prater umher, ohne den Mut zum Selbst¬
837 2585 1814 2636 mord zu finden. Morgens geht er noch einmal
838 2631 1819 2677 in sein Kaffeehaus frühstücken; dann will er sterben.
830 2664 1820 2710 Da erfährt er, dass den Bäcker bei Nacht der
836 2706 1813 2775 Schlag getroffen habe und unterlässt den Selbst¬
832 2752 980 2806 mord.
904 2782 1806 2847 Ein Künstler von Arthur Schnitzlers Rang, hat
831 2838 1822 2885 auch einmal das Recht, ein unscheinbares Thema
838 2883 1814 2932 wie das obige aufzugreifen, denn auch so ist er
832 2931 1820 2975 vor dem Verdacht sicher, dass diese Selbstbe¬
834 2971 1791 3016 schränkung ein Notbehelf poetischer Armut sei.
905 3007 1819 3059 Schnitzlers Roman Frau Zertha Garlaus ist
837 3046 1825 3094 kaum in glücklicher Stunde empfangen worden.
838 3093 1819 3157 Unser stärkstes zeitgenössisches Talent hat ein An¬
839 3142 1822 3184 recht darauf, mit höchstem Masse gemessen zu
831 3178 1817 3232 werden und so muss denn gesagt werden, dass
835 3224 1814 3265 dieser Roman einen Rückschritt für den Jung¬
834 3262 1822 3325 Wiener Dichter bedeutet. Schnitzler ist ja immer
846 3309 1827 3353 Anklage- und Thesendichter, und nicht umsonst
838 3352 1824 3393 Medizmer; aber ein so mageres Gerippe der
836 3392 1819 3435 Handlung hat er uns noch nie geboten. Die
838 3431 1824 3489 These des Romans lautet, dass das Recht auf
842 3475 1827 3532 Liebesgenuss bei Männern und Frauen darum
837 3523 1830 3574 nicht gleich sei, weil die Frau die Hingabe nicht
836 3565 1822 3610 um ihrer selber willen begehren dürfe, sondern
840 3608 1817 3658 nur in Sehnsucht nach der Mutterschaft, im
845 3650 1822 3697 Schrei nach dem Kinde. Das mag richtig sein,
838 3692 1811 3745 ist aber mehr ein sozial-medizinisches, als dichte¬
840 3737 1822 3794 risches Beweisthema. Dass die tugendhafte, im
845 3780 1812 3825 Grunde sehr thörichte Frau Witwe Garlau, die in
842 3826 1810 3881 einer kleinen Stadt ein stilles Dämmerleben führt,
836 3872 1819 3923 plötzlich eine Art Liebeswahnsinn spürt, weil sie
841 3919 1827 3969 in einer illustrierten Zeitung das Bild ihres berühmt
836 3955 1815 4002 gewordenen Jugendgeliebten, eines Violinvirtuosen,
839 3996 1827 4039 findet, dass sie sich ihm schlechterdings an den
827 4040 1811 4098 Hals wirft und ihm eine Gunst erweist, die er
837 4086 1827 4145 sonst gewohnt ist, sich zu kaufen, — das alles
1913 1005 2112 1070 inclusive
1932 1056 2082 1110 Porto.
1912 1092 2092 1162 Zahlbar
1844 1155 2821 1218 will mir recht unwahrscheinlich vorkommen. Und
1841 1204 2818 1268 mir dünkt, als ob auch Arthur Schnitzler dies
1843 1258 2587 1296 alles nicht für recht glaubhaft hielte.
1899 1282 2816 1346 Denn Schnitzler giebt sich Mühe, diese ele¬
1838 1330 2814 1382 mentare, ebenso schnell entflammende wie er¬
1828 1375 2821 1436 löschende Raserei durch körperliche, in der Natur
1830 1420 2829 1476 des Weibes bedingte Vorgänge zu erklären, die
1843 1463 2819 1513 wiederum mehr den Arzt interessieren können, als
1841 1497 2817 1563 den Freund künstlicher Gestaltung. — Die Klein¬
1832 1547 2819 1604 stadt, in der Frau Garlau lebt, bleibt uns ein Ort
1832 1585 2819 1645 ohne rechte Physiognomie.. Die Hauptstadt, in die
1834 1634 2822 1674 sie ihre Sehnsucht treibt, ist Wien. Aber wenn
1841 1676 2821 1731 wir statt Volksgarten und Votivkirchen, Hydepark
1839 1720 2824 1777 und Tower setzen, so könnte es ebensogut London
1851 1769 2812 1817 sein. — Wie blasse Schemen erscheinen die Ver¬
1843 1810 2819 1862 wandten und Bekannten, deren engumgrenztes
1834 1845 2828 1895 Leßen Frau Bertha festhält. Schwager und
1842 1890 2825 1943 Schwägerin, ein wunderlicher junger Anbeter, ein
1836 1936 2825 1984 resignierender Krüppel, sie alle tauchen wie aus
1833 1983 2821 2037 bleichen Nebeln undeutlich auf. Wenn wir ebenso
1840 2017 2825 2076 spät und ebenso plötzlich wie die Heldin erfahren,
1835 2063 2824 2114 dass sie Alle doch recht ruppige Charaktere sind,
1839 2111 2811 2165 so lässt uns diese Entdeckung kühl bis ans Herz
1839 2143 2834 2201 hinan. Blieben sie uns doch insgesamt fremd und
1841 2191 2828 2239 fern; fremd wie jene seltsame Frau Rupius, die
1840 2232 2814 2290 Gattin des Gelähmten, deren geheimnisvolle Liebes.
1833 2286 2828 2332 abenteuer mit 30 zwingender, verlockender Gewalt
1834 2314 2824 2376 in Frau Berthas stilles Dasein eingreifen. — Fremd
1838 2358 2819 2419 bleibt auch jener berühmte, verwöhnte Geigen¬
1840 2408 2817 2463 virtuos, der einst als Student mit der jungen Bertha
1838 2455 2820 2512 tändelte und an dessen Seite die reife Frau jetzt
1834 2492 2818 2550 mit übermächtiger Gewalt gerissen wird. — Will
1838 2551 2819 2594 uns Schnitzler wirklich glauben machen, dass diese
1839 2590 2816 2635 ehrbare Witwe und zärtliche Mutter eines blonden
1823 2620 2823 2676 Buben sich plötzlich einem eitlen Musikanten ohne
1828 2664 2814 2722 alle innere oder äussere Notwendigkeit an den Hals
1968 2709 2821 2755 — Hier gähnen Klüfte und Abgründe, über
1835 2709 1959 2766 wirft:
1834 2755 2814 2807 die selbst die feine Kunst eines Poeten von
1835 2797 2822 2858 Schnitzlers Rang keine Brücken zu schlagen wusste.
2494 2842 2784 2907 (Schluss folgt.)
2735 2896 2850 2956 —
