3484 4352
1920 256 2405 352 box 20/3
270 274 1868 356 14. Der Schleier der Beatrice
1691 876 1793 963 435
965 989 2544 1051 Der Kampf des Helden geht mit Nachdruck wider Jansen, — der Kritiker „steht auf¬
960 1055 2540 1100 gerichtet, bleich, in starrem Fanatismus“. Man schüttelt den Kopf. Das Wichtigste
952 1098 2536 1146 des Erlebnisses wird ihm wohl das Erlebnis mit Rosenberg gewesen sein. Die
966 1140 2540 1196 wesentlichere Erfahrung ist der Befreundete, der umfällt, nicht ein Kritisierter, der
976 1173 2416 1243 sich rächen will. An diesem nachdenklichsten Punkte geht das Werk vorbei.
1080 1232 1980 1282 Der Direktor (im Stück) bekennt sein Unrecht.
1090 1249 2542 1321 Was für Herrn Rosenberg und die andern Römer bleibt, ist die Erinnerung,
964 1305 2543 1359 vor einem Jansen ins Mauseloch geschlüpft zu sein. Und die Aussicht: daß eines
960 1346 2546 1405 Tags etwan ein Dichter kommt, ihre Schwäche zu verewigen, dem kompakt
963 1405 2557 1470 Majorisierten aber in einem, wennschon durchfallenden Stück die Palme zu reichen.
1085 1445 2133 1519 Etsch! Ecoutez le poête! Ecoutez le réveur sacré!
1686 1601 1802 1696 IV.
1092 1665 2543 1754 Aus dem Vorstehenden ergiebt sich, daß ich nicht maßgebend sein kann für
956 1734 2536 1807 die Beurteilung dieser Arbeit: als ein Kritiker, dem schon ähnliches widerfuhr.
969 1781 2542 1846 Dem Dichter fehlte die Distanz zum Stoff; dem Kritiker fehlt sie zum Stück.
971 1831 2543 1890 Immerhin rafft er sich zusammen; sagt nach bestem Wissen, es sei das leerste und
962 1866 2551 1933 mißlungenste von allen Werken dieses Schriftstellers. (Besonders der Held ist
962 1931 1171 1994 windig.)
1094 1931 2546 2019 Doch scheut er sich nicht Folgendes hinzuzufügen. Im Vater des Helden
975 2006 2551 2067 liegt sehr Schönes, wohl nicht nur für Beteiligte. Dieser hohe Sechsziger, ganz
965 2045 2555 2108 liebendes Familienhaupt, zermürbter Redakteur, der einst in Chemnitz einen Patrotlos
975 2091 2556 2151 spielen ließ, durch Jahre das Joch trug, — schließlich aber, meine Teuren, für die
976 2156 2550 2202 Freiheit erwacht und gegen die Banausen kämpft: herrlich ist er. Ja, es rührt
969 2181 2552 2243 an die Seele, wenn der Greis vom Tisch aufsteht, in Gedrücktheit, und aus dem
965 2239 1293 2307 Innersten sagt:
1097 2275 1603 2337 „Man muß protestieren.“
1096 2291 2548 2374 Wär' ich maßgebend, ich bekämpfte einige Rezensionen. Fritz Goldner hat
974 2350 2554 2419 ein Drama verfaßt. Man schrieb: vielleicht war es schlecht. Und: er streite nicht
975 2401 2554 2473 für ein allgemeines Gut, sondern für sich. Für sich? O Sodom, Babylon und
975 2445 2555 2509 Gehenna! Tell mordete bekanntlich Geßlern, weil einem fremden Kind der Apfel
968 2489 2550 2550 auf den Kopf gelegt war. Kohlhaas empörte sich bekanntlich, weil fremde Gäule
964 2533 2558 2583 verschwunden waren. Julius Harts leuchtende Sachlichkeit rührt mich zu Thränen.
966 2589 2554 2638 Keusch sein; diskret selber darauf hinweisen; in Zurückhaltung bloß, aber auch
977 2647 2558 2683 bloß für die Andren schaffen, ihre Werke mit Idealismus beschauen, der Leib
980 2662 2557 2734 förmlich besät mit Bethlehemorroiden, das sittliche Bewußtsein auf der linken Hand¬
982 2715 2375 2790 fläche: verehrungswürdig ist ein solches Schauspiel. Mein Taschentuch!
1092 2745 2545 2826 Vergeßt nicht, daß die sogenannte Sittlichkeit auch zum Nutzen des Ein¬
966 2797 2546 2870 zelnen da ist; daß sie ja aus dem Bedürfnis vieler Einzelner entsprang; daß nichts
967 2854 2549 2917 daran liegt, wie groß der Gegenstand eines strittigen Rechts ist; daß alles daran
966 2902 2562 2949 liegt, wie groß er für den Kämpfer ist; daß es gleichgiltig im bestimmten Fall ist,
973 2952 2561 2995 ob das Stück faul oder gut war; daß es gleichgiltig ist, ob die Kohlhaasischen
975 2974 2557 3039 Pferde billig oder teuer waren; kurz: daß eine Rechtsfrage zur Erörterung
975 3035 1668 3105 steht, nicht sowohl eine Kunstfrage.
1093 3062 2552 3145 Wär' ich maßgebend, ich schriebe noch Einiges. Hart schilt den Kritiker
968 3115 2546 3186 in der Komödie gehässig. Er ist es nicht. Er mag es ruhig sein. Bloß wünsch'
979 3161 2557 3228 ich ihm: er sei nicht versteckt gehässig; er sei nicht sittlich gehässig; er sei nicht
980 3211 2562 3275 nazarenisch gehässig; er sei vielmehr ganz frech gehässig. Er gebe als Kritiker (was
980 3282 2560 3312 uns recht himmlisch dünkt): die Kritik des Hasses und der Liebe, temperiert durch
975 3295 2562 3367 historische Gerechtigkeit. Davidsbündlerkritik, die gleich dem biblischen König zwei
972 3337 2557 3403 Werkzeuge liebt: die Schleuder und die Harfe. Er krieche nicht in den Autor
979 3383 2562 3445 hinein: sondern stelle der Persönlichkeit des Autors die eigne gegenüber. Er mühe
974 3447 2560 3500 sich in allen Unternehmungen, das beste Deutsch in Deutschland zu schreiben. Und
976 3476 2322 3542 er mühe sich, über ein Kunstwerk nur durch ein Kunstwerk zu richten.
1096 3528 1557 3603 Gehässig mag er sein.
2263 3552 2372 3631 28*
