3484 4256
1925 177 2411 268 box 20/4
277 169 1806 285 14. Der Schleier der Beatrice
407 1242 3342 1303 Deutlichkeit der Dinge heraussuchen, dann ist eigentlich harmlosen Geschichte ergrimmt der Dichter Filippo aufs! kann sich der anspruchsvollste Mann und Dichter nicht!
431 1296 2365 1347 der Reiz des Symbols schon vorbei. Es gibt in höchste, ihn ekelt vor der noch eben so heiß Geliebten,
2348 1299 3337 1358 mit einem jungen Weibe beruhigen, das aus der
432 1333 3334 1376 einem anderen, berühmten, Drama, im „Othello“ von er sagt ihr die fürchterlichsten Worte und weist ihr die Herzogspracht davonläuft und zu dem Geliebten eilt,
426 1366 1401 1415 Shakespeare, etwas scheinbar viel Prosaischeres als
1398 1373 3333 1445 Tür. In dieser Stimmung ist sie in das Elternhausl um mit ihm zu sterben? Und was für ein Dichter
431 1399 1395 1456 einen Schleier, nämlich ein Taschentuch, allerdings
1386 1410 2357 1460 zurückgekehrt, hat die Bewerbung eines anderen Lieb¬
2355 1416 3326 1479 muß der Filippo gewesen sein, wenn er nicht den
433 1439 1404 1490 auch das Brautgeschenk des liebenden Mannes an die
1392 1444 2359 1498 habers endlich erhört und sich entschlossen, ihm zum
2353 1450 3335 1513 Seelenzustand des armen Kindes begreift, das von
425 1490 1389 1537 1 Geliebte; aber von welcher furchtbaren aus Symbol
1387 1485 3325 1549 Altar zu folgen. Da tritt, wie schon erzählt, der dem Geliebten listig übertölpelt und ohne vorherige
422 1524 1401 1585 und Wirklichkeit gemischten Bedeutung wird Desdemonas
1388 1528 2377 1590 Herzog auf, ist geblendet von der seltenen Schönheit
2360 1532 3327 1583 Ankündigung der entscheidenden= Tat nun auf einmal
433 1565 1397 1616 Taschentuch bei Shakespeare! In Arthur Schnitzlers
1386 1570 2368 1629 des Mädchens, begehrt sie für diese letzte Nacht zu
2358 1578 3329 1625 erfährt, es habe aus einem Weinbecher den Tod
434 1600 1397 1655 Schauspiel dient der Schleier, abgesehen von seinem sehr
1394 1609 2368 1660 seiner Geliebten, macht sie aber zur Herzogin, als
2360 1601 2592 1672 getrunken?
183 1603 408 1681 " 8. März.
421 1631 1396 1695 wirkungsvollen Anblick auf der Bühne, zu nichts Höherem,
1396 1646 2367 1703 Beatrice darauf besteht, am nächsten Morgen nicht als
2411 1644 3328 1724 Das Stück ließ kalt und mit Recht; aber zum
164 1661 433 1740 Schleier der
440 1683 1400 1727 als zur Herbeiführung einer ganz gewöhnlichen Ent¬
1392 1682 2359 1744 seine Dirne angesehen zu werden. Vom herzoglichen
2356 1678 3330 1761 Zischen gab es wirklich keinen Anlaß. Es ist das
180 1715 434 1782 von Arthur
440 1721 1393 1774 deckung des Aufenthaltes seiner Trägerin in einem
1385 1725 2353 1776 Hochzeitsmahle flieht sie zu ihrem einstigen Geliebten,
2353 1732 3335 1795 Werk eines Dichters, der sich im Stoff vergriff oder
426 1755 1390 1811 anderen Hause als dem des Schenkers des Schleiers.
1393 1768 3335 1833 um mit ihm gemeinsam zu sterben. Durch ihren frei=der seine dichterischen Absichten nicht so klar aus¬
162 1794 1390 1850 Glück gewesen Diese Entdeckung hätte auch auf jedem anderen Wege
1393 1805 2353 1856 willigen Opfertod will sie ihm beweisen, daß er sie
2353 1820 3317 1873 gesprochen, daß auch wir anderen sie verstehen konnten,
163 1834 1388 1891 den spärlichen herbeigeführt werden können. Durch die Benennung
1384 1838 2359 1889 mit Unrecht als seiner unwürdig von sich gestoßen.
2355 1847 3319 1907 die wir doch in der Mehrzahl keine Dichter sind, auch
158 1877 1389 1927 Ers nach dem des Stückes nach dem Schleier wird also die Auf¬
1381 1877 2355 1926 Filippo führt ein Possenspiel mit ihr auf, läßt
2357 1896 3324 1954 nicht zum Dichtersein verpflichtet sind. Stücke dieser
162 1903 449 1970 te, denn ohne
434 1911 1398 1978 merksamkeit des Zuschauers auf einen Punkt gelenkt,
1393 1917 3321 1994 sie einen Becher Weines trinken und sagt ihr auf Art, wenn sie von einem so liebenswürdigen Dichter
158 1950 1401 2008 kten wir heutej der von ganz nebensächlicher Bedeutung für Inhalt
1392 1951 3327 2007 einmal, sie habe den Tod daraus getrunken und be= wie Arthur Schnitzler herrühren, sollten mit achtungs¬
157 1993 1399 2043 prechen. Das und Wert des Stückes ist, und dies ist unter allen
1392 1996 3338 2090 schimpft sie zum zweiten Mal, als sie unter den plötz= vollem Schweigen oder mit sanftem, achtungsvollem
156 2035 449 2079 Dem bekannten!
427 2026 928 2091 Umständen ein Stilfehler.
1384 2033 2348 2087 lichen Schauern des Todes die Fassung verliert. In
2356 2052 2914 2119 Beifall aufgenommen werden.
156 2067 439 2122 den verstärkten
490 2064 2363 2134 Oder sollte ich mich geirrt haben, und sollte der ihrem Becher war gar kein Gift gewesen nur in seinem,
158 2098 2353 2169 befriedigenden Dichter mit dem Schleier der Beatrice symbolisch den und nach einigen weiteren heftigen Worten, die den
2413 2101 3330 2171 Vielleicht wäre der Erfolg dennoch äußerlich
161 2143 1393 2198 Künstlers mit holden Irrtum der Jugend und Arglosigkeit der
1389 2156 2361 2212 Zuhörer durch ihre Ungerechtigkeit und Roheit ver¬
2346 2137 3324 2213 stärker gewesen, hätten nicht einige der wichtigsten
149 2186 1385 2240 chen, der sich Heldin angedeutet haben? Auch dann hätte er etwas
1388 2183 2352 2242 letzen, stürzt Filippo entseelt zu Boden. — Alles, was
2347 2190 3314 2236 Darsteller so gut wie ganz versagt. „Der Schleier der
159 2229 1384 2295 Einspruch zu deutlicher werden sollen, denn diese feinen Beziehungen
2345 2227 3324 2287 Beatrice“ ist ein Stück, das nicht gesprochen, sondern
1382 2228 2353 2285 dieser merkwürdige Dichter im Namen und Auftrage
155 2272 1242 2330 adezu alberne, fkamen den Zuhörern nicht zum Bewußtsein.
2350 2265 3314 2316 deklamiert werden will; deklamieren aber können
1384 2260 2351 2322 des Dichters Arthur Schnitzler an großwortigen
495 2311 1390 2357 Veatrice ist die engelschöne Tochter armer Eltern
2354 2310 3322 2353 einige der besten Schauspieler des Deutschen Theaters
1386 2311 2357 2363 Redereien zum Besten gegeben hat, läßt uns kalt und
155 2330 1387 2403 Enleitung, daß in Bologna irgend einmal im sechzehnten Jahrhundert
2349 2342 3335 2404 nicht mehr so z. B. Herr Rittner und Herr Basser¬
1378 2348 2353 2407 läßt uns gar sehr an der dichterischen Bedeutung des
151 2370 1401 2431 de sein kann. unter irgend einem uns ganz unbekannten Herzog
2349 2380 3339 2434 mann. Gerade durch den Widerstreit zwischen der
1378 2378 2352 2440 Dichters Filippo zweifeln, wie es ja überhaupt ein sehr
150 2423 1389 2470 t so oft über und zur Zeit einer der zahllosen italienischen Städte¬
2344 2424 3333 2497 getragenen Sprache der Dichtung und der Alltagsrede
1385 2425 2352 2480 mißliches Ding ist, uns auf der Bühne einen Dichter
151 2464 1394 2511 en, wie etwa fehden. Bologna wird wieder einmal von einem der
2343 2466 3325 2511 einiger Schauspieler, zu denen leider auch Frau
1394 2470 2350 2521 als Dichter vorzuführen und uns an ihn glauben zu
150 2501 1397 2559 r das gereicht gewaltigen Eroberer des sechzehnten Jahrhunderts
1383 2486 2357 2565 machen. Das ist nur ein einziges Mal in aller Welt¬
2348 2497 3327 2557 v. Pöllnitz gehörte, entstand eine Stilwidrigkeit, die
153 2543 2352 2598 Ineswegs zum bedrängt, von einem Borgia, die Stadt ist in der literatur einem Dichter gelungen: dieser Dichter hieß
2349 2527 2719 2593 sehr peinlich wirkte.
167 2573 2363 2646 ft dichterischer höchsten Not, denn schon morgen droht der Feind sie Goethe und der von ihm geschilderte Dichter ist Tasso.
2404 2586 3321 2645 Arthur Schnitzler wurde nach jedem Akt dem
145 2599 435 2675 Er zwei Jahren
424 2606 1399 2672 zu stürmen, und voll bangen Schreckens sehen die
1382 2617 2360 2669 Bei Arthur Schnitzler kommt nichts weiter heraus als!
2337 2626 3333 2700 Widerspruche der Zischer zum Trotz vor den Vorhang
148 2647 435 2708 ble Umstände
420 2658 1395 2717 Bürger Bolognas den nächsten Stunden entgegen.
1380 2662 2358 2710 ein arg verdrehter Mann, an dem der kundige Arzt
2347 2653 3322 2714 gerufen; er ist aber ein viel zu kluger Mann, um nicht
429 2693 1396 2737 Da verbreitet sich durch die Stadt das Gerücht, ihr
1374 2694 2346 2756 vielleicht alle Zeichen der Hysterie entdecken würde, der
2354 2699 3322 2778 selbst die Unechtheit dieser Theaterhuldigung empfunden
427 2732 1384 2786 Herzog wolle die letzte Nacht seines Lebens oder doch
158 2615 425 2789 EUNN
1383 2738 2347 2814 dichtungskundige Zuhörer aber keinen Dichter ent¬
2344 2740 2560 2816 zu haben.
3133 2744 3293 2813 E. E.
1379 2772 1647 2837 decken kann.
147 2761 1383 2831 Nacktheit. seiner Herrschaft mit der schönsten Tochter Bolognas
145 2799 424 2861 Schnitzler dies¬
417 2823 1403 2873 zubringen. Der freundliche Bühnenzufall fügt es, daß
1446 2807 2363 2885 Wie dann der zurückgelassene Schleier im letzten
2365 2814 2856 2911 00—
140 2840 423 2902 aus dichterisch
413 2849 1381 2899 der Herzog bei seinem nächtlichen Gange durch die
1391 2849 2355 2905 Akt zur Entdeckung des Liebesverhältnisses zwischen¬
147 2891 426 2942 t kommt nicht
421 2880 1381 2942 Stadt gerade vor das Haus der Beatrice
1378 2893 2364 2944 so schnell zur Herzogin erhobenen Beatrice und dem
148 2914 424 2983 Schnitzler seine
412 2927 1384 2996 kommt und des schönen Mädchens ansichtig wird,
1381 2927 2367 2999 jetzt tot daliegenden Dichter führt, das hat für den
164 2951 426 3027 verstehen wir
417 2967 1388 3016 just in dem Augenblick, wo sie, von ihrem
1379 2966 2361 3035 Zuhörer gar keinen Spannungsreiz mehr, wie uns
146 2986 429 3060 ingen. „Der
419 3010 1394 3064 Bruder geführt, an der Seite ihres Bräutigams
1389 3019 2382 3074 auch die Erdolchung der armen Beatrice durch ihren
153 3030 418 3100 auf der Hand
412 3041 1383 3095 zu nächtlicher Stunde in die Kirche gehen will, um
1377 3042 2381 3110 Bruder Francesco, Soldat und brav genau wie
416 3071 1387 3135 sich dort zu vermählen. Es ist keine Ehe aus Liebe,
163 3079 439 3147 i meisten Zu¬
1384 3088 2373 3134 Valentin im Faust, nicht im geringsten berührt. Der
171 3131 1392 3178 schleierhaft. sondern eine aus Verzweiflung: Beatrice hat drei
1375 3131 2375 3189 ganze Reiz des Stückes, soweit es überhaupt einen
152 3163 1384 3214 Schleie., also Abende hinter einander in den Armen des Dichters
1389 3173 2372 3240 besitzt, ist mit dem Verhältnis zwischen Filippo und
153 3195 421 3253 de ein anderes
418 3185 1382 3254 Filippo gelegen und nur durch eine ihr unbegreifliche
1375 3196 1749 3266 Beatrice erschöpft.
143 3233 415 3295 Schenkers, des
418 3235 1386 3289 Aufwallung des Zornes ihres Geliebten ist sie von
1442 3245 2366 3305 So oft Filippo in dem Schauspiel von
147 3269 422 3331 s dem großen
420 3273 1391 3328 ihm verstoßen und geradezu aus seinem Hause gejagt
1382 3273 2368 3350 Schnitzler den Mund auftut zu einer seiner
141 3307 417 3372 ll der Schleier
420 3310 1384 3368 worden. Das sechzehnjährige Kind hat in einer
1385 3324 2374 3371 wortreichen Klagen und Anklagen, haben wir
417 3356 1381 3407 zärtlichen Stunde ihrem Geliebten in aller Unschuld
150 3348 422 3416 aben? Wenn
1373 3370 2366 3423 Nichtbeteiligten nur das Gefühl: Wozu der
415 3396 1390 3446 erzählt, daß sie geträumt, der Herzog habe ihr liebend
158 3387 427 3448 hrter Dichter!
1377 3406 2362 3465 ganze Lärm? Ist es ein so großes Verbrechen,
152 3443 2355 3495 beabsichtigtes zugelächelt und sie an seiner Hand durch einen langen daß ein sechzehnjähriges Ding einen noch dazu ganz
160 3472 2374 3552 der gemeinen Gang geleitet, und dann sei sie aufgewacht. Ob dieser unschuldigen Traum von seinem Herzog träumt? Und
