3484 4256
329 2234 435 2305 14
816 89 863 145 10
515 105 669 167 105
387 153 1834 219 I. österr. behördl. conc. Bureau für Zeitungsberichte u. Personalnachrichten
581 218 1671 309 Wien. IX, Türkenstrasse 17.
800 294 1472 379 Filiale in Budapest: „Figyeló“ —
394 361 1843 438 Vertretungen in Berlin. Chicago, Genf, London,Newvork, Paris, Rom, Stockholm.
975 413 1513 486 SUISCRG PSO
387 490 929 572 Ausschnitt aus:
396 622 1030 722 Nex /5./016 00
585 822 1552 977 Kunst und Wissenschaft.
715 971 1626 1032 Direktor Schlenther ist ein Pechvogel.
550 1012 1630 1074 Man könnte mit ihm beinahe Mitleid haben. Was
564 1054 1621 1112 immer er thut, es wird ihm zum Unglück. Niemandem
561 1088 1634 1176 kann er's recht machen, weder den Jnden, noch den
565 1143 1625 1207 Christen, weder der älteren Burgtheatergemeinde, noch
552 1190 1628 1249 der jüngeren, wenn es eine solche überhaupt gibt. Er
552 1234 1640 1293 mag noch so viele Stücke jüdischer Antoren annehmen
552 1270 1627 1328 und zur Aufführung bringen, es will sich halt kein
560 1311 1632 1356 freundschaftliches Verhaltniß zwischen ihm und der
562 1356 1607 1421 Wiener Burgtheaterkritik spinnen. Seine Stellung als
568 1391 1609 1461 Direktor des Burgtheaters ist wie verhext. Herzl,
561 1428 1613 1507 Schnitzler, Hofmanusthal, sie Alle sind
430 1438 539 1508 Für
1620 1447 1809 1527 inclusive
547 1485 1610 1540 1 seine Schoßkinder, er behütet sie wie seinen Aug¬
1630 1508 1789 1559 Porto
459 1519 1791 1595 „ c apfel, und dennoch will er Chor der Unzufriedenen Zanlbar
554 1569 1796 1624 nicht verstummen. Immer wieder findet sich Stoff im Vorau
461 1575 507 1625 „
455 1604 1622 1679 . 10 zu nörglerischem Uebelwollen, ob nun Herr Kainz
1591 1666 1772 1714 itte ist
409 1689 1773 1758 Abonn spielt oder nicht spielt, ob Herr Herzl, Hof= stcht es
1604 1745 1701 1802 ern.
405 1740 1597 1791 Abenn mannsthal oder Schnitzler sechs= oder gar
543 1774 1588 1835 siebenmal in der Woche auf dem Spielplan steht.
535 1826 1583 1886 Jetzt haben sich die Burgtheaterkritiker der Wiener
1593 1808 1781 1887 ithaltend
1609 1874 1790 1923 Morg
406 1848 1591 1925 Inhal Judenblätter gar bemüssigt gefühlt, einen geharnischten
1586 1906 1791 1969 der Zeitur
406 1908 1589 1971 plüt Protest gegen den armen Direktor des Manscholeums“
415 1948 1781 1999 wodurcauf dem Franzensring loszulassen. Was war der stliche Lei
416 1989 1798 2058 des  Anlaß? Direktor Schlenther hatte ein Stück von Vittheilun
424 2044 993 2097 veraei Arthur Schnitzler
1038 2044 1580 2106 „Der Schleier der Beatrice“
596 2087 1597 2151 abgelehnt! Allerdings unter ganz besonderen
528 2118 1013 2189 Umständen abgelehnt.
1043 2136 1600 2188 Er hatte es nämlich
538 2156 1239 2232 erst abgelehnt, nachdem er es
1297 2164 1594 2227 Hilflosigkeit,
536 2213 1596 2275 dein Name ist Schleuther — vorher angenommen
531 2249 1592 2320 gehabt hatte. Dem langen, langen, von den Herren
730 2294 918 2355 Baue
532 2293 648 2345 Ba
1371 2293 1592 2358 David,
1114 2300 1323 2356 schfeld,
525 2343 1589 2394 Salten und Speidel unterzeichneten Pro est
525 2383 1609 2434 zufolge, hätte Direktor Schlenther das Stück
533 2419 910 2477 in einem vom
1032 2416 1596 2484 Februar dieses Jahres
525 2461 1593 2524 datirten Schreibebrief an Herrn Schnitzler als
524 2495 1584 2558 ein angenommenes behandelt, B setzungsvorschläge
529 2553 1593 2599 gemacht und erklärt, er wünsche das Recht der ersten
523 2598 1587 2653 Aufführung; außerdem hätte er die Meinung aus¬
526 2634 1589 2697 gesprochen, daß nur das Burgtheater dieses Stück
529 2678 1589 2739 spielen könne. Dann soll er den Autor— man denke:
532 2720 1031 2776 einen Arthur Schnitzler!!
1090 2712 1589 2781 vier ganze Monde ohne
520 2772 1587 2838 Nachricht gelassen haben, um erst am 17. Juni gegen
527 2800 1575 2846 die Erfolgsmöglichkeit des Stückes Bedenken zu
525 2843 1582 2893 erheben, die er früher nicht gehabt hatte. Zugleich soll
530 2892 1586 2948 er in demselben Schreiben den Autor auf das Früh¬
526 2935 1587 2975 jahr 1901 vertröstet haben, und als Herr Schnitzler
512 2969 1576 3031 am 1. d. M. einen Aufführungstermin begehrte und
506 3012 1585 3063 dabei eine Frist über das Frühjahr 1901 hinaus zu¬
511 3052 759 3112 gestand, so
774 3051 1576 3117 1Direktor Schleuther dieses freundliche
513 3103 1572 3142 Entgegenkommen schnöde mit einer Ablehnung beant¬
522 3142 1588 3202 wortet haben. „Das ist freilich ärgerlich, aber nicht
519 3179 1576 3229 für mich!“ mochte sich der eine oder anderr „Pro¬
522 3225 1579 3290 testant“ gedacht haben, aber er protestirte mit, weil
505 3272 1567 3333 ihm am Ende sonst vielleicht auch einmal ein ähnliches
520 3318 1570 3374 Schicksal widerfahren könnte. Eines ist über jeden
522 3351 1579 3420 Zweifel erhaben: korrekt war das Vorgehen des Herrn
516 3397 1558 3443 Schlenther nicht, oder wenn schon nicht unkorrekt, so
507 3436 1573 3497 doch ganz bestimmt bodenlos ungeschickt! Freilich darf
504 3488 1574 3529 man mit Herrn Schlenther nicht so strenge in's Gericht
506 3520 1576 3591 gehen. Bei ihm, der von so vielen Gnaden abhängig
519 3558 1567 3631 ist, weiß man nie, was auf seine eigene Initiative
498 3613 1564 3669 zurückzuführen ist, und man kaun Tausend gegen Eins
500 3655 1559 3710 wetten, daß auch die Ablehnung des Schnitzler'schen
511 3697 1566 3754 Stückes durch Einflüsse von außen bestimmt worden
505 3731 1574 3802 ist. Doch sei den wie immer: sachlich haben die
505 3772 1559 3844 Herren Protestänten“ vollkommen recht, wenn sie
507 3812 1569 3875 gegen eine solche Behandlung eines Autors, wie sie
506 3863 1561 3923 Schnitzler durch die Direktion Schlenther erfahren hat,
521 3901 1431 3957 öffentlch Stellung nehmen. Es fragt sich nur,
497 3939 1561 4027 bei einem anderen dramatischen Schriftsteller im
504 3992 1330 4056 gleichen Falle das gleiche gethan hätten...
2327 1210 2736 1277 Telefon 12801.
1965 1319 3208 1385 x „Weigl’s Unternehmen für Zeitungs-Ausschnitte
1861 1292 1987 1421 4
2880 1381 3065 1455 Ausschnitt
1970 1393 2164 1460 100
2191 1396 3209 1527 „OBSERVER“ Nr. 32
1799 1530 3254 1606 I. österr. behördl. conc. Bureau für Zeitungsberichte u. Personalnachrichten
1992 1601 3084 1687 Wien, IX, Türkenstrasse 17.
2196 1675 2859 1759 Filiale in Budapest: „Figyelé“
1808 1740 3247 1831 Vertretungen in Berlin, Chicago, Genf, London, Newyork, Paris, Rom, Stockholm.
1811 1827 3276 2021 b Aue Rederdan,
1804 2011 2464 2135 vord 15 h 4900
2699 2011 3177 2223 Guropf
2095 2515 3152 2582 Het Burgtheater te Weenen heeft een nieuw stuk van
2063 2575 3149 2635 Arthur Schnitzler Der Schleier der Beatrice, dat het vroeger
2065 2608 2677 2655 had aangenomen, teruggestuurd.
2095 2626 3183 2703 Hugo von Holmannsthal heeft een aangeboden stuk Das
2059 2652 2738 2744 Bergwerk von Falun teruggenomen.;
2718 2688 3153 2784 ce e 0
2246 2764 2801 2844 Bezugs-Bedingungen.
1820 2808 2982 2899 Für 50 Zeitungsausschnitte (Artikel oder Notizen). Kr. 15.—
1900 2871 2005 2918 100
2844 2835 3193 2951 28 — inclusive
3027 2903 3186 2956 Porto.
1900 2911 2014 2957 200
2846 2923 2956 2969 50.—
3011 2944 3194 2996 Zahlbar
1910 2949 2013 2995 500
2797 2953 2981 3015 „ 110.—
1854 2983 2029 3046 „ 1000
2782 2980 3224 3065 „ 200.—] im Voraus.
1909 3034 3244 3114 Im Gegensatze zu anderen Bureaux für Zeitungsausschnitte ist das
1789 3097 3240 3153 Abonnement durch keine bestimmte Zeitdauer begrenzt; — auch steht es den
1791 3126 3081 3191 Abonnenten frei die aufgegebenen Themen zu ergänzen oder zu ändern.
1917 3199 3238 3283 Der „OBSERVER“ veranstaltet täglich einen Auszug enthaltend die
1790 3243 3241 3296 Inhaltsangabe aller wichtigen Mittheilungen der Wiener Morgen¬
1796 3291 3230 3362 blätter (Tagesjournale ausser „Neue Freie Presse“ und „Wiener Zeitung“)
1800 3339 3238 3388 wodurch eine Uebersicht über das gesammte politische und wirthschaftliche Leben
1791 3383 3245 3447 des In- und Auslandes in drastischer Kürze geboten wird. Diese Mittheilungen
1800 3409 2605 3469 werden in Wien um 9 Uhr Früh verschickt.
2086 3490 2921 3567 Prospecte gratis und franco.
