3436 4256
278 92 1931 215 14. Der Schleier der Beatrice
889 956 1298 1015 Telefon 12801.
597 1035 1623 1106 Unternehmen für Zeitungs-Ausschnitte.
1490 1107 1671 1178 Aussehnitt
764 1127 1776 1269 „OBSERVER“ Nr. 68
368 1263 1831 1326 L. Esterr. behördl. cenc. Bureau für Zeitungsberichte u. Personalnachrichten
553 1319 1650 1425 Wien, IX/1, Türkenstrasse 17.
782 1404 1435 1494 Filiale in Budapest: „Figyelé“
464 1480 1733 1570 Vertretungen in Berlin, Chicago, London, Newyerk, Paris, Stockholm.
372 1598 899 1697 Ausschnitt aus:
615 1669 901 1800 670%
377 1745 618 1824 vom
677 2089 1624 2193 * Ein Berliner Blatt bringt die Nachricht, Arthur
555 2139 1613 2235 [Schnitzler habe ein neues Stück „Die Gouver¬
592 2213 1630 2279 nante“ geschrieben und dem Deutschen Volks¬
600 2265 1622 2318 thrater übergeben. — Auf Grund unserer Informa¬
587 2310 1616 2377 tionen erscheint diese Meldung als unbegründet, zu¬
600 2352 1633 2415 mindestens aber als verfrüht. In Schnitzler nahestehenden
590 2400 1632 2469 Kreisen weiß man von diesem Stücke nichts. — Schnitzler's
586 2447 1623 2510 Schauspiel „Der Schleier der Beatrice“ wird
580 2491 1637 2579 am Burgtheater Ende Februar zur Aufführung gelangen.
822 2996 1390 3082 Bezugs-Bedingungen.
364 3048 486 3146 For
488 3061 1551 3152 50 Zeitungsauschnitte (Artikel oder Notizen) fl. 7.50
1571 3071 1761 3153 inclusive
1403 3114 1543 3164 14.—
471 3113 567 3162 100
1587 3138 1743 3190 Porto.
1410 3153 1521 3214 25.—
424 3136 581 3209 „ 200
1403 3174 1747 3237 55.— f. Zahlbar
409 3198 576 3250 „ 500
1353 3207 1783 3295 „ 100.—) im Voraus.
397 3235 576 3298 „ 1000
502 3252 1822 3358 Im Gegensatze zu anderen Bureaux für Zeitungsausschnitte ist das
387 3332 1833 3405 Abonnement durch keine bestimmte Zritdauer begrenzt; — auch stcht es den
388 3370 1684 3447 Abonnenten frei die aufgegebenen Themen zu ergänzen oder zu ändern.
1950 117 2399 222 box 20/1
2355 1073 2765 1157 Telefon 12801.
1899 1174 3240 1269 Alex. Weigl's Unternehmen für Zeitungs-Ausschnitte
2911 1245 3103 1319 Ansschnltt
2227 1283 3239 1416 „OBSERVER“ Nr. 75
1826 1379 3289 1475 I. österr. behördl. conc. Bureau für Zeitungsberichte u. Personalnachrichten
2039 1452 3125 1567 Wien, IX/1, Türkenstrasse 17.
2231 1539 2926 1635 Filiale in Budapest: „Figyelö“ —
1838 1623 3285 1685 Vertretungen in Berlin, Chicago, Genf, London, Newyork, Paris, Rom, Stockholm.
1833 1745 2389 1843 Ausschnitt aus:
2837 1770 3114 1886 Wien
2374 1795 2582 1916 Die
1839 1886 2386 1997 No ½% 00
2251 2361 3183 2421 Schnitzler scheint mit dem Burg“heuter
2139 2399 3169 2465 gänzlich gebrochen zu haben. Seine neuesten Einacter
2140 2455 3179 2516 hat er dem Volkstheater übergeben. Besonders Eingeweihte
2139 2499 3170 2561 wollen wissen, dass dem Dichrer im Burgtheater auf
2140 2552 3164 2622 die Winke massgebender Persönlichkeiten hin, Schwierig¬
2132 2598 3185 2665 keiten gemacht werden. Die Geschichte vom „Schleier
2133 2638 3186 2710 der Beatrice“ ist vorderhand noch sehr verschleiert.
1884 2704 3005 2799 Für 50 Zeitungsausschnitte (Artikel oder Notizen). Kr. 15.—
2894 2695 3266 2820 28 — inelusire
1977 2763 2075 2811 100
3085 2768 3240 2817 Porto.
2905 2793 3047 2835 50.—
1976 2804 2084 2850 200
3083 2800 3257 2860 Zahlbar
2853 2830 3034 2892 „ 110.—
1972 2841 2091 2888 500
2676 2801 2758 2889 2
2596 2838 2643 2899 „
1929 2857 1974 2904 „
2855 2834 3279 2936 200.— im Voraus.
2687 2883 2766 2929 „
1923 2875 2103 2953 „ 1000
1977 2907 3303 2993 Im Gegensatze zu anderen Bureaux für Zeitungsausschnitte ist das
1866 2967 3304 3018 Abonnement durch keine bestimmte Zeitdauer begrenzt; — auch steht es den
1866 3001 3170 3092 Abonnenten frei die aufgegebenen Themen zn ergänzen oder zu ändern.
1976 3066 3319 3153 Der „OBSERVER“ veranstaltet täglich einen Auszug enthaltend die
1878 3134 3317 3191 Inhaltsangabe aller wichtigen Mittheilungen der Wiener Morgen¬
1887 3167 3307 3234 blütter (Tagesjournale ausser „Neue Freie Presse“ und „Wiener Zeitung“)
1879 3212 3301 3260 wodurch eine Uebersicht über das gesammte politische und wirthschaftliche Leben¬
1890 3253 3312 3319 des In- und Auslandes in drastischer Kürze geboten wird. Diese Mittheilungen
1892 3298 2690 3357 werden in Wien um 9 Uhr Früh verschickt.
2173 3371 3030 3461 Prospecte gratis und franco.
