3436 4320
1917 171 2361 255 box 20/4
245 181 1756 293 14. Der Schleier der Beatrice
1979 1035 2412 1134 Der Schleier der Beatrice.
2768 1042 2889 1112 529
315 1036 548 1136 Die Zukunft.
1525 1124 2890 1197 nur aus einer blassen Skizze, mir lebendig wurde. Dieses Drama, in das
134 1091 1123 1208 ber, den Gewissen nie hemmte, war er nicht. Ein Poet,
1524 1183 2886 1267 Erinnerungen an die Ibsen=Antinomie von Willenskraft und Erkenntniß¬
139 1190 1125 1250 ktaler Genußsüchtling: aus anderem Stoff schuf Natur
1511 1253 2895 1328 trieb, an Gyges, die Jüdin von Toledo, die Sobelde des Herrn von Hof¬
144 1253 1141 1339 Weibheit. Arme Beatrice! In beiden Männern, die nach
1522 1306 2885 1376 mannsthal, leise Töne sogar aus Mussets jung gestorbener Welt hinein¬
138 1311 1123 1390 tternden Seele haschten, war des Mannes zu wenig,
1524 1377 2897 1436 klingen, dieses ungleich, wie von noch tastenden Händen gefügte Schauspiel
131 1386 1133 1455 t so viel wie in dem Herakliden, der in Hebbels Fabel¬
1524 1436 2896 1510 hat viele Mängel. Das Volksgewimmel, alles Politische bleibt leblos, als
128 1438 1122 1515 eif trug. Der bekannte freien Muthes vermessene Thor¬
1519 1481 2897 1565 hätte klug kombinirende Geschicklichkeit es mit bewährter Technik aus Pappe
128 1501 1128 1583 Dein Schleier ist ein Theil von Deinem Selbst und
1515 1550 2901 1619 geschnitten. Der große Rausch und die große Furcht, die Weltuntergangs¬
143 1567 1121 1629 pf' ich stets an ihm und hätt' ihn gestern gern Dir ab¬
1522 1610 2902 1684 stimmung, die ich in armen Worten zu malen versuchte, wird auch im Ge¬
139 1621 1127 1688 daer sich schuldig findet, sich selbst in ruhiger Würde. Fi¬
1516 1668 2890 1752 dicht nur behauptet, nicht von plastischer Kunst in starken Gestalten dem Glau¬
135 1682 1131 1750 inen den Schleier nicht missen, den ihre eitle Phantasie um
1515 1737 2901 1819 ben aufgezwungen. Die wirre Fülle der Motive, deren manches unnöthig und
150 1748 1141 1821 sie verliert Beatrice jeden Reiz, da sie schleierlos vor ihnen
1530 1797 2892 1859 deshalb — da das grelle Bühnenlicht nur unbedingt Nöthigesduldet — schäd¬
146 1812 1142 1889 kühlerer Art und deshalb der bessere Seelenerkenner, merkt
1518 1857 2892 1921 lich scheint, entstellt die Architektur des Werkes und müßte, auch beinicht so un¬
142 1864 1141 1950 „Jeder von uns wollte nicht nur das einzige Spielzeug
1526 1916 2897 2002 würdiger Aufführung, wie das DeutscheTheater sie bot, den Hörer aus der Klar¬
141 1930 1135 2002 die ganze Welt!“ Und er hat schnell tröstende Erklärung:
1524 1975 2896 2062 heit immer wieder in Irrniß verleiten. Loschis letzter Entschlußwirkt wie Laune.
139 1988 1140 2072 Nicht ein Weib, das immer der Natur näher ist als der
1521 2046 2899 2114 Und ein Merker hätte wohl noch allerlei Fehler auf seiner Liste. Dennoch ist
147 2050 1147 2112 mußte, weil es den Wust der Sittengesetze, des Glaubens.
1522 2102 2902 2189 das Drama nicht nur das beste, das diesem Dichter gelang: es ragt auch über
133 2107 1140 2182 urch die Jahrtausende zu schleppen hatte, weil es, statt
1530 2181 2894 2239 fast Alles hin, was seit langen Jahren im deutschen Sprachgebiet reifte.
133 2178 1130 2267 pier zusitzen, gebar und säugte und in natürlicher Funk¬
1522 2236 2901 2307 Zwar funkelt hier nicht das freche Genie des Herrn Wedekind, enthüllt die
135 2238 1142 2306 en Organe nicht verzwergen und siech werden ließ? Ecce
1524 2292 2897 2364 oft überraschende Hellsicht des Herrn Hauptmann nicht ungeahnte Seelen¬
134 2296 1141 2365 kolzen Herren der Schöpfung wollten nicht sehen. Auf
1522 2336 2908 2426 winkel; dafür entschädigt der sicherere Kunstgeschmack und das Frohgefühl,
135 2354 1151 2440 hus, mochten nicht lange beim Bestellen des Feldes weilen
1525 2422 2900 2496 daß uns der Aerger an allzu sichtbarem Widerstreitzwischen Kraft und Wollen
124 2411 1141 2498 nädig, da sie fanden, sie seien, all in ihrer Herrlichkeit,
1527 2473 2896 2549 erspart bleibt. Ein kultivirter Geist lädt uns zu Gast und setzt uns, in saube¬
141 2489 1150 2557 icht die ganze Welt. Siehe: der Mann! Sich selbst weiß
1531 2538 2901 2610 rer Schale, die feinste Frucht seines Wesens vor. Wer darf da langemäkeln?
145 2547 1141 2626 en unterthan, wie das Blatt, den Acker, ringsum alles
1526 2582 2904 2664 Dem Dichter nachrechnen, wie die Frucht eigentlich“ wachsen mußte? Auf
146 2598 1153 2681 alter Spüke von Sündenschuld; gleich aber verurtheilt
1529 2647 2915 2744 diesem Stamm, unter diesem Phaeakenhimmel konnte sie nur wachsen, wie
149 2671 1157 2738 die Frau, die sich von anderer Vorstellung determinirt
1539 2716 2912 2800 sie wuchs; und der Künstler, der sich selbst getreu war, kann aller Tadler
146 2721 1142 2793 b! Den Adam schuf der Herr der Himmelsveste „zu
1533 2799 2904 2855 lachen. Die schönste Freude war mir, daß Herr Schnitzler, der von par¬
133 2784 1140 2853 a aber baute er aus der Rippe des Menschen. Der My¬
1538 2838 2904 2910 fumirten Liebeleien nicht loszukommen schien, sich überhaupt an den großen
140 2849 1149 2922 hmt die Erkenntniß, daß jeder Mensch eine Welt für
1537 2896 2908 2987 Gegenstand gewagt und ihn im Bilden nicht verniedlicht hat. In seinem
142 2909 1153 2985 eute noch, zu der Forderung, die Frau müsse des Man¬
1543 2971 2902 3032 Gedicht, in dem flüchtiger Blick nicht viel mehr sieht als einen Mäd¬
141 2976 1160 3049 Herr Oger starb nicht; und unzählige Weiber stöhnen
1540 3015 2915 3092 chenkonflikt, ist wirklich Renaissance, nicht nur ihr Kleid. Der Wiener griff
148 3037 1150 3105 Shakespeares Fähnrichsfrau gegen die Männer seufzt:
1531 3086 2910 3154 nicht die Staatsaktionen, die Kondottierethaten und Pfaffentücken, die uns
140 3100 798 3178 ie Alle sind nur Magen, wir nur Kost;
1534 3139 2920 3221 heute erbärmlich klein dünken, sondern führte uns in die Morgenstimmung
141 3150 831 3229 Hie schlingen uns hinab, und sind sie satt,
148 3215 460 3297 pein sie uns aus.
1539 3221 2919 3280 erwachender Seelen. Nichts nach außen groß Wirkendes geschieht und keine
1547 3265 2905 3334 Sekunde lang quält uns die Frage, ob Cesa#e, ob Lionardo siegen und Bo¬
156 3291 1156 3352 * Vielleicht würde Herr Schnitzler seines Dramas Sinn
1543 3331 2914 3394 logna beherrschen wird; aber wir fühlen den Wandel der Weltanschauung
158 3342 1149 3441 Ich zeigte es, wie ichs sah, wie es, an manchen Stellen
