3392 4320
1947 168 2384 257 box 20/5
267 173 1784 263 14. Der Schleier der Beatrige
141 734 513 806 Gland, Minneapolis,
143 794 509 864 ckholm, St. Peters¬
136 932 593 1032 Hamburg-Altons
143 1004 238 1087 rg
3006 1156 3107 1237 Sen
700 1159 1986 1247 erscheinen, als bei zahlreichen anderen Figuren. Im Grunde ist diese
2004 1191 3289 1278 ist die Möglichkeit dieser Willkür geschickt motiviert durch die schwan¬
691 1212 1990 1290 Beatrice das süße Wiener Mädel des Anatol=Dichters, und über diesen
1997 1246 2375 1299 kenden Charaktere.
153 1200 374 1309 usik.
692 1252 1991 1329 Dichter der Liebelei, nicht Liebe, ist Schnitzler bis heute auch nur schein¬
2053 1270 3285 1362 Aber Schnitzler ist ein feiner Formenkünsöler, ohne Zweifel, und
692 1296 1980 1362 bar hinausgekommen. Es ist das süße Mädel im Gewande der Re¬
1992 1311 3289 1405 die Grazie, mit der er seinen Puppen ausdrucksvolle, seelische Maskan
142 1322 317 1405 elhaus.
697 1336 1992 1394 naissance. Gegen eine solche Kostümierung ist natürlich nicht das Ge¬
2000 1362 3293 1437 hinreicht, vermag beinahe für den Mangel an wirklicher Seele zu ent¬
688 1385 1980 1445 ringste einzuwenden. Fraglich bleibt es jedoch, ob das Figürchen sich
150 1383 625 1466 von Arthur Schnitzlex.
1992 1397 3285 1477 schädigen. Es leisten ferner Schadensersatz der Erfindungsreichtum
695 1413 1981 1478 wirklich zur Heldin eines sehr ernsthaften Schauspiels eignet, und ob
146 1439 684 1506 it Ruhig## Säphiren,
1988 1443 3287 1506 des Dichters, der farbenbunte, spannende Situationen und Abenteuen
692 1453 1978 1518 Schnitzler sich ihretwegen in die größten dramatischen Unkosten stürzen
142 1490 677 1540 hiten=Röstligeiten der Erde
1990 1490 3297 1562 und charatteristische Nebenfiguren mit leichter und glücklicher Hand
698 1490 1983 1558 muß, wie sich ihretwegen ein Herzog von Bologna in die allergrößten
147 1528 682 1587 losen Falten ein junges,
1989 1526 3302 1595 aus einem unerschöpflich scheinenden Vorrat an den Tag fördert. Es
680 1515 1977 1600 Unkosten stürzt, wie sich ihretwegen ein unsterblicher Dichter um alles
144 1566 682 1618 sten Schönheit. Rätselhaft
1995 1561 3283 1628 tritt weiter an die Stelle großer und erschütternder Poesic die sorg¬
681 1569 1989 1645 bringt, zuletzt um sein Leben. Dieser Dichtersmann verläßt eine schöne
142 1607 680 1661 die von diesem Schleier und
1997 1599 3290 1685 fältige Politur und der gefällige Schmuck der Sprache. Es lohnt also
689 1617 1986 1658 gräfliche Braut um die schöne kleine Sechzehnjährige, er wird wort¬
1989 1639 2749 1705 reichlich, bei Schnitzler zu Gaste zu sein.
141 1646 670 1702 r unter dem feinen Gewebe
676 1635 1978 1712 brüchig, kümmert sich nicht mehr um seine Vaterstadt, die in der höchsten
144 1683 673 1742 lor selber einst ein geheim¬
683 1683 1980 1749 Gefahr schwebt, er wirft alle sonstigen Verpflichtungen über Bord aus
2036 1681 3295 1771 An der Darstellung unter Carl Hagewanns Regie ist die
149 1728 671 1773 orientalischen Fürstin; alle
678 1719 1988 1772 sinnloser Leidenschaft für Beatrice. Mag sein. Er ist einer großen!
1991 1718 3290 1807 gewohnte exakte Sicherheit des Ensembles zu rühmen, die hier nur
170 1757 678 1818 alle jähen Leidenschaften
680 1755 1981 1827 Passion verfallen. Aber, und nun kommt die Reihe der großen Aber,
1983 1772 3280 1834 durch sorgfältigstes und fleißigstes, zielbewußtes Studium zu er¬
132 1790 675 1865 digungen der Liebe sind in
680 1801 1980 1861 er jagt die sinnlos Geliebte von sich, als diese ihm erzählt, sie habe
1994 1808 3285 1871 reichen ist, weir das Stück einen großen Apparat erfordert und fast
144 1842 667 1895 er dem Schleier ein Weib,
676 1837 1980 1904 ihren jungen Herzog gesehen und sei im Traume die Seine geworden.
1986 1842 3278 1916 das gesamte Personal auf die Bühne bringt. Die Beatrice gab Fr.
146 1875 669 1941 Träumen wandelndes, mit
683 1881 1982 1942 Im Traum, der bekanntlich alle Elemente des wachen Daseins konfus
1983 1884 3280 1953 Valéry mit dem rührendsten und trefflichsten Ausdruck für das schuld¬
149 1918 675 1977 des Kind, das nach einer
675 1911 1965 1979 durcheinander wirft. Deswegen eine Geliebte, ein über alles geliebtes
1983 1924 3280 1979 los Verhängnisvolle, für die verderbliche Schönheit des jungen
141 1954 672 2010 n Abendröte und dem far¬
682 1960 1976 2015 Wesen davonschicken auf Nimmerwiedersehen und sich zwei reisenden
1974 1961 3274 2024 Weibes, das im Grunde noch ein Kind ist. Bei den ins Hochdrama¬
145 1978 679 2064 be eines Dichters, nach der
681 1994 1977 2041 Buhlweibern in die Arme stürzen, wie dies im Stück geschieht —
1985 1995 3259 2078 tische sich steigernden Gefühlsentwickelungen der großen Szenen in
142 2037 666 2089 ckersüßen goldenen Trauben
671 2041 1968 2100 dieser Dichter ist nicht feinfühlig, sondern unsinnig launisch. Durch
1977 2049 3274 2106 den letzten Akten reichte die Kraft und Kunst der Darstellerin nich
144 2075 670 2131 der Bewunderung eines vor
674 2073 1964 2141 diese Tathandlung erwirbt er sich allerdings das Recht, auf der Bühne
1977 2096 3283 2142 aus. Hier wäre eine tragische Primadonna am Platze, bei der es wiederum
142 2113 659 2168 m, was ihr schön und lie¬
675 2112 1971 2181 zu tun, was ihm beliebt, aber er verwirkt sich auch das Recht auf
1984 2114 3278 2193 fraglich ist, ob sie die bezaubernde Kindlichkeit der Gestalt wiedergeben
146 2157 660 2202 augen glänzt und schimmert,
678 2156 1975 2201 weitere Anteilnahme. Und so reiht sich in Schnitzlers Drama buntes
1981 2155 3287 2229 könnte. Die Rolle gehört zu den großen Bravouraufgaben det
148 2189 672 2246 kindischem Wahnsinn ver¬
671 2197 1970 2258 und seltsames Abenteuer an buntes und seltsames Abenteuer, nicht
1978 2193 3279 2262 Theaters. — Herr Montor spielte den launenhaften Lyriker Filippo
144 2225 664 2283 ierlichsten Fingern. Nichts
675 2232 1972 2308 logisch Glied an Glied einer zwingenden Handlung. Es kann alles
1975 2242 3161 2296 Loschi. Eigentlich liegt ihm, dem klaren und sicheren Chare
146 2274 659 2322 anken einer staatlichen oder
669 2277 1974 2323 so kommen, wie es in diesem Drama kommt, wenn man nämlich dem
1974 2284 3147 2346 zeichner, die Figur des wie die Luft beweglichen, in seinen seel
148 2306 675 2362 en Schranken oder sittlichen
668 2314 1974 2382 Dramatiser eine fast völlige Willkürherrschaft über die Elemente der
1983 2317 3164 2375 Umrissen vorschwommenen Gefühlsmenschen nicht. Man hätte
139 2344 1964 2412 r nichts. Jenseits von Gut] Wirklichkeit zugesteht, und wenn fast unumschräntthas neuerdings alch
1982 2353 3265 2425 weichere Stimme lieber gehört, eine empfindungsschwellende Jugend¬
153 2380 667 2440 Schnitzlers als ein rein
671 2393 1970 2458 von anderer Seite proklamierte Prinzip le theätre pour le theätre
1978 2394 3270 2456 lichkeit dieser Gestalt lieber gesehen. Aber es versteht sich bei diesem
148 2420 661 2481 betörendes Elementarwesen.
659 2434 1958 2483 herrschen soll. Die junge Beatrice kann von der Seite ihres Ge¬
1973 2437 3275 2505 rastlosen und sorgfältigen Künstler von selbst, daß er seine Aufgabe
138 2463 667 2529 Mann. Denn jeder Mann
660 2466 1970 2547 liebten, der sie wegen eines Traumes verstoßen, hinwegeilen und
1976 2476 3276 2541 interessant und virtuos löste. Für den Herzog von Bologna führte
145 2500 665 2558 n süßen Duftkreis der über
1967 2519 3269 2587 Herr Carl Wagner seine lultivierte Noblesse ins Feld und stei¬
655 2503 1968 2568 einem Bräutigam und guten Jungen zum Traualtar folgen, sie kann
133 2546 666 2603 eatrice tritt des unbewußt
1975 2549 3263 2621 gerte die Wirkung durch einen guten Tropfen Hamletmelancholic, die
664 2561 1961 2605 auf dem Wege dahin vom Herzog zur Gelsebten begehrt werden, und
104 2558 659 2642 nchen und Weibchen gehen
1979 2592 3278 2657 hier besonders am Platze ist, da die Bewohner Bolognas samt und
670 2593 1967 2657 sie kann nun den Herzog zum Altar geleiten, nachdem sie es verschmäht
120 2617 661 2673 Gsal entgegen, ihrem unab¬
1981 2627 3278 2694 sondors Morituri sind. Der grausige Cesare Borgia umlagert mit
672 2637 1955 2685 hat, die Dirne des Herzogs zu werden. Die junge Herzogin Beatrice
147 2659 658 2719 uferlegten Schicksal. Soll
1977 2668 3263 2731 seinen vordringenden Scharen die Stadt. An die Stelle von Frl.
666 2674 1958 2746 kann dann von der höchst wilden Hochzeitsorgie ihres Gatten hinweg
170 2700 649 2758 und Weib um Liebe und
1969 2707 3272 2765 Rheinen, die die Mutter der Beatrice, eine kleinbürgerliche
661 2710 1956 2777 wieder zu ihrem Dichter fliehen; dieser kann sie vergiften, weil er in
143 2730 659 2796 alle anderen Lebenswerte
1963 2757 3273 2818 Messalina, gah, hätten wir Fr. Otto=Körner gewünscht. Die Rolle
659 2747 1963 2833 Beatrice nicht die edle, zu jeder Todesform bereite Seele findel, die
146 2774 657 2833 was die Gestalten in demi
1969 2785 3270 2861 liegt Frl. Rheinen nicht. Zwei florentinische Courtisanen, übrigens
670 2800 1956 2857 er erwartet hat, und weil er jetzt auch einsieht, in welche Schmach und
142 2808 657 2873 .es ist keine Tragödie, es
1964 2829 3263 2881 schon bei Schnitzler höchst feurige und lebenssprühende große Sün¬
668 2835 1955 2905 Schande er sich wegen dieser Beatrice gestürzt hat. Es kann das
136 2852 645 2913 dien können nur entstehen,
1967 2868 3275 2932 derinnen, wurden von Fr. Doré und Frl. Schneider mit stür¬
660 2873 1954 2927 alles geschahen; es kann mit einem gleichen Grade von Wahrschein¬
141 2886 649 2947 se Freiheit der Entschließung
1967 2909 3266 2981 mischer Kraft, in verdertlicher Maienblüte aller Laster und mit aller
663 2915 1946 2980 lichkeit oder Unwahrscheinlichkeit auch alles anders geschehen. Die
142 2932 651 2989 seine Gestalten unter dem
1967 2938 3259 2992 Glut eines unersättlichen Begehrens gegeben und zu fast tragischer
656 2958 1955 3020 Auswahl der Bühnenereignisse ist vom Dichter entweder zu den Zwecken
137 2961 643 3025 äßt, gibt es für ihn nichts
1965 2972 3259 3045 Höhe binaufgehoben. Für die furios=eifersüchtig. Schwester Rosina
662 2996 1955 3063 einer erstaunlichen, aber völlig in der Luft schwebenden Romantik, oder
138 3003 647 3062 ma ein Schauspiel. Es ist
1964 3023 3266 3087 der Veatrice fand Fel. May höchst wirksame Töne der verschmähten,
661 3038 1947 3098 aber einfach zu den Zwecken einzelner wirksamer Bühnenszenen, also
145 3046 649 3114 und Grausamkeiten reiches
1964 3066 3267 3130 zurückgesetzten Liebenden. Der wackere, rasche Pruder Beatricens
655 3084 1947 3126 aus theatralischen Gründen getroffen worden. Das Letzte ist das
1955 3096 3258 3168 war durch Herrn Gebhardi vertreten; die Durchführung der Rolle
655 3112 1942 3186 Wahrscheinliche; den theatralischen Motiven ist nur eine ziemlich
149 3105 642 3180 nur! Es will nicht ge¬
1950 3143 3258 3195 war wohl kongruent den Intentionen des Dichters. Herr Blanken¬
657 3151 1956 3218 durchsichtige, poctisch=psychologische Maske vorgebunden. Wahrschein¬
147 3161 640 3219 hauspiels im Innersten zu¬
1961 3178 3260 3244 stein als Graf Andrea, Herr Andresen als Geheimschreiber, Herr
650 3189 1947 3253 lich aus theatralischen Gründen muß Beatrice ihren Schleier bei der
140 3196 651 3259 ein formenprächtiges, ein
1952 3214 3256 3282 Kreidemann als Magnani, Herr Röhl als Guidotti, die Herren
648 3240 1945 3291 Leiche des Filippo Loschi liegen lassen, sie muß aus denselben Grün¬
147 3234 647 3290 lendes Schauspiel; aber es
1954 3271 3255 3314 Zillich, Pfeifer und Berthold als Hauptleute, die Herren
655 3274 1945 3342 den mit dem Herzog wieder zurückkehren, dieser muß ihr zumuten,
145 3279 642 3329 ehr wie ein Kaleidoskop, als
1949 3290 3246 3360 Lang und Wlach als Bildhauer und Musiker, Herr v. Dollen
647 3303 1939 3375 über der unter einem Vorhang verborgenen Leiche des Geliebten die
129 3314 651 3374 ngt. Wenn Schnitzler die
1950 3349 3249 3408 als unglücklicher Bräutigam Beatricens, Herr Freiburg als Basini,
142 3350 651 3415 genwärtigen Moments, die
650 3353 1942 3417 Brautnacht mit ihm, dem Herzog, zu feiern, Beatrice muß dann die
1954 3375 3253 3447 Herr Heil als Händler mit Gewürzen und Wohlgerüchen Capponi,
143 3403 642 3450 ner Personen macht, so er¬
653 3394 1941 3456 Wahrheit bekennen und von ihrem Bruder=Soldaten, der eigentlich der
1960 3415 3257 3470 Frl. Bauer als. Benozzo, Herr Stettner als alter Nardi er¬
134 3435 639 3487 ern noch weiter hinunter,
653 3434 1938 3486 brave Valentin aus Goethes Faust ist, erstochen werden. Allen diesen
1949 3453 3248 3526 schöpfen die Lisie der um die Aufführung wohlverdienten Schar noch
142 3477 640 3525 dem es die äußere szenische
654 3475 1944 3542 theatralischen Notwendigkeiten ist mehr oder minder geschickt die
1956 3495 3264 3540 lange nicht. Stück, Regisseur und Darsteller wurden mit reichem
140 3513 647 3564 Handeln soufflieren kann.
638 3510 1946 3575 Maske der psychologisschen Motivierung aufgesetzt. Nur theatralisch
1944 3524 2369 3597 Beifall ausgezeichnet.
2873 3543 3236 3623 Hans Ossig.
145 3548 648 3601 bei der Hauptperson, der
647 3557 1952 3627 besteht ein Müssen, in dramatischer Hinsicht herrscht eine Willkür, die
153 3596 1984 3670 e im Charakter begründet! keine tiefere Anteilnahme des Zuschauers aufkommen läßt. Freilich 1
