3484 4320
1780 274 1945 362 F233
1035 376 2687 531 Lob ist dem Guten ein Sporn, dem Bölen ein Dorn.
786 561 1626 660 Leipziger Schauspielhaus.
1886 566 3122 661 Morgen tagt, gehört das Leben noch ihnen, an Filippos Herzen will
1894 624 3126 701 sie dem Morgen entgegenträumen. Und der Dichter füllt die Becher,
707 631 1814 700 Der Schluß der Saison des Leipziger Schauspielhauses gestaltet
1886 667 3124 739 und sie trinken daraus, und als Beatriee den Kelch geleert, da sagt ihr
594 674 1827 748 sich überaus glänzend. Zuerst das interessante Sarah Bernhardt
588 701 755 764 Gastsp
1893 705 3131 798 Filippo, daß er ihr Gift gereicht. Wie ein Schlag wirkt seine Eröffnung
813 730 1827 789 , dem sich unmittelbar das von Irene Triesch vom
1890 746 2131 799 auf Beatrice.
587 748 1828 824 Deutschen Theater in Berlin anschließt, und zuletzt zu Pfingsten die
1994 774 3115 852 Uebermächtig erwacht in ihr der Drang zum Leben. Sie, die
581 792 1834 866 Aufführung von Paul Heyses Maria von Magdala mit Frl.
1892 812 3128 874 sterben wollte freien Willens, mit Bewußtsein, sieht sich gewissermaßen
583 825 1823 909 Immisch vom Landestheater in Prag in der Titelrolle. Das Gast¬
1897 871 3127 935 aus dem Hinterhalte gemordet. „Ich hasse dich“, ruft sie voll Todes¬
585 863 1815 945 spiel von Irene Triesch machte uns aber nicht nur mit einer
1886 909 3127 977 grauen und Furcht Filippo zu, und dieser erkennt, auf welch schwanken
578 905 1824 981 interessanten Künstlerin bekannt, sondern es übermittelte uns auch die
1893 936 3114 1004 Füßen die Liebe Beatricens steht. Da nimmt er den wirklichen Gift¬
585 951 1806 1026 Bekanntschaft des neuesten Schauspiels von Arthur Schnitzler,
1903 990 3123 1056 becher und setzt ihn an die Lippen und sinkt tot zu Boden. Beatriee
578 996 1822 1062 „Der Schleier der Beatrice.“ Warum uns der Dichter hier
1889 1028 3125 1090 aber stürzt, von Grauen gepackt, zurück zum herzoglichen Palast. Man
578 1039 1824 1111 ein „Renaissance=Drama“ auftischt, ist eigentlich unerfindlich, denn das
1875 1065 3115 1140 hat sie vermißt, man hat sie gesucht, und der Herzog verlangt Rechen¬
577 1071 1817 1123 ganze Sück scheint nur geschrieben zu sein, um eine Weibnatur zu
1869 1107 3121 1163 sest, wo sie gewesen. „In der Kirche“, gibt sie zur Antwort. Man
587 1109 1822 1175 schildern, die eigentlich unbegreiflich erscheint, und die doch so lebens¬
1895 1144 3123 1212 beweist ihr, daß es Lüge ist und verlangt die Wahrheit zu wissen. Aber
565 1154 1812 1226 wahr ist mit all ihren Fehlern und Schwächen, daß man sie
1881 1173 3114 1256 sie kann und will keine Auskunft geben. Da vermißt der Herzog an
572 1178 1814 1260 recht gut in unsere moderne Zeit verpflanzen könnte. Hätte der Dichter
1892 1220 3112 1291 seiner Gattin den Schleier, das kostbare Geschenk, das er ihr gemacht.
574 1221 1812 1276 das getan, so hätte er sich aber all das romantische Beiwerk schenken
1897 1265 3115 1331 „Hole den Schleier“, gebietet er, „und alles sei dir verziehen.“ Beatrice
566 1267 1819 1340 müssen, das er brauchte, um die ganze Handlung glaubwürdig er¬
1903 1300 3111 1371 veigert sich, denn sie weiß, der Schleier liegt bei Filippos Leiche. Da
567 1305 1817 1374 scheinen zu lassen. Was tut man nicht alles einem schönen Weibe zu
1879 1345 3119 1407 überantwortet der Herzog sie seinen Hofleuten zum Gericht. Sterben
576 1343 1781 1414 Liebe, und der Dichter hat viel Liebe für seine Heldin und ein so
1888 1375 3118 1447 soll sie, aber Beatriee hat eine unglaubliche Furcht vor dem Tode, und
576 1377 1804 1459 seines Verständuis für das spezifisch Weibliche, daß wir ihm gern in
1874 1415 3116 1488 während schon die Schergen sie fassen, fleht sie um Gnade, sie selbst
567 1430 1809 1512 die Irrgänge des Herzens seiner Beatrice folgen. Die Haupthandlung
558 1462 1032 1525 des Stückes ist folgende:
1875 1451 3117 1527 will den Herzog dahin führen, wo der Schleier ist. Und sie kommen in
1880 1494 3107 1575 Filippo Loschis Haus, und Beatrice findet den Schleier und der Herzog
681 1513 1811 1581 Filippo Loschi, ein gefeierter Dichter Bolognas, der mit der
1867 1535 3105 1609 des Dichters Leiche. Aber wie Frieden und Erlösung überkommt es
571 1534 1808 1616 Tochter einer vornehmen Familie verlobt ist, entbrennt in heißer Liebe
1877 1577 3105 1648 plötzlich Beatriee, alles Todesgrauen ist von ihr gewichen, als einzige
557 1584 1813 1651 zu Beatrice, der Tochter des Wappenschneiders Nardi. Auf der Straße
1880 1613 3110 1687 Wohltat erscheint ihr jetzt der Tod an Filippos Seite. Ihr Bruder
557 1633 1808 1708 hat er sie gesehen und sie, die sechzehnjährige, ist ihm in sein Haus
1878 1654 3108 1729 Francesco führt mitleidig den Todesstreich, um sie zu entsühnen von der
566 1679 1800 1746 gefolgt, bereit, mit ihm aus der belagerten Stadt zu fliehen, um ihm
1873 1701 3107 1758 großen Schuld und ihre Ehre rein zu waschen von dem Makel. Der
558 1711 1807 1786 ganz zu gehören, ihm, den sie kaum kennt. Vergessen ist die Braut,
1875 1735 3115 1802 Herzog aber preist noch im Tode den Dichter, dessen Liebe auch Beatrice
567 1747 1793 1829 der Filippo Treue geiobt, und die jetzt am Sterbebette ihrer Mutter
1877 1775 3112 1846 geadelt hat, und geht siegesmutig Cäsare Borgia entgegen, der vor den
555 1789 1805 1861 weilt, allein in Gram und Verzweislung. Vergessen hat er Ehre und
1868 1809 2279 1868 Toren Bolognas steht.
571 1834 1196 1899 Pflicht, er will nur eins, Beatrice!
1974 1838 3104 1917 Die Geschehnisse einer einzigen Nacht, die uns der Dichter hier
669 1877 1802 1954 Beatrice ist ein Kind. Ein süßes, vertrauendes, aber auch ver¬
1872 1868 3109 1960 in diesem Drama bietet, sind zu gedrängt und überstürzt für eine
555 1909 1803 1997 langendes Kind. Im Vaterhaus ist sie heimatlos, ihre Sehnsucht nach
1864 1927 3098 2014 wirkungsvolle Tragödie, aber Schnitzler motiviert das am besten durch
565 1955 1798 2042 Unbegreiflichem, Wunderbarem läßt sie nicht Wurzel schlagen, sie will
1865 1964 2991 2053 den Schlußsatz des Schauspiels, indem er den Herzog sagen läßt:
554 1979 1803 2071 fort in unbekannte Fernen, wo das Glück wohnt. In schwärmerischer
2119 2015 2731 2086 „Die Fülle ist das Leben, nicht die Zeit
566 2043 1802 2114 Verzückung läßt sie den Dichter einen Einblick tun in ihre verlangende
2127 2062 2774 2123 Und auch der nächste Augenblick ist weit.“
558 2076 1798 2154 Seele. Geträumt hat sie, einen seltsamen Traum. Der junge Herzog
1972 2103 3106 2176 Wie man nun auch über Aufbau und Handlung des Schnitzlerschen
545 2113 1797 2190 von Bologna, der sie jüngst auf der Gasse, geblendet von ihrem Lieb¬
1866 2132 3098 2217 Stückes denken mag, welche Mängel ihm auch anhaften mögen, eines
551 2154 1793 2217 reiz, vor allen anderen Mädchen gegrüßt, führe sie an der Hand durch
1860 2182 3102 2257 bricht immer wieder siegreich daraus hervor, eine wundervolle, echt
557 2197 1800 2261 hohe, dunkle Mauern, über denen flammend rote Wolken standen, in ein
1866 2221 3097 2301 dichterische Sprache, eine Fülle von tiefen Menschheitsgedanken, die uns
558 2230 1800 2296 Gemach mit grünen Lichtern. Und sie läge auf einem Ruhebelt und
1858 2259 2991 2326 zeigen, welche Schätze die Schnitzler'sche Muse zu verschenken hat.
558 2275 1801 2344 der Herzog beuge sich über sie, um sie zu küssen. Entsetzt hört Filippo
1977 2300 3088 2372 Die Aufführung war gut vorbereitet und durch Herrn Reg'sseur
546 2321 1785 2376 diesem verzückten Geplauder zu, das ihm sagt, daß nicht sein Bild allein
1864 2339 3098 2419 Eggeling vortrefflich insceniert. Eine ganz eigenartige, hochin¬
548 2358 1794 2417 ihre Seele erfüllt, sondern daß, wenn auch vielleicht unbewußt, andere
1858 2383 3096 2443 teressante Leistung bot der Gast des Abends, Irene Triesch, als
547 2391 1786 2466 Wünsche in ihrer Brust schlummern, die ihn mit Grauen erfüllen.
1872 2420 3098 2472 Beatrice. Die ganze Erscheinung der Künstlerin deckte sich sehr
554 2421 1790 2512 Empört stößt er Beatrice von sich. Zuerst versucht sie durch Schmeicheln
1870 2462 3098 2526 glücklich mit der Gestalt, die der Dichter uns zeigen wollte. Besonders
550 2470 1797 2539 den Geliebten zurück zu gewinnen, aber vergebens, er weist sie aus
1861 2504 3087 2573 gut gelang der Künstlerin das „Visionäre“ im ersten Akt und die halb
543 2511 1799 2586 dem Hause und von seinem Herzen. Filippo versucht zwar sich mit dem
1857 2542 3089 2613 unbewußte Kindlichkeit, die über der slammenden Leidenschaft liegt. Und
545 2551 1793 2625 leichtfertigen Getändel zweier berüchtigter Courtisanen zu trösten, aber heim¬
1857 2575 3093 2626 dann das Siegeslächeln in den großen strahlenden Augen als sie be¬
543 2591 1781 2665 lich hofft er auf Beatrices Wiederkehr. Sie kommt auch, das wilde,
1855 2625 3098 2696 gehrend die Hand nach der Herzogskrone ausstreckt. Ein leidenschaft¬
546 2636 1793 2707 schwärmerische Kind, aber anders als Filippo gedacht. Gebrochen, verzweifelt
1856 2667 3092 2728 liches, siegesgewisses Weib, das kindlich lächelnd über Leichen schreitet.
555 2669 1794 2734 ist Beatrice, nachdem Filippo ihr den Lauspaß gegeben, heimgekehrt zu
1860 2697 3091 2760 Zuweilen lag die Lüsternheit einer Salome, die Grausamkeit einer
548 2702 1786 2786 ihrem halbverrückten Vater, der lasterhaften Mutter und der heimtückischen,
1854 2733 3080 2807 Indith in dem bleichen Gesicht, und dann war es wieder als fliege ein
545 2751 1791 2824 lüsternen Schwester. Ihr Bruder Francesco muß morgen hinaus ziehen um
1865 2789 3087 2843 Schimmer darüber hin, ein goldner Schimmer von Unschuld und Rein¬
538 2788 1777 2863 zu kämpfen, denn Cäsare Borgia steht vor den Toren Bolognas und be¬
1850 2821 3082 2875 heit Irene Triesch ist eine ganz ausgezeichnete Künstlerin und ihre
539 2839 1783 2897 droht die Stadt. Ihm bangt davor Beatrice allein zu lassen, unbewacht, un¬
1857 2857 3088 2918 Beatriee wird gewiß stets eine ihrer Glanzrollen bleiben. Wie verstand
532 2863 1782 2948 beschützt und er bittet und beschwört sie, ihre Hand in die seines
1845 2896 3088 2960 sie es beispielsweise rein mimisch die Furcht und das Todesgrauen
547 2905 1788 2985 Freundes und Gehilfen des Vaters, Vittorino zu legen, der Beatrice
1841 2936 3092 3002 wiederzugeben, als sie glaubt, den Gistbecher gelernt zu haben
541 2948 1784 3013 schon lange liebt, und Beatriee, der alles gleichgiltig geworden ist, seit
1846 2986 3086 3045 und dem Tode verfallen zu sein. Und zuletzt, als sie Grauen packt
546 2982 1772 3063 dem sie den Geliebten verloren, willigt ein, die Gattin Vittorinos zu werden.
1841 3002 3081 3080 vor dem Entsetzlichen, ihre Hochzeitsnacht neben Loschis Leiche zu halten,
656 3027 1780 3107 Diese ganze Episode ist ein arger Mißgriff des Dichters. Wenn
1849 3057 3078 3110 wie verändern sich da ihre Züge, ihr ganzes Sein, ihre ganze Gestalt.
530 3065 1784 3136 er durch das Einschieben derselben die Wankelmütigkeit Beatrices
1848 3094 3071 3159 Das kostbare Brautgewand, die schimmernden zerstreuten Orangenblüten
543 3102 1774 3184 kennzeichnen wollte, so war das überflüssig, denn dadurch, daß
1847 3124 3062 3190 in dem dunklen Haar, die der Erscheinung einen so eigenen Reiz ver¬
544 3144 1778 3218 sie sich eine kleine Weile später dem Herzog zuneigt, ist schon eine
1846 3162 3068 3243 leihen, alles verblaßt vor den flammenden Augen, die nun endlich den
531 3184 1771 3254 genügende Charakterisierung gegeben. Zweimal dasselbe tun, hebt be¬
1849 3205 3083 3278 Weg sehen, den Beatrice wandeln muß, zum Tode. War die Leistung
537 3227 1187 3284 kanntlich die Wirkung wieder auf.
1182 3226 1779 3294 Es hat fast den Anschein, als
1843 3244 3067 3318 von Irene Triesch nun in jeder Weise eine Musterdarbietung, so
526 3275 1776 3333 wollte der Dichter Geschehnisse auf Geschehnisse häufen, um so den
1841 3291 3079 3356 läßt sich dasselbe leider von ihrem Partner, dem Dichter Loschi (Herrn
532 3300 1779 3371 inneren Mangel an Handlung zu verdecken. Der Herzog kommt die
1845 3332 3060 3397 Grevenberg) nicht sagen. Der Künsler nahm den Loschi zu
527 3354 1771 3401 Gasse entlang, und als er Beatrice erblickt, erkennt er in ihr das schöne
1851 3364 3071 3436 schwer, zu verschwommen und gab ein ganz unsympathisches Bild
538 3374 1766 3449 Mädchen, das er schon einmal geschaut. Seine Sinne heischen ihrem Be¬
1839 3414 3066 3460 des Mannes, der doch an und für sich ein Held ist und nur an seiner
531 3406 1775 3492 sitz für die nächste Nacht. Beatriee sieht ihren Traum Wirklichkeit
1843 3445 3079 3513 eigenen Rechtlichkeit zu Grunde geht. Wohl schwankt er in all seinen
536 3466 1771 3537 werden, und lächelnd fordert sie nicht nur das Herz des Fürsten,
1848 3485 3063 3546 seelischen Konflikten hin und her, aber es ist doch nicht nötig, daß der
531 3491 1767 3577 sondern auch seine Hand. Alles ist entrüstet über dieses kecke Begehren,
1839 3528 3071 3595 Darsteller auch in der Auffassung der Rolle schwankt und uns einen
529 3541 1761 3611 nur der Herzog ist entslammt und befiehlt, daß der Kardinal noch diese
1829 3565 3061 3628 launischen Grillenfänger auf die Bühne stellt, für den man gar keine
520 3572 1767 3647 Nacht ihn und Beatriee vereine. Vittorino, der Augenblicksverlobte,
1832 3604 3070 3680 Sympathie hegt und dessen Sterben man schließlich als eine Wohltat.
523 3618 1770 3692 geht hin und ersticht sich, was ebenso überflüssig war, wie sein Dasein,
1832 3653 3064 3709 empfindet. Sehr gut war Herr Mauren als Herzog Bentivoglio. Er
524 3658 1765 3717 und Beatrice wird des Herzogs Weib. Sie hat nun alles, was ihre
1819 3694 3066 3743 gab dem Fürsten einen schwärmerisch=poetischen Zug, der milde über der
530 3692 1759 3756 kindische Seele erträumt, aber an der Seite des Herzogs erwacht
1827 3725 3054 3784 Herrschererscheinung lag, und es begreiflich machte, daß der Herzog
517 3745 1766 3811 die Sehnsucht nach dem Geliebten übermächtig und sie stürzt fort
1820 3753 3062 3823 den Nebenbuhler noch im Tode ehrte. Gut waren Heir Vollmer
527 3775 1758 3829 von dem Hochzeitsfeste, zu Filippo. Leidenschaftlich umsängt sie
1828 3807 3068 3873 als Francesco, Herr Forsch als Vater Nardi und Herr Eggeling
527 3814 1764 3886 dieser. Es muß einen Ausweg geben, der ihn und die Geliebte
1835 3846 3054 3896 als Graf Androa. Frl. von Fontelives stummes Spiel als
528 3856 1757 3934 für immer eint, Beatriee aber sagt ihm, daß sie nicht gekommen
1823 3879 3057 3943 Teresina, der unglücklichen Braut Filippos, die in Wahnsinn ob
529 3895 1763 3979 ist, mit ihm zu leben, sondern um mit ihm zu sterben. Aber bis der
1820 3917 3058 3981 seines Treubruchs verfällt, erregte Interesse. Frl. Anders und
