<?xml version="1.0" encoding="UTF-8" standalone="yes"?>
<PcGts xmlns="http://schema.primaresearch.org/PAGE/gts/pagecontent/2013-07-15" xmlns:xsi="http://www.w3.org/2001/XMLSchema-instance" xsi:schemaLocation="http://schema.primaresearch.org/PAGE/gts/pagecontent/2013-07-15 http://schema.primaresearch.org/PAGE/gts/pagecontent/2013-07-15/pagecontent.xsd">
    <Metadata>
        <Creator>prov=University of Rostock/Institute of Mathematics/CITlab/Gundram Leifert/gundram.leifert@uni-rostock.de:name=ONB_Newseye_GT_M1+(htr_id=10810)::::v=2.4.2
prov=University of Rostock/Institute of Mathematics/CITlab/Tobias Gruening/tobias.gruening@uni-rostock.de:name=de.uros.citlab.module.baseline2polygon.B2PSeamMultiOriented:v=2.4.2
prov=University of Rostock/Institute of Mathematics/CITlab/Tobias Gruening/tobias.gruening@uni-rostock.de:name=/mnt/transkribus/LA/DEA/URO/LA_news_onb_att.pb:de.uros.citlab.segmentation.CITlab_LA_ML:v=2.4.2
Transkribus</Creator>
        <Created>2019-10-07T11:38:13.844+02:00</Created>
        <LastChange>2019-10-08T14:10:56.468+02:00</LastChange>
        <TranskribusMetadata docId="223979" pageId="9502465" pageNr="463" tsid="16586763" status="IN_PROGRESS" userId="40391" imgUrl="https://files.transkribus.eu/Get?id=IGZGECPQNBTDICMVOWGEHSAI&amp;fileType=view" xmlUrl="https://files.transkribus.eu/Get?id=BDPONNIYHVHCNQAFTYHBDGDK" imageId="6192683"/>
    </Metadata>
    <Page imageFilename="223979_0463.jpeg" imageWidth="3484" imageHeight="4320">
        <ReadingOrder>
            <OrderedGroup id="ro_1711449275796" caption="Regions reading order">
                <RegionRefIndexed index="0" regionRef="r1"/>
            </OrderedGroup>
        </ReadingOrder>
        <TextRegion orientation="0.0" id="r1" custom="readingOrder {index:0;}">
            <Coords points="324,270 324,3479 2403,3479 2403,270"/>
            <TextLine id="r1l1" custom="readingOrder {index:0;}">
                <Coords points="315,320 1781,353 1817,276 316,248"/>
                <Baseline points="324,290 398,297 472,303 546,307 620,310 695,313 769,314 843,315 917,316 991,316 1066,316 1140,315 1214,315 1288,315 1362,315 1437,315 1511,316 1585,318 1659,320 1733,324 1808,328"/>
                <TextEquiv>
                    <Unicode>14. Der Schleier der Beatrice</Unicode>
                </TextEquiv>
            </TextLine>
            <TextLine id="r1l2" custom="readingOrder {index:1;}">
                <Coords points="1960,321 2086,316 2117,337 2132,322 2242,317 2297,340 2331,320 2413,341 2413,268 2350,253 2207,256 2155,279 2112,259 1997,256 1960,272"/>
                <Baseline points="1969,310 1994,311 2020,313 2045,314 2071,315 2096,316 2122,317 2147,318 2173,319 2198,319 2224,319 2249,319 2275,318 2300,318 2326,316 2351,315 2377,314 2403,311"/>
                <TextEquiv>
                    <Unicode>box 20/4</Unicode>
                </TextEquiv>
            </TextLine>
            <TextLine id="r1l3" custom="readingOrder {index:2;}">
                <Coords points="1223,1290 1705,1274 1836,1301 2293,1262 2309,1217 1221,1227"/>
                <Baseline points="1232,1286 1285,1285 1338,1284 1392,1283 1445,1282 1499,1281 1552,1280 1605,1278 1659,1277 1712,1275 1766,1273 1819,1272 1872,1270 1926,1268 1979,1267 2033,1265 2086,1264 2139,1262 2193,1260 2246,1259 2300,1258"/>
                <TextEquiv>
                    <Unicode>daille für Famitienmurde, A0. 4.1</Unicode>
                </TextEquiv>
            </TextLine>
            <TextLine id="r1l4" custom="readingOrder {index:3;}">
                <Coords points="1220,1325 1304,1347 1322,1328 1436,1338 1482,1321 1577,1333 1742,1317 1741,1280 1705,1276 1590,1275 1540,1294 1494,1280 1448,1296 1427,1277 1375,1295 1219,1288"/>
                <Baseline points="1229,1323 1254,1323 1279,1323 1304,1323 1329,1323 1355,1322 1380,1322 1405,1321 1430,1321 1455,1320 1481,1319 1506,1318 1531,1318 1556,1317 1581,1315 1607,1315 1632,1313 1657,1313 1682,1311 1707,1310 1733,1309"/>
                <TextEquiv>
                    <Unicode>viele Kinder besitzen.</Unicode>
                </TextEquiv>
            </TextLine>
            <TextLine id="r1l5" custom="readingOrder {index:4;}">
                <Coords points="1301,1392 2324,1354 2322,1294 1300,1331"/>
                <Baseline points="1310,1372 1360,1370 1410,1368 1460,1367 1510,1365 1561,1364 1611,1362 1661,1360 1711,1359 1761,1358 1812,1356 1862,1354 1912,1353 1962,1351 2012,1350 2063,1348 2113,1347 2163,1345 2213,1344 2263,1343 2314,1341"/>
                <TextEquiv>
                    <Unicode>S Madrid, 18. Mai, 4.50 N. Unter dem herkömmlichen</Unicode>
                </TextEquiv>
            </TextLine>
            <TextLine id="r1l6" custom="readingOrder {index:5;}">
                <Coords points="1234,1437 2232,1413 2330,1394 2328,1334 2264,1364 1232,1380"/>
                <Baseline points="1242,1425 1298,1422 1355,1421 1412,1419 1469,1417 1525,1415 1582,1414 1639,1412 1696,1411 1753,1410 1809,1408 1866,1406 1923,1405 1980,1403 2037,1401 2093,1399 2150,1396 2207,1394 2264,1390 2321,1387"/>
                <TextEquiv>
                    <Unicode>Zeremoniell wurden heute die Kortes eröffnet. Der</Unicode>
                </TextEquiv>
            </TextLine>
            <TextLine id="r1l7" custom="readingOrder {index:6;}">
                <Coords points="1220,1475 2265,1459 2326,1442 2325,1395 1220,1453"/>
                <Baseline points="1230,1472 1284,1471 1338,1469 1392,1468 1447,1466 1501,1465 1555,1464 1610,1463 1664,1462 1718,1460 1773,1459 1827,1457 1881,1456 1935,1454 1990,1452 2044,1450 2098,1447 2153,1444 2207,1442 2261,1438 2316,1434"/>
                <TextEquiv>
                    <Unicode>Eindruck der Thronrede, welche die seit Jahren ge¬</Unicode>
                </TextEquiv>
            </TextLine>
            <TextLine id="r1l8" custom="readingOrder {index:7;}">
                <Coords points="1225,1526 2327,1493 2325,1448 2180,1444 1223,1484"/>
                <Baseline points="1234,1520 1288,1519 1342,1517 1396,1516 1450,1514 1504,1513 1558,1512 1613,1510 1667,1508 1721,1507 1775,1506 1829,1504 1883,1502 1937,1500 1992,1499 2046,1496 2100,1494 2154,1492 2208,1489 2262,1487 2317,1484"/>
                <TextEquiv>
                    <Unicode>gebenen Versprechungen von Reformen wiederholt, war</Unicode>
                </TextEquiv>
            </TextLine>
            <TextLine id="r1l9" custom="readingOrder {index:8;}">
                <Coords points="1235,1584 2329,1538 2327,1492 2251,1491 1233,1536"/>
                <Baseline points="1244,1571 1297,1570 1351,1568 1405,1566 1459,1564 1512,1562 1566,1560 1620,1558 1674,1556 1727,1554 1781,1551 1835,1549 1889,1546 1942,1545 1996,1543 2050,1540 2104,1539 2157,1537 2211,1535 2265,1534 2319,1532"/>
                <TextEquiv>
                    <Unicode>mäßig. Die Regierung erhofft von Seiten des Vatikons die</Unicode>
                </TextEquiv>
            </TextLine>
            <TextLine id="r1l10" custom="readingOrder {index:9;}">
                <Coords points="1231,1629 2279,1597 2323,1538 1229,1594"/>
                <Baseline points="1240,1621 1293,1619 1347,1617 1401,1615 1455,1613 1508,1611 1562,1610 1616,1608 1670,1607 1723,1605 1777,1603 1831,1601 1885,1599 1938,1597 1992,1594 2046,1592 2100,1590 2153,1586 2207,1583 2261,1579 2315,1575"/>
                <TextEquiv>
                    <Unicode>Annahme ihres Vorschlages bezüglich der gesetzlichen Stell¬</Unicode>
                </TextEquiv>
            </TextLine>
            <TextLine id="r1l11" custom="readingOrder {index:10;}">
                <Coords points="1233,1677 2320,1637 2318,1594 2260,1587 1231,1628"/>
                <Baseline points="1242,1668 1295,1667 1348,1665 1402,1663 1455,1661 1509,1660 1562,1659 1615,1657 1669,1655 1722,1654 1776,1652 1829,1650 1882,1649 1936,1646 1989,1644 2043,1642 2096,1640 2149,1637 2203,1635 2256,1632 2310,1629"/>
                <TextEquiv>
                    <Unicode>ung der religiösen Orden, erklärt, daß alle Mächte</Unicode>
                </TextEquiv>
            </TextLine>
            <TextLine id="r1l12" custom="readingOrder {index:11;}">
                <Coords points="2033,1706 2088,1699 2109,1714 2227,1695 2300,1707 2324,1695 2323,1651 2280,1638 2264,1646 2232,1637 2210,1649 2169,1640 2158,1652 2117,1641 2088,1659 2032,1652"/>
                <Baseline points="2042,1684 2069,1684 2096,1684 2123,1683 2151,1682 2178,1682 2205,1681 2233,1680 2260,1680 2287,1680 2315,1681"/>
                <TextEquiv>
                    <Unicode>Seinnetnn</Unicode>
                </TextEquiv>
            </TextLine>
            <TextLine id="r1l13" custom="readingOrder {index:12;}">
                <Coords points="1231,1777 2287,1750 2335,1729 2333,1672 2128,1717 1230,1736"/>
                <Baseline points="1241,1777 1295,1775 1349,1773 1403,1771 1457,1770 1512,1768 1566,1767 1620,1765 1674,1764 1728,1763 1783,1761 1837,1760 1891,1758 1945,1756 1999,1753 2054,1751 2108,1748 2162,1744 2216,1741 2270,1737 2325,1732"/>
                <TextEquiv>
                    <Unicode>nicht lebensmögliche Gestalt.“ Wenn die unglückliche</Unicode>
                </TextEquiv>
            </TextLine>
            <TextLine id="r1l14" custom="readingOrder {index:13;}">
                <Coords points="1243,1812 2330,1795 2329,1748 1241,1773"/>
                <Baseline points="1251,1815 1304,1813 1357,1811 1411,1810 1464,1809 1518,1807 1571,1806 1625,1805 1678,1803 1732,1802 1785,1800 1838,1799 1892,1797 1945,1795 1999,1792 2052,1790 2106,1788 2159,1784 2213,1782 2266,1778 2320,1774"/>
                <TextEquiv>
                    <Unicode>Beatrict wirklich aus vier Hälften besteht, so muß man dem</Unicode>
                </TextEquiv>
            </TextLine>
            <TextLine id="r1l15" custom="readingOrder {index:14;}">
                <Coords points="1231,1873 2302,1842 2333,1794 1229,1821"/>
                <Baseline points="1240,1854 1294,1852 1348,1851 1402,1850 1457,1848 1511,1847 1565,1845 1619,1844 1674,1843 1728,1841 1782,1839 1836,1838 1891,1836 1945,1834 1999,1832 2053,1830 2108,1828 2162,1825 2216,1823 2270,1820 2325,1816"/>
                <TextEquiv>
                    <Unicode>Kritiker unbedingt zustimmen, wenn er ihr die Lebensmöglichkeit</Unicode>
                </TextEquiv>
            </TextLine>
            <TextLine id="r1l16" custom="readingOrder {index:15;}">
                <Coords points="1231,1917 1244,1915 1264,1895 1273,1901 1291,1894 1305,1905 1321,1901 1337,1915 1348,1907 1383,1906 1395,1894 1420,1897 1440,1891 1439,1861 1409,1859 1396,1850 1368,1858 1357,1853 1352,1859 1294,1853 1230,1878"/>
                <Baseline points="1239,1892 1266,1892 1293,1891 1321,1890 1348,1889 1376,1888 1403,1887 1431,1886"/>
                <TextEquiv>
                    <Unicode>abspricht.</Unicode>
                </TextEquiv>
            </TextLine>
            <TextLine id="r1l17" custom="readingOrder {index:16;}">
                <Coords points="1376,1954 2346,1908 2344,1866 2266,1855 2215,1887 1374,1905"/>
                <Baseline points="1385,1943 1432,1942 1480,1940 1527,1938 1575,1936 1623,1935 1670,1934 1718,1932 1765,1932 1813,1930 1861,1929 1908,1928 1956,1926 2003,1925 2051,1924 2099,1921 2146,1920 2194,1918 2241,1916 2289,1913 2337,1911"/>
                <TextEquiv>
                    <Unicode>[Frenkfurter Stadttheater.] Die Intendanz der</Unicode>
                </TextEquiv>
            </TextLine>
            <TextLine id="r1l18" custom="readingOrder {index:17;}">
                <Coords points="1247,1983 2346,1968 2344,1909 1246,1944"/>
                <Baseline points="1256,1985 1310,1984 1364,1984 1418,1983 1472,1982 1526,1981 1580,1980 1634,1979 1688,1977 1742,1976 1796,1974 1850,1972 1904,1971 1958,1969 2012,1966 2066,1964 2120,1961 2174,1958 2228,1955 2282,1951 2337,1947"/>
                <TextEquiv>
                    <Unicode>Oper teilk uns mit, daß infolge Unpäßlichkeit des Herrn sel</Unicode>
                </TextEquiv>
            </TextLine>
            <TextLine id="r1l19" custom="readingOrder {index:18;}">
                <Coords points="1240,2035 2339,1997 2304,1955 1239,1980"/>
                <Baseline points="1249,2026 1303,2024 1357,2022 1411,2021 1465,2020 1519,2019 1573,2018 1627,2017 1681,2016 1735,2015 1789,2014 1843,2013 1897,2012 1951,2010 2005,2009 2059,2006 2113,2004 2167,2001 2221,1997 2275,1994 2329,1989"/>
                <TextEquiv>
                    <Unicode>die auf Dienstag, 19. Mai, angekündigte Oper „Rigoleito“ icht</Unicode>
                </TextEquiv>
            </TextLine>
            <TextLine id="r1l20" custom="readingOrder {index:19;}">
                <Coords points="1243,2076 2342,2046 2340,1996 2227,1987 1242,2036"/>
                <Baseline points="1253,2070 1307,2068 1361,2065 1415,2063 1469,2061 1523,2060 1577,2059 1631,2057 1685,2055 1739,2054 1793,2052 1847,2051 1901,2049 1955,2047 2009,2046 2063,2044 2117,2041 2171,2038 2225,2035 2279,2032 2333,2028"/>
                <TextEquiv>
                    <Unicode>gegeben werden kann, dafür geht Gounods „Romeo und</Unicode>
                </TextEquiv>
            </TextLine>
            <TextLine id="r1l21" custom="readingOrder {index:20;}">
                <Coords points="1247,2105 1287,2119 1340,2105 1400,2109 1416,2097 1439,2111 1477,2102 1532,2113 1613,2093 1611,2062 1454,2071 1407,2060 1246,2079"/>
                <Baseline points="1256,2108 1282,2107 1309,2105 1336,2103 1362,2102 1389,2101 1416,2100 1442,2099 1469,2099 1496,2097 1522,2097 1549,2096 1576,2095 1603,2094"/>
                <TextEquiv>
                    <Unicode>Julie“ in Szene.</Unicode>
                </TextEquiv>
            </TextLine>
            <TextLine id="r1l22" custom="readingOrder {index:21;}">
                <Coords points="1384,2163 2256,2138 2339,2130 2338,2087 1382,2110"/>
                <Baseline points="1393,2158 1439,2157 1486,2156 1533,2154 1580,2153 1627,2151 1674,2150 1720,2148 1767,2147 1814,2145 1861,2144 1908,2142 1955,2140 2002,2138 2048,2137 2095,2135 2142,2133 2189,2131 2236,2129 2283,2127 2330,2126"/>
                <TextEquiv>
                    <Unicode>[Kleine Mitteilungen.] Macterlincks neues</Unicode>
                </TextEquiv>
            </TextLine>
            <TextLine id="r1l23" custom="readingOrder {index:22;}">
                <Coords points="1243,2211 2228,2179 2337,2161 2336,2120 1241,2167"/>
                <Baseline points="1251,2200 1304,2199 1358,2197 1412,2196 1466,2194 1520,2193 1573,2192 1627,2191 1681,2189 1735,2188 1789,2187 1842,2185 1896,2184 1950,2183 2004,2181 2058,2179 2111,2176 2165,2174 2219,2171 2273,2167 2327,2163"/>
                <TextEquiv>
                    <Unicode>Drama „Joyzella“ wird in der nächsten Woche in Paris</Unicode>
                </TextEquiv>
            </TextLine>
            <TextLine id="r1l24" custom="readingOrder {index:23;}">
                <Coords points="1242,2239 2343,2220 2341,2161 1241,2211"/>
                <Baseline points="1252,2242 1306,2240 1360,2238 1414,2236 1468,2234 1522,2233 1576,2231 1630,2230 1684,2229 1738,2227 1792,2226 1846,2224 1900,2223 1954,2221 2008,2219 2062,2217 2116,2214 2170,2212 2224,2208 2278,2205 2333,2201"/>
                <TextEquiv>
                    <Unicode>zur ersten Aufführung kommen. — Aus Trier berichtet</Unicode>
                </TextEquiv>
            </TextLine>
            <TextLine id="r1l25" custom="readingOrder {index:24;}">
                <Coords points="1253,2280 2319,2254 2343,2203 1252,2248"/>
                <Baseline points="1262,2281 1315,2278 1369,2276 1422,2275 1476,2274 1530,2271 1583,2270 1637,2269 1691,2267 1744,2266 1798,2265 1852,2263 1905,2262 1959,2260 2013,2258 2066,2257 2120,2254 2174,2251 2227,2249 2281,2246 2335,2243"/>
                <TextEquiv>
                    <Unicode>die Straßburger Po##: Mit der kommissarischen Verwaltung</Unicode>
                </TextEquiv>
            </TextLine>
            <TextLine id="r1l26" custom="readingOrder {index:25;}">
                <Coords points="1249,2321 2084,2283 2354,2306 2352,2237 1248,2284"/>
                <Baseline points="1258,2320 1312,2318 1366,2315 1420,2312 1475,2310 1529,2309 1583,2307 1637,2306 1692,2305 1746,2303 1800,2302 1854,2301 1909,2300 1963,2299 2017,2297 2071,2295 2126,2293 2180,2291 2234,2288 2288,2285 2343,2282"/>
                <TextEquiv>
                    <Unicode>der Landbürgermeisterei Kempfeld im Hochwald</Unicode>
                </TextEquiv>
            </TextLine>
            <TextLine id="r1l27" custom="readingOrder {index:26;}">
                <Coords points="1251,2375 2341,2314 2084,2282 1249,2321"/>
                <Baseline points="1260,2362 1313,2358 1367,2355 1420,2352 1474,2349 1527,2348 1581,2345 1634,2344 1688,2342 1741,2341 1795,2339 1849,2338 1902,2337 1956,2336 2009,2334 2063,2332 2116,2330 2170,2328 2223,2326 2277,2324 2331,2320"/>
                <TextEquiv>
                    <Unicode>(Kreis Bernkastel) ist der Generalmajor a. D. v. Stuck¬</Unicode>
                </TextEquiv>
            </TextLine>
            <TextLine id="r1l28" custom="readingOrder {index:27;}">
                <Coords points="1252,2385 2356,2354 2354,2306 1997,2353 1251,2351"/>
                <Baseline points="1261,2401 1315,2398 1369,2393 1423,2391 1478,2388 1532,2386 1586,2384 1641,2382 1695,2380 1749,2379 1804,2378 1858,2377 1912,2376 1966,2375 2021,2373 2075,2371 2129,2370 2184,2368 2238,2364 2292,2362 2347,2358"/>
                <TextEquiv>
                    <Unicode>rad aus Düsseldorf beauftragt worden Das dürfte wohl</Unicode>
                </TextEquiv>
            </TextLine>
            <TextLine id="r1l29" custom="readingOrder {index:28;}">
                <Coords points="1263,2432 2348,2400 2282,2363 1261,2392"/>
                <Baseline points="1272,2435 1325,2432 1378,2431 1432,2428 1485,2426 1538,2425 1592,2423 1645,2421 1698,2420 1752,2418 1805,2417 1858,2415 1912,2414 1965,2413 2018,2411 2072,2409 2125,2408 2178,2406 2232,2403 2285,2401 2339,2398"/>
                <TextEquiv>
                    <Unicode>der erste Fall sein, daß ein General Landbürgermeister</Unicode>
                </TextEquiv>
            </TextLine>
            <TextLine id="r1l30" custom="readingOrder {index:29;}">
                <Coords points="1257,2464 2352,2439 2308,2401 1256,2431"/>
                <Baseline points="1266,2472 1319,2470 1373,2468 1427,2466 1481,2464 1535,2462 1589,2460 1642,2459 1696,2458 1750,2456 1804,2454 1858,2453 1912,2451 1966,2450 2019,2449 2073,2447 2127,2445 2181,2444 2235,2442 2289,2440 2343,2438"/>
                <TextEquiv>
                    <Unicode>wird. — Aus Wien v. 16. ds. berichtet man: Gelegentlich</Unicode>
                </TextEquiv>
            </TextLine>
            <TextLine id="r1l31" custom="readingOrder {index:30;}">
                <Coords points="1268,2510 2348,2474 2332,2437 1267,2469"/>
                <Baseline points="1277,2512 1330,2509 1383,2506 1436,2504 1489,2502 1542,2500 1595,2498 1648,2497 1701,2496 1754,2495 1808,2493 1861,2492 1914,2491 1967,2490 2020,2488 2073,2486 2126,2484 2179,2481 2232,2479 2285,2476 2339,2472"/>
                <TextEquiv>
                    <Unicode>einer Ehrenbeleidigungs=Verhandlung war als Angeklagter</Unicode>
                </TextEquiv>
            </TextLine>
            <TextLine id="r1l32" custom="readingOrder {index:31;}">
                <Coords points="1262,2551 2350,2526 2348,2474 2210,2503 1261,2506"/>
                <Baseline points="1272,2550 1325,2548 1378,2545 1432,2544 1485,2541 1539,2540 1592,2538 1645,2536 1699,2535 1752,2533 1806,2531 1859,2530 1912,2528 1966,2526 2019,2525 2073,2523 2126,2521 2179,2519 2233,2517 2286,2515 2340,2512"/>
                <TextEquiv>
                    <Unicode>ein gewisser Jakob Spinner vor Gericht geladen. Diese</Unicode>
                </TextEquiv>
            </TextLine>
            <TextLine id="r1l33" custom="readingOrder {index:32;}">
                <Coords points="1259,2602 2345,2576 2357,2514 1257,2554"/>
                <Baseline points="1268,2588 1322,2586 1376,2585 1430,2583 1484,2581 1538,2579 1592,2577 1646,2575 1700,2574 1754,2572 1808,2569 1862,2568 1916,2566 1970,2564 2024,2563 2078,2561 2132,2559 2186,2557 2240,2555 2294,2553 2349,2551"/>
                <TextEquiv>
                    <Unicode>Vorladung erhielt irrtümlicherweise ein Herr Jakob Spunner,</Unicode>
                </TextEquiv>
            </TextLine>
            <TextLine id="r1l34" custom="readingOrder {index:33;}">
                <Coords points="1265,2643 2356,2590 2345,2555 1264,2600"/>
                <Baseline points="1274,2628 1327,2625 1381,2623 1434,2620 1488,2618 1542,2616 1595,2614 1649,2613 1702,2611 1756,2609 1810,2608 1863,2606 1917,2605 1970,2603 2024,2601 2078,2600 2131,2598 2185,2596 2238,2595 2292,2593 2346,2590"/>
                <TextEquiv>
                    <Unicode>der nun folgende Relation an das Gericht leitete: „Ich kann</Unicode>
                </TextEquiv>
            </TextLine>
            <TextLine id="r1l35" custom="readingOrder {index:34;}">
                <Coords points="1261,2670 2356,2626 2351,2592 1260,2645"/>
                <Baseline points="1271,2667 1324,2665 1378,2663 1432,2660 1486,2659 1539,2656 1593,2655 1647,2653 1701,2651 1754,2649 1808,2648 1862,2646 1916,2645 1969,2643 2023,2641 2077,2639 2131,2637 2184,2635 2238,2633 2292,2631 2346,2629"/>
                <TextEquiv>
                    <Unicode>das absolut nicht sein, da ich mindestens seit einem</Unicode>
                </TextEquiv>
            </TextLine>
            <TextLine id="r1l36" custom="readingOrder {index:35;}">
                <Coords points="1268,2711 2264,2687 2357,2673 2355,2624 1266,2665"/>
                <Baseline points="1276,2704 1329,2702 1383,2700 1436,2698 1490,2696 1543,2694 1597,2693 1650,2691 1704,2690 1757,2688 1811,2686 1865,2685 1918,2683 1972,2681 2025,2679 2079,2677 2132,2676 2186,2673 2239,2671 2293,2668 2347,2665"/>
                <TextEquiv>
                    <Unicode>halben Jahre keinen Menschen beleidigt habe.“ — Aus</Unicode>
                </TextEquiv>
            </TextLine>
            <TextLine id="r1l37" custom="readingOrder {index:36;}">
                <Coords points="1261,2743 2368,2729 2366,2662 1260,2711"/>
                <Baseline points="1270,2741 1324,2739 1378,2738 1433,2736 1487,2735 1541,2734 1596,2732 1650,2731 1704,2729 1759,2728 1813,2726 1867,2724 1922,2722 1976,2721 2030,2719 2085,2717 2139,2715 2193,2713 2248,2711 2302,2708 2357,2706"/>
                <TextEquiv>
                    <Unicode>Koburg wirb uns berichtet: Der hiesige Verein für</Unicode>
                </TextEquiv>
            </TextLine>
            <TextLine id="r1l38" custom="readingOrder {index:37;}">
                <Coords points="1266,2771 2180,2771 2357,2757 2356,2716 1265,2745"/>
                <Baseline points="1276,2782 1329,2779 1383,2777 1436,2774 1490,2772 1544,2770 1597,2769 1651,2767 1704,2766 1758,2764 1812,2763 1865,2762 1919,2761 1972,2759 2026,2758 2080,2757 2133,2755 2187,2754 2240,2752 2294,2751 2348,2749"/>
                <TextEquiv>
                    <Unicode>Anthropologie und Landeskunde veranstaltet gegenwärtig</Unicode>
                </TextEquiv>
            </TextLine>
            <TextLine id="r1l39" custom="readingOrder {index:38;}">
                <Coords points="1272,2817 2359,2786 2358,2758 2254,2750 1271,2790"/>
                <Baseline points="1281,2821 1334,2818 1387,2815 1441,2813 1494,2811 1548,2809 1601,2807 1654,2806 1708,2804 1761,2803 1815,2802 1868,2801 1921,2800 1975,2799 2028,2797 2082,2796 2135,2794 2188,2792 2242,2790 2295,2788 2349,2785"/>
                <TextEquiv>
                    <Unicode>Ausgrabungen bei der Ortschaft Ottowind auf der</Unicode>
                </TextEquiv>
            </TextLine>
            <TextLine id="r1l40" custom="readingOrder {index:39;}">
                <Coords points="1262,2880 1667,2832 2356,2840 2370,2789 1260,2813"/>
                <Baseline points="1271,2861 1325,2857 1380,2855 1434,2852 1489,2850 1543,2848 1598,2846 1652,2844 1707,2843 1761,2842 1816,2840 1870,2839 1925,2838 1979,2836 2034,2835 2088,2834 2143,2832 2197,2830 2252,2828 2306,2826 2361,2824"/>
                <TextEquiv>
                    <Unicode>FFlur „im Weihbach“ („geweihter Bach“) und bei Erlebach</Unicode>
                </TextEquiv>
            </TextLine>
            <TextLine id="r1l41" custom="readingOrder {index:40;}">
                <Coords points="1267,2920 1527,2875 2216,2882 2339,2869 2360,2835 1265,2877"/>
                <Baseline points="1275,2897 1328,2895 1382,2892 1436,2891 1490,2889 1544,2887 1597,2886 1651,2884 1705,2883 1759,2881 1813,2879 1866,2878 1920,2876 1974,2875 2028,2873 2082,2871 2135,2869 2189,2867 2243,2865 2297,2863 2351,2861"/>
                <TextEquiv>
                    <Unicode>unweit des meiningischen Städtchens Ummerstadt. Bei</Unicode>
                </TextEquiv>
            </TextLine>
            <TextLine id="r1l42" custom="readingOrder {index:41;}">
                <Coords points="1285,2934 2367,2911 2365,2855 1284,2905"/>
                <Baseline points="1294,2932 1347,2931 1400,2930 1453,2928 1506,2927 1559,2926 1612,2924 1666,2923 1719,2921 1772,2920 1825,2918 1878,2916 1931,2915 1984,2913 2038,2911 2091,2909 2144,2908 2197,2906 2250,2904 2303,2902 2357,2900"/>
                <TextEquiv>
                    <Unicode>Ottowind wurden zwei Gräber geöffnet, das eine enthielt</Unicode>
                </TextEquiv>
            </TextLine>
            <TextLine id="r1l43" custom="readingOrder {index:42;}">
                <Coords points="1284,2975 2362,2957 2361,2911 1283,2934"/>
                <Baseline points="1293,2972 1346,2969 1399,2968 1452,2966 1505,2964 1558,2963 1611,2961 1664,2960 1717,2959 1770,2957 1823,2956 1876,2955 1929,2954 1982,2952 2035,2951 2088,2949 2141,2948 2194,2946 2247,2944 2300,2943 2353,2941"/>
                <TextEquiv>
                    <Unicode>keine Knochenreste, im anderen fanden sich einige vor. Bei</Unicode>
                </TextEquiv>
            </TextLine>
            <TextLine id="r1l44" custom="readingOrder {index:43;}">
                <Coords points="1283,3002 2352,2996 2362,2947 1282,2976"/>
                <Baseline points="1292,3012 1345,3009 1398,3007 1451,3006 1504,3004 1557,3002 1610,3001 1663,2999 1716,2998 1769,2997 1822,2996 1875,2994 1928,2993 1981,2992 2034,2990 2087,2989 2140,2987 2193,2985 2246,2983 2299,2981 2353,2978"/>
                <TextEquiv>
                    <Unicode>Erlebach öffnete man einen regulär gebauten, mit großen</Unicode>
                </TextEquiv>
            </TextLine>
            <TextLine id="r1l45" custom="readingOrder {index:44;}">
                <Coords points="1275,3040 2374,3029 2373,2999 2287,2985 1274,3018"/>
                <Baseline points="1284,3050 1338,3048 1392,3046 1446,3044 1500,3042 1554,3040 1608,3038 1662,3037 1716,3036 1770,3034 1824,3033 1878,3031 1932,3029 1986,3028 2040,3027 2094,3025 2148,3024 2202,3022 2256,3021 2310,3019 2365,3017"/>
                <TextEquiv>
                    <Unicode>Steinen besetzten Hügel, der die Knochen einen einzigen Per¬</Unicode>
                </TextEquiv>
            </TextLine>
            <TextLine id="r1l46" custom="readingOrder {index:45;}">
                <Coords points="1275,3096 2372,3070 2371,3025 1274,3061"/>
                <Baseline points="1284,3088 1337,3085 1391,3084 1445,3081 1499,3080 1553,3078 1607,3077 1661,3075 1715,3074 1769,3073 1823,3072 1876,3070 1930,3069 1984,3068 2038,3066 2092,3065 2146,3064 2200,3063 2254,3061 2308,3060 2362,3058"/>
                <TextEquiv>
                    <Unicode>son enthielt; in einem zweiten Grab fand man neben</Unicode>
                </TextEquiv>
            </TextLine>
            <TextLine id="r1l47" custom="readingOrder {index:46;}">
                <Coords points="1291,3127 2374,3112 2354,3062 2159,3084 2121,3059 1291,3101"/>
                <Baseline points="1300,3128 1353,3125 1406,3122 1459,3120 1512,3119 1565,3117 1618,3115 1672,3114 1725,3112 1778,3111 1831,3110 1884,3109 1937,3108 1990,3107 2044,3106 2097,3104 2150,3103 2203,3101 2256,3099 2309,3096 2363,3093"/>
                <TextEquiv>
                    <Unicode>Knochenteilen den Handstein einer Handmühle. Die Aus¬</Unicode>
                </TextEquiv>
            </TextLine>
            <TextLine id="r1l48" custom="readingOrder {index:47;}">
                <Coords points="1280,3179 2371,3143 2369,3095 1279,3138"/>
                <Baseline points="1289,3168 1342,3165 1396,3162 1449,3160 1503,3158 1557,3156 1610,3155 1664,3153 1717,3152 1771,3151 1825,3150 1878,3149 1932,3148 1985,3146 2039,3145 2093,3143 2146,3141 2200,3139 2253,3137 2307,3134 2361,3130"/>
                <TextEquiv>
                    <Unicode>grabungen werden fortgesetzt werden. — Man schreibt uns</Unicode>
                </TextEquiv>
            </TextLine>
            <TextLine id="r1l49" custom="readingOrder {index:48;}">
                <Coords points="1279,3207 2372,3193 2382,3127 1278,3177"/>
                <Baseline points="1289,3204 1343,3202 1397,3200 1451,3198 1505,3196 1560,3195 1614,3194 1668,3192 1722,3191 1776,3190 1831,3189 1885,3188 1939,3187 1993,3186 2047,3185 2102,3183 2156,3182 2210,3180 2264,3178 2318,3176 2373,3173"/>
                <TextEquiv>
                    <Unicode>aus Sydney, 9. April. Einer Meld#ng aus Brisbane</Unicode>
                </TextEquiv>
            </TextLine>
            <TextLine id="r1l50" custom="readingOrder {index:49;}">
                <Coords points="1283,3241 2386,3235 2385,3192 2336,3178 1282,3208"/>
                <Baseline points="1293,3246 1347,3243 1401,3240 1455,3238 1509,3236 1564,3234 1618,3233 1672,3231 1726,3230 1780,3229 1835,3228 1889,3227 1943,3226 1997,3225 2051,3223 2106,3222 2160,3220 2214,3218 2268,3216 2322,3212 2377,3209"/>
                <TextEquiv>
                    <Unicode>zufolge, soll der Führer des dort ein#etroffenen Kutters</Unicode>
                </TextEquiv>
            </TextLine>
            <TextLine id="r1l51" custom="readingOrder {index:50;}">
                <Coords points="1291,3286 2379,3268 2378,3221 1290,3245"/>
                <Baseline points="1301,3282 1354,3280 1407,3278 1461,3276 1514,3275 1568,3273 1621,3272 1674,3271 1728,3270 1781,3268 1835,3268 1888,3266 1941,3265 1995,3264 2048,3263 2102,3262 2155,3260 2208,3258 2262,3257 2315,3254 2369,3251"/>
                <TextEquiv>
                    <Unicode>„Envy“ während seines letzten Aufenthalts in der Südsee</Unicode>
                </TextEquiv>
            </TextLine>
            <TextLine id="r1l52" custom="readingOrder {index:51;}">
                <Coords points="1285,3331 2388,3308 2386,3249 1284,3282"/>
                <Baseline points="1295,3318 1349,3316 1403,3314 1457,3313 1511,3311 1565,3310 1619,3308 1674,3307 1728,3306 1782,3305 1836,3304 1890,3303 1944,3302 1998,3301 2053,3300 2107,3299 2161,3298 2215,3296 2269,3295 2323,3294 2378,3292"/>
                <TextEquiv>
                    <Unicode>die Ueberreste einer mit Schätzen reich beladenen spanischen</Unicode>
                </TextEquiv>
            </TextLine>
            <TextLine id="r1l53" custom="readingOrder {index:52;}">
                <Coords points="1297,3356 1932,3330 2296,3354 2375,3332 2375,3298 1296,3321"/>
                <Baseline points="1306,3350 1359,3348 1412,3347 1465,3346 1518,3345 1571,3344 1624,3343 1677,3343 1730,3342 1783,3341 1836,3340 1889,3339 1942,3338 1995,3337 2048,3337 2101,3336 2154,3335 2207,3333 2260,3332 2313,3331 2366,3329"/>
                <TextEquiv>
                    <Unicode>Galeone aufgefunden haben. Was an der Sache</Unicode>
                </TextEquiv>
            </TextLine>
            <TextLine id="r1l54" custom="readingOrder {index:53;}">
                <Coords points="1299,3399 2379,3381 2379,3340 1299,3356"/>
                <Baseline points="1308,3388 1361,3386 1414,3385 1467,3384 1520,3383 1573,3382 1626,3381 1679,3380 1732,3379 1785,3378 1839,3377 1892,3376 1945,3375 1998,3375 2051,3374 2104,3373 2157,3373 2210,3372 2263,3371 2316,3371 2370,3370"/>
                <TextEquiv>
                    <Unicode>Wahres ist, kann im Augenblick nicht gesagt werden, da alle</Unicode>
                </TextEquiv>
            </TextLine>
            <TextLine id="r1l55" custom="readingOrder {index:54;}">
                <Coords points="1303,3434 2387,3420 2386,3364 1303,3404"/>
                <Baseline points="1312,3428 1365,3428 1418,3428 1471,3428 1525,3427 1578,3426 1631,3426 1685,3425 1738,3424 1791,3423 1845,3421 1898,3420 1951,3419 2004,3418 2058,3417 2111,3416 2164,3416 2218,3415 2271,3415 2324,3414 2378,3414"/>
                <TextEquiv>
                    <Unicode>näheren Angaben über die Fundstelle usw. von dem Kapitän</Unicode>
                </TextEquiv>
            </TextLine>
            <TextLine id="r1l56" custom="readingOrder {index:55;}">
                <Coords points="1292,3468 2367,3469 2366,3432 2257,3415 1292,3440"/>
                <Baseline points="1301,3469 1353,3469 1406,3468 1459,3467 1512,3466 1565,3465 1617,3464 1670,3462 1723,3461 1776,3459 1829,3458 1881,3457 1934,3456 1987,3455 2040,3454 2093,3454 2145,3454 2198,3454 2251,3455 2304,3456 2357,3458"/>
                <TextEquiv>
                    <Unicode>des Kutters als strengstes Geheimnis behandelt werden.</Unicode>
                </TextEquiv>
            </TextLine>
            <TextEquiv>
                <Unicode>14. Der Schleier der Beatrice
box 20/4
daille für Famitienmurde, A0. 4.1
viele Kinder besitzen.
S Madrid, 18. Mai, 4.50 N. Unter dem herkömmlichen
Zeremoniell wurden heute die Kortes eröffnet. Der
Eindruck der Thronrede, welche die seit Jahren ge¬
gebenen Versprechungen von Reformen wiederholt, war
mäßig. Die Regierung erhofft von Seiten des Vatikons die
Annahme ihres Vorschlages bezüglich der gesetzlichen Stell¬
ung der religiösen Orden, erklärt, daß alle Mächte
Seinnetnn
nicht lebensmögliche Gestalt.“ Wenn die unglückliche
Beatrict wirklich aus vier Hälften besteht, so muß man dem
Kritiker unbedingt zustimmen, wenn er ihr die Lebensmöglichkeit
abspricht.
[Frenkfurter Stadttheater.] Die Intendanz der
Oper teilk uns mit, daß infolge Unpäßlichkeit des Herrn sel
die auf Dienstag, 19. Mai, angekündigte Oper „Rigoleito“ icht
gegeben werden kann, dafür geht Gounods „Romeo und
Julie“ in Szene.
[Kleine Mitteilungen.] Macterlincks neues
Drama „Joyzella“ wird in der nächsten Woche in Paris
zur ersten Aufführung kommen. — Aus Trier berichtet
die Straßburger Po##: Mit der kommissarischen Verwaltung
der Landbürgermeisterei Kempfeld im Hochwald
(Kreis Bernkastel) ist der Generalmajor a. D. v. Stuck¬
rad aus Düsseldorf beauftragt worden Das dürfte wohl
der erste Fall sein, daß ein General Landbürgermeister
wird. — Aus Wien v. 16. ds. berichtet man: Gelegentlich
einer Ehrenbeleidigungs=Verhandlung war als Angeklagter
ein gewisser Jakob Spinner vor Gericht geladen. Diese
Vorladung erhielt irrtümlicherweise ein Herr Jakob Spunner,
der nun folgende Relation an das Gericht leitete: „Ich kann
das absolut nicht sein, da ich mindestens seit einem
halben Jahre keinen Menschen beleidigt habe.“ — Aus
Koburg wirb uns berichtet: Der hiesige Verein für
Anthropologie und Landeskunde veranstaltet gegenwärtig
Ausgrabungen bei der Ortschaft Ottowind auf der
FFlur „im Weihbach“ („geweihter Bach“) und bei Erlebach
unweit des meiningischen Städtchens Ummerstadt. Bei
Ottowind wurden zwei Gräber geöffnet, das eine enthielt
keine Knochenreste, im anderen fanden sich einige vor. Bei
Erlebach öffnete man einen regulär gebauten, mit großen
Steinen besetzten Hügel, der die Knochen einen einzigen Per¬
son enthielt; in einem zweiten Grab fand man neben
Knochenteilen den Handstein einer Handmühle. Die Aus¬
grabungen werden fortgesetzt werden. — Man schreibt uns
aus Sydney, 9. April. Einer Meld#ng aus Brisbane
zufolge, soll der Führer des dort ein#etroffenen Kutters
„Envy“ während seines letzten Aufenthalts in der Südsee
die Ueberreste einer mit Schätzen reich beladenen spanischen
Galeone aufgefunden haben. Was an der Sache
Wahres ist, kann im Augenblick nicht gesagt werden, da alle
näheren Angaben über die Fundstelle usw. von dem Kapitän
des Kutters als strengstes Geheimnis behandelt werden.</Unicode>
            </TextEquiv>
        </TextRegion>
    </Page>
</PcGts>
