3484 4352
266 279 1799 381 14. Der Schleier der Beatrice
179 1400 1512 1515 sönlichen Günstlinge des Sultans, die Vor= ein aus verschiernen
1105 1435 2078 1527 umschlag — eines der Stücke war in der Totenkammer
187 1493 1100 1571 en der Minister gewöhnlich nach eigenem
1103 1508 2073 1579 und eines in einem Mauerloche mit Geld gefunden
180 1539 1093 1615 messen änderten, so konnte von einer ver¬
1101 1546 2085 1611 worden — und Tintenflecken auf dem Hemdärmel
187 1596 1098 1659 twortlichen staatsmännischen Thätigkeit der
1110 1594 2086 1667 Brierres, von denen man annahm, sie rührten von
1103 1647 2078 1693 einem umgeworfenen Tintenfaß in der Kammer her.
179 1638 1096 1709 forte überhaupt keine Rede sein. Vor allem
1101 1689 2086 1739 Was als Hauptbeweggrund des Verbrechens angegeben
180 1687 1092 1765 r war es dem Finanzminister völlig unmög¬
1098 1725 2084 1780 worden war, sein Verlangen nach der Heirat mit einer
225 1744 1096 1818 gemacht, die Einnahmen und Ausgaben
1105 1814 2086 1890 minutiös deutlich geschildert, alles greift so geschickt
194 1834 907 1900 Denn dieser war ein Bote, ausgesandt,
1108 1873 2086 1920 ineinander, daß, so lange wir uns im Banne der
190 1876 943 1942 Das Grüßen einer hingeschwundnen Welt
1111 1915 2098 1979 Dichtung befinden, nicht der leifeste Zweifel an
180 1932 777 1977 Lebendig jeder neuen zu bestellen
1115 1939 2086 2021 der Wahrscheinlichkeit des Ganzen aufkommen kann.
194 1942 848 2033 Und hinzuwandeln über allen Tod!“
1101 2001 2091 2067 Das ist es eben, was dieser Romantiker von heute
186 2001 1102 2084 Was aber an dem Beatrice=Drama am meisten
1106 2047 2086 2112 vor den Romantikern von Anno 1800 voraus hat: er
184 2069 1102 2134 oniert, das ist die Ueberlegenheit des Dichters, seine
1108 2093 2088 2153 kennt die Bühne so gut, wie nur sehr wenige unter
189 2112 1100 2165 ene Souveränität über dem Stoffe, die wir immer
1098 2141 2090 2205 den zeitgenössischen Dramatikern. Er hat es in seinen
188 2150 1102 2219 der bewundern müssen. Er häuft Geschick auf Geschick,
1102 2183 2086 2237 frühern Stücken bewiesen, vor allem in dem kleinen,
191 2210 1091 2257 kuation auf Situation, immer kommt etwas anderes,
1107 2219 2093 2285 geradezu als Muster dramatischer Technik dastehenden
193 2244 1098 2307 der Leser erwartet hat. Und gerade das ist es, was
1110 2269 2086 2344 Einakter: „Die Gefährtin“. Die größten Schwierig¬
183 2296 1103 2354 ethe an Byron so sehr bewunderte. „Dasjenige,
1116 2319 2089 2374 keiten weiß er zu überwinden. Und dieser außerordent¬
202 2323 1106 2392 8 ich die Erfindung nenne“, sagte Goethe einmal zu
1118 2360 2096 2430 lichen Vertrautheit mit der Bühne, die er sich in seinen
176 2372 1102 2426 em getreuen Eckermann, „ist mir bei keinem Menschen
1106 2402 2093 2468 am realistischen Drama zugebrachten poetischen Lehr¬
186 2418 1107 2468 der Welt größer vorgekommen als bei ihm. Die
1105 2438 2093 2513 jahren erworben, verdankt er es, daß er auch bei dem
205 2461 1105 2520 t und Weise, wie er einen dramatischen Knoten löst,
1119 2484 2104 2549 kühnsten Aufflug seiner Schaffenskraft niemals den
190 2511 1108 2576 stets über alle Erwartung und immer besser, als
1111 2530 2107 2594 festen Halt unter den Füßen verliert. „Wahrscheinlichkeit
195 2550 1099 2609 n es sich dachte.“ Und es ist, als wenn Schnitzler
1111 2577 2108 2632 ist die Bedingung der Kunst, aber innerhalb des Reiches
190 2588 1103 2654 st an dieseritheit der Gestalten, an dieser
1114 2626 2096 2685 der Wahrscheinlichkeit muß das Höchste geliefert werden,
199 2640 1106 2708 rrnis der Situationen sich voll Entzückung weidete,
1115 2672 2088 2725 was sonst nicht zur Erscheinung kommt.“ Mich dünkt,
205 2685 1111 2746 wenn er geradezu mit Behagen all' die seltsamen
1117 2706 2095 2770 nicht oft dürfte man einer Dichtung begegnen, die
184 2727 1105 2787 schicke eines nach dem andern aufrollte, als wenn
1120 2754 2088 2818 diese weisen Worte Goethes in solchem Maße befolgen
200 2766 1100 2837 uns zurufen wollte: „Schaut, wie reich ich bin,
1121 2795 2000 2872 würde, wie es „Der Schleier der Beatrice“ thut.
187 2818 983 2884 ut, was ich alles kann!“ Und er kann es.
1177 2855 2100 2900 Und wenn man nun bedenkt, daß Kritik, Theater¬
205 2831 1118 2929 Und dann: wir wissen ja, das alles ist reine
1116 2896 2096 2946 direktoren und Publikum sich gegen diese mächtige
196 2908 1112 2974 hantasie des Dichters, er spielt mit uns, gerade so
1124 2941 2101 2986 Schöpfung eines unserer begabtesten Dichter geradezu
198 2953 1111 3009 ees ein Tieck in seinen Dramen thut. Diese Fülle
1123 2983 2096 3049 verschworen zu haben scheinen, nur weil sie weder ein
205 2997 1112 3056 nEreignissen, diese Menschen mit ihrem seltsamen
1118 3023 2098 3083 modisches Problemstück, noch ein Märchenstück, noch ein
193 3040 1105 3104 esen und ihren wunderbar verschlungenen Schicksalen,
1130 3068 2096 3120 Salonlustspiel ist, und wenn man anderseits sieht, wie
188 3082 1112 3144 ses Auf und Nieder von Gefühlsemotionen, diese
1126 3113 2104 3165 die Capricen eines Blumenthal täglich in spaltenlangen
190 3121 1118 3196 eime Macht der Lebensgewalten — und all das
1130 3159 2101 3214 Abhandlungen breitgetreten werden, so muß man sich
192 3182 1113 3230 kammengedrängt wie in einem Zauberkasten, wo wir
1119 3189 2114 3265 sagen, daß wir es auf diesem Punkte im Grunde nicht
202 3220 1125 3275 e Ewigkeit in wenigen Minuten durchmessen! Und
207 3247 2125 3331 hdas einzelue ist so realistisch glaubhaft, so viel weiter gebracht haben. als vor hundert Jahren. da 1
1936 264 2399 358 box 20/3
2094 1442 3084 1530 geneigter als vordem. Sie stehen dabei aber
2090 1514 3072 1573 heute noch, wie gestern und ehedem, auf dem
2087 1562 3074 1623 unverrückbaren Standpunkt, daß für sie nur
2086 1598 3075 1669 Friedensvorschläge, die ihre eigene Unabhängigkeit
2088 1670 3070 1722 und die Amnestie der aufständischen Kapkolonisten
2091 1705 3076 1779 gewährleisten, in Betracht kommen und den
2094 1811 3083 1885 Schiller und Goethe ihre Dramen schrieben und Kotzebue
2091 1861 3069 1924 aufgeführt wurde. Und ich glaube, man braucht nur
2099 1910 3079 1967 die Namen zu ändern, dann passen jene Worte Platens,
2091 1954 3090 2025 mit denen der Dichter seine Zeitgenossen geißelte, auch
2098 1995 2418 2062 auf unsere Zeit:
2103 2024 3088 2113 „Mittelmäßigem klatscht ihr Beifall, duldet das Er¬
2753 2076 3011 2139 hab'ne bloß,
2097 2101 3083 2191 Und verbannet fast schon alles, was nicht ganz ge¬
2746 2155 2968 2207 dankenlos.
2091 2200 3090 2270 Ja, in einer Stadt des Nordens, die so manches Uebels
2753 2234 2914 2287 Quell,
2101 2252 3096 2357 Preist man Ctaurens Albernheiten und verbietet Schillers
2752 2314 2897 2364 Tell!“
2615 2338 3081 2433 Jonas Fränkel.
2150 2347 2292 2440 Bern.
2334 2475 2815 2576 Kleine Chronik.
2146 2544 3082 2639 — (Mitgeteilt.) Soeben ist aus dem großen
2097 2604 3085 2684 Sammelwerke Bibliographie für schwei¬
2097 2647 3081 2724 zerische Landeskunde erschienen: Fascikel V 1
2102 2691 3094 2769 und 2 Anthropologie und Vorgeschichte, herausgegeben
2106 2741 3084 2800 von Prof. Dr. Rud. Martin und Dr. Jak. Heierli,
2104 2788 3094 2843 beide in Zürich. Der erste Teil enthält ca. 160 Titel
2096 2828 3084 2899 über physische Anthropologie der schweizerischen Be¬
2108 2873 3086 2936 völkerung und ist von Prof. Martin zusammengestellt,
2105 2921 3090 2975 während der zweite Teil von Dr. Heierli über 2000
2101 2971 3090 3040 Titel, die Urgeschichte der Schweiz betreffend, aufweist.
2104 3020 3101 3069 Das Heft wird den Interessenten von großem Nutzen
2113 3057 3093 3120 sein; es ist zum Preise von 2 Fr. 50 durch alle Buch¬
2110 3094 3098 3179 handlungen, sowie beim Verleger K. I. Wyß in Bern
2110 3157 2349 3224 zu beziehen.
