3484 4448
935 81 1793 149 esmgeweun. Der üllicht
904 133 1506 194 Premierenkampf entspann sich
1511 141 1782 204 zwar, aber
903 183 1784 236 diejenigen, die ohne ihr Theaterskandälchen an einem
906 234 1788 289 Premieren=Sonnabend die ganze verflossene Woche
905 278 1783 336 für verpfuscht halten, kamen nicht auf die Rechnung.
899 323 1785 368 Schnitzler konnte zum Schluß jedes Aktes vor den Vor¬
905 366 1774 416 hang treten, und wenn's auch nur für wenige Sekunden
905 406 1778 466 war. Er hat sich durch ein Zuviel an Details, durch
904 455 1779 503 allzu große Gründlichkeit der Motivierungen, durch die
893 499 1778 561 breite Schilderung des Zeitkolorits und durch eine
902 526 1786 596 Ueberfülle verknüpfter Handlungen ein Werk
900 589 1786 638 verdorben, das große dichterische Schönheiten enthält
900 619 1781 679 und geistvolle Momente hat, das aber in der
892 660 1346 728 eigenen Wirrnis ersticken
1348 670 1773 734 muß. Außerdem wurde
887 709 1483 771 die Tragödie mit vielfach
1497 716 1770 777 unzulänglichen
896 766 1774 816 schauspielerischen Mitteln gespielt, denn das
897 805 1782 855 Deutsche Theater ist in seiner augenblicklichen Zu¬
897 839 1770 908 sommensetzung für eine Kunst diszipliniert, die der
893 889 1768 954 des Schnitzlerschen Werkes diametral entgegengesetzt
891 932 1778 998 ist. Und so hat Schlenthers Brief, in welchem
881 980 1775 1028 er vor zwei Jahren dem Dichter abriet, sein Werk in
881 1005 1776 1091 Berlin geben zu lassen, eigentlich eine praktische
884 1056 1769 1115 Bestätigung gefunden. Trotzdem hat es gestern
879 1115 1761 1160 einzelne ganz respektable Leistungen gegeben, aber ein
880 1159 1776 1216 Werk wie dieses verlangt einen bestimmten Stil, der
878 1201 1605 1257 nicht von gestern auf heute zu erlangen ist.
944 1242 1670 1293 Schnitzler hat in seiner Beatrice
1673 1225 1773 1302 der
886 1270 1762 1342 Typus eines Weibes vorgeschwebt von der Art
883 1328 1758 1385 jener, die in aller Kindlichkeit sündhaft
885 1367 1764 1436 sind, ohne schlecht zu sein. Uebles verschulden.
874 1419 1758 1462 Von Mann zu Mann lockt sie eine innere Flatter¬
876 1458 1757 1521 haftigkeit, wenn sie Leid anrichten, weinen sie,
881 1513 1759 1566 aber im nächsten Augenblick lachen sie um so heller.
880 1545 1755 1610 Sie hat das Unglück, von den Männern zu schwer
880 1599 1758 1654 genommen zu werden. Und daran gehen diese
872 1630 1766 1699 und schließlich auch sie zugrunde. Schnitzler
866 1680 1760 1736 hätte dies Kätzchen in einer seiner Wiener
877 1726 1758 1790 Komödien vorführen können, allein ihn lockten die
879 1756 1756 1822 Farben der italienischen Renaissance, und er brauchte den
876 1817 1755 1855 Vers, um tieferen Gedanken und Gefühlen ein prunkend
864 1854 1751 1917 Staatsgewand zu geben. Die Wiener kokettierten schon in
864 1907 1747 1965 den Tagen des krassesten Naturalismus mit der Zeit Cesare
866 1946 1770 2013 Borgias und Tizians; Hugo von Hofmannsthal war“
872 1978 1743 2048 unter ihnen der erste, der die genialen Gewalt¬
873 2017 1749 2088 menschen und interessanten Machthaber, die sensiblen
865 2068 1751 2147 Künstler und Kunstliebhaber aus Chroniken hervor=
864 2116 1753 2169 holte und ihren Zweifelsinn, ihre Liebes¬
872 2167 1745 2210 händel, ihre Gondelgeheimnisse, ihre Meuchel¬
869 2214 1753 2273 morde und Kriege in farbigen Stimmungs¬
867 2243 1745 2316 bildern nachzugestalten suchte. Die allgemeine Nietzsche¬
871 2290 1739 2358 Trunkenheit erweckte ein Verwandtschaftsgefühl zu
870 2347 1739 2395 den rücksichtslosen Herrenmenschen der goldenen Zeit
871 2390 1736 2451 italienischer Städterepubliken und Tyrannenstaaten.
865 2417 1742 2488 „Renaissance=Mensch“, das wurde ein Schlag¬
858 2474 1749 2531 vort von ganz besonderem Klang. Arthur Schnitzler, dem
864 2511 1745 2579 die Derbheit kräftiger Naturalismen schon immer fremd
863 2566 1747 2621 war, konnte leicht von den Reizen der Renaissance¬
851 2606 1745 2657 Schönheit gefangen werden. Die kleine Studie wäre
864 2651 1741 2702 ihm wohl gelungen, eine große Tragödie, oder wie
860 2686 1746 2735 er sich die Aufgabe stellte: die „schwere“ Tragödie
851 2734 1735 2806 mußte, seiner ganzen Veranlagung nach, über seine
854 2772 1737 2841 Kraft gehen. Sein „Schleier der Beatrice“ zeigt ihn
851 2829 1730 2886 als seiner Aufgabe unterlegen. Denn wieviel
847 2861 1736 2919 Studiue und Arbeit auch in dem Werke stecken mag,
855 2910 1730 2974 es trägt dennoch in seiner übermäßigen Ausbreitung
851 2946 1728 3019 den Stempel der Gewaltsamkeit, und wenn
852 2998 1728 3066 es auch Stellen von außerordentlicher Schön¬
854 3036 1039 3099 heit hat,
1039 3039 1279 3096 so ist es
1288 3050 1734 3104 im ganzen in seiner
840 3091 1738 3137 Handlung zwiespältig, bei allen Kompositions¬
847 3120 1725 3199 künsten dennoch zerfahren. Allzuviel Detail, das zur
847 3174 1731 3222 Charakteristik der Zeit und deren Kultur auf¬
839 3222 1729 3285 geboten wird, versperrt dem geraden Gang der Dinge
837 3259 1720 3323 den Weg. Die ersten Akte, in denen der Rotstift
836 3294 1721 3367 des Regisseurs viel zu schaffen hatte, sind ungemein
835 3341 1731 3419 zähe, und schier mühselig schält sich aus dem Hin und
845 3387 1387 3448 Her der Kern der Dinge heraus.
892 3430 1717 3497 Wir sind in Bologna. Zeit: Anfang des 16. Jahr¬
834 3488 1720 3541 hunderts. Also Cinquecento, wie die Italiener sagen.
834 3529 1724 3583 Die Stadt ist belagert. und Cesare Borgia ist im
835 3564 1717 3634 Anmarsch, um sie zu stürmen. Die Bewohner werden
829 3603 1726 3669 die letzte Nacht, die sie von ihrem Untergange trennt,
828 3661 1718 3702 verjubeln. Filippo Loschi. der Poct, um dessen Freund¬
830 3706 1709 3760 schaft der Herzog vergebens wirbt, will mit seiner
832 3748 1720 3798 Geliebten Beatrice Nardi, eines Wappenschneiders
826 3784 1714 3845 Töchterlein, um derenwillen er ein Verlöbnis mit
832 3837 1718 3894 einer Edeldame brach, die Stadt verlassen. Aber als
828 3882 1708 3933 ihm Beatrice verzückt erzählt, daß sie in einem
828 3914 1715 3979 wonniglichen Traum dem Herzog, in den alle Weiber
824 3965 1708 4038 vernarrt sind, angehört habe, weist er sie in
1820 101 2697 172 Wer Kacem un S g suhrr
1816 140 2685 212 sie den Herzog in das Haus Filippos, wo dann die
1814 190 2690 257 Abrechnung erfolgt. Sie, die den Tod zweier Männer
1811 246 2691 307 verschuldete, erhält von ihrem Bruder den Gnadenstoß.
1870 282 2680 342 Nach den interessanten Ansätzen des ersten und
1804 329 2682 395 zweiten Aktes ertrinkt das Beste halb in bolog¬
1798 378 2684 428 nesischen Staatsaktionen, halb in einem Uebermaß von
1799 403 2690 467 Schilderungen einer Zeit, die nie so gewesen, wie sie
1807 464 2691 526 Schnitzler bildet. Unvermittelt geht es aus einer
1808 505 2677 565 Stimmung in die andere; aber es gelingt dem Dichter
1812 546 2688 595 zumcist, den großen Ton zu treffen, wenngleich er
1802 588 2679 653 mitunter gar zu sehr als unter dem direkten
1803 628 2676 693 Druck Shakespeares erscheint. Die Verse, unter denen
1798 681 2684 743 viel Schönes und Geistvolles aufklingt, haben oft die
1802 709 2070 772 Diktion der
2072 725 2108 760 □
2109 721 2669 785 Schlegelschen Shakespeare=Ueber¬
1806 765 2686 840 setzung. Einzelne Scenen sind von ungemein
1795 813 2678 876 dramatischer Kraft und einer vollendeten Schön¬
1795 853 2682 904 heit in der Linie. So die ganze Hälfte des
1797 893 2668 957 dritten Aktes, der zum Schönsten gehört, was in den
1802 940 2679 1006 letzten Jahren die deutsche Dramatik geschaffen. Es
1791 987 2672 1049 ist wahrhaftig zu bedauern, daß sich Schnitzler in
1788 1023 2675 1089 der Verteilung und Durcharbeitung seines Stoffes
1802 1072 2674 1121 nicht mehr Mäßigung auferlegt hat, er hätte ein präch¬
1789 1120 2391 1174 tiges Werk geschaffen haben können.
1854 1151 2667 1224 Die Darstellung mühte sich redlich mit Dingen,
1800 1191 2674 1260 die ihr nicht liegen. Rittner als Filippo hatte viel
1798 1243 2672 1317 Feuer und Kraft, allein ihm fehlt der Adel für
1795 1285 2675 1360 solche Gestalten. Kayßler als Herzog hatte
1792 1336 2673 1399 wohl den Schwung für einen solchen Mann,
1788 1381 2667 1444 jedoch für das Versesprechen fehlt ihm ein
1789 1426 2668 1488 Drill, der unerläßlich ist Denn Begabung hat
1782 1472 2672 1520 er dafür, wie keiner unter den jüngeren mehr:
1779 1514 2662 1579 Irene Triesch als Bealrice war wohl voll
1778 1555 2661 1615 Koketterien, und auch di Kindlichkeiten hatte sie
1785 1605 2653 1663 und auch den Schrei des Schreckens, jedoch
1785 1645 2659 1708 das verführerische Weib, das ganz
1780 1677 2664 1741 Bologna den Kopf verdreht, das mußte sie
1784 1730 2480 1797 schuldig bleiben. Die übrige Darstellung,
2546 1736 2660 1796 es ist
1774 1773 2664 1843 eine unüberschauliche Zahl von Nollen — hielt sich
1775 1822 2662 1881 im Mittelmaße herabgedrückter Ansprüche. Sauer,
1778 1866 2482 1923 Sommerstorff, die Dumont ausgenommen.
2236 1909 2650 1993 Norbert Falk.
