3436 4224
1919 171 2355 273 box 20/6
1336 193 1475 259 Bea
258 190 1891 303 14. Der Schleier der Setrige
2247 1603 3355 1666 minutiös deutlich geschildert, alles greift so geschickt Schil
1319 1601 2056 1667 Denn dieser war ein Bote ausgesandt
288 1612 1272 1681 bloß ein großmäuliger Dilettant und Prahler? — haben
2257 1647 3345 1693 ineinander, daß, so lange wir uns im Banne der aufge
1322 1651 2094 1712 Das Grüßen einer hingeschwundnen Welt
278 1662 1274 1725 wir hier einen wirklichen Künstler vor uns, dessen
1335 1697 1935 1741 Lebendig jeder neuen zu bestellen
3235 1689 3352 1742 die N
2249 1683 3236 1746 Dichtung befinden, nicht der leiseste Zweifel an
289 1692 1281 1757 Name auf aller Lippen ruht, einen gottbegnadeten
1340 1726 2009 1789 Und hinzuwandeln über allen Tod!“
2250 1728 3241 1787 der Wahrscheinlichkeit des Ganzen aufkommen kann.
3231 1730 3351 1788 mit
293 1744 1278 1824 Schafsenden, an dessen Thun und Lassen man nicht
2251 1779 3233 1830 Das ist es eben, was dieser Romantiker von heute
1327 1773 2246 1849 Was aber an dem Beatrice=Drama am meisten
293 1788 1265 1846 mäkeln darf, weil er durch seine Kunst geheiligt ist.
2250 1826 3237 1884 vor den Romantikern von Anno 1800 voraus hat: er
3285 1822 3358 1882 Mit
1280 1821 2243 1882 imponiert, das ist die Ueberlegenheit des Dichters, seine
295 1837 1265 1906 „Ihr, Cofini“, sagt der Herzog zu einem seiner
2251 1869 3226 1916 kennt die Bühne so gut, wie nur sehr wenige unter
1270 1873 2240 1932 seltene Souveränität über dem Stoffe, die wir immer
303 1884 562 1954 Höflinge —
3284 1881 3335 1963 nd
2254 1900 3241 1965 den zeitgenössischen Dramatikern. Er hat es in seinen
1285 1911 2240 1980 wieder bewundern müssen. Er häuft Geschick auf Geschick,
420 1925 690 1995 „Ihr, Cosini,
2252 1952 3224 2018 frühern Stücken bewiesen, vor allem in dem kleinen,
1291 1962 2241 2024 Situation auf Situation, immer kommt etwas anderes,
336 1957 1167 2015 Und Euresgleichen könnt nicht ganz verstehn,
3236 1960 3348 2052 Ja, i
2252 2006 3236 2055 geradezu als Muster dramatischer Technik dastehenden
1277 2011 2247 2066 als der Leser erwartet hat. Und gerade das ist es, was
343 2014 1182 2062 So klug Ihr seid, was solche Menschen treibt,
2248 2041 3232 2094 Einakter: „Die Gefährtin“. Die größten Schwierig¬
348 2049 1140 2112 Den Kopf zu schütteln oder „ja“ zu nicken,
1293 2050 2241 2104 Goethe an Byron so sehr bewunderte. „Dasjenige,
3230 2040 3360 2134 Preist
2250 2091 3232 2140 keiten weiß er zu überwinden. Und dieser außerordent¬
355 2093 1179 2143 Wie erst so vieles andre! Mir ist manchmal,
1292 2096 2250 2148 was ich die Erfindung nenne“, sagte Goethe einmal zu
352 2120 1185 2192 Als ahnt' ich das Geheimnis solcher Seelen!“
2258 2126 3240 2181 lichen Vertrautheit mit der Bühne, die er sich in seinen
1290 2136 2245 2195 seinem getreuen Eckermann, „ist mir bei keinem Menschen
2256 2169 3240 2222 am realistischen Drama zugebrachten poctischen Lehr¬
348 2176 1264 2246 Und geradezu berauschend schön ist das Hohelied,
1279 2189 2251 2239 in der Welt größer vorgekommen als bei ihm. Die
1291 2212 3238 2276 Art und Weise, wie er einen dramatischen Knoten löst, jahren erworben, verdankt er es, daß er auch bei dem
292 2221 1264 2277 das ihm der Herzog am Schluß des Stückes singt.
2252 2260 3247 2316 kühnsten Aufflug seiner Schaffenskraft niemals den
296 2267 1266 2320 Solchen begeisterten Ausbrüchen der Bewunderung für
1274 2265 2248 2325 ist stets über alle Erwartung und immer besser, als
2256 2297 3248 2369 festen Halt unter den Füßen verliert. „Wahrscheinlichkeit
288 2308 1273 2367 die Kunst, als das in der Vergänglichkeit alles Seins
1287 2315 2254 2374 man es sich dachte.“ Und es ist, als wenn Schnitzler
2247 2340 3232 2403 ist die Bedingung der Kunst, aber innerhalb des Reiches
294 2358 1047 2430 allein Verharrende, begegnet man selten.
1291 2357 2256 2412 selbst an dieser Buntheit der Gestalten, an dieser
2254 2395 3238 2446 der Wahrscheinlichkeit muß das Höchste geliefert werden,
1289 2407 2252 2456 Wirrnis der Situationen sich voll Entzückung weidete,
435 2405 850 2466 „Geschäh' ein Wunder,
2253 2434 3242 2486 was sonst nicht zur Erscheinung kommt.“ Mich dünkt,
354 2415 1154 2495 Und würfen wir den Borgia in den Staub
1286 2445 2242 2498 als wenn er geradezu mit Behagen all' die seltsamen
3235 2365 3326 2539 12
2251 2477 3238 2532 nicht oft dürfte man einer Dichtung begegnen, die
364 2474 1268 2532 Und brächten Freiheit unserer Stadt und zwängen
1275 2491 2252 2551 Geschicke eines nach dem andern aufrollte, als wenn
363 2524 1158 2577 Zehn, hundert andere — dieses ganze Land,
3241 2525 3334 2575 von
2257 2520 3242 2581 diese weisen Worte Goethes in solchem Maße befolgen
1286 2526 2244 2590 er uns zurufen wollte: „Schaut, wie reich ich bin,
360 2559 1135 2625 Uns zu gehorchen, und ein Reich erstünde,
2252 2576 3144 2636 würde, wie es „Der Schleier der Beatrice“ thut.
1283 2581 2124 2634 schaut, was ich alles kann!“ Und er kann es.
361 2594 1192 2653 So mächtig und geeint, wie's Rom gewesen,
2299 2603 3240 2679 Und wenn man nun bedenkt, daß Kritik, Theater¬
1339 2602 2251 2669 Und dann: wir wissen ja, das alles ist reine
358 2640 1150 2688 Und jenes fernste, dessen Schritt wir sahn',
2256 2650 3231 2709 direktoren und Publikum sich gegen diese mächtige
1300 2660 2245 2720 Phantasie des Dichters, er spielt mit uns, gerade so
367 2669 1242 2726 Und wenn's durch tausend Jahre herrlich blühte:
2267 2694 3239 2754 Schöpfung eines unserer begabtesten Dichter -geradezu
1299 2704 2251 2760 wie es ein Tieck in seinen Dramen thut. Diese Fülle
369 2708 1251 2768 Einmal siel's doch in Trümmer, wie die andern.
3244 2742 3361 2801 Titel,
2255 2733 3252 2799 verschworen zu haben scheinen, nur weil sie weder ein
1294 2752 2254 2802 von Ereignissen, diese Menschen mit ihrem seltsamen
372 2755 1198 2798 Ein Lied von Dem, verwehts der Zufall nicht
3238 2786 3330 2839 Da
2251 2788 3238 2849 modisches Problemstück, noch ein Märchenstück, noch ein
1301 2796 2256 2845 Wesen und ihren wunderbar verschlungenen Schicksalen,
373 2802 1115 2852 Ost ew'ger als der kühnste unserer Siege,
3242 2831 3357 2887 sein;
2261 2831 3234 2884 Salonlustspiel ist, und wenn man anderseits sieht, wie
367 2831 1084 2891 Der wieder nur Vergängliches erringt!
1288 2838 2248 2893 dieses Auf und Nieder von Gefühlsemotionen, diese
372 2856 1131 2918 Dran werden Menschen einer späten Zeit,
3251 2877 3376 2934 handl
2255 2884 3240 2938 die Capricen eines Blumenthal täglich in spaltenlangen
1294 2884 2257 2945 geheime Macht der Lebensgewalten — und all das
371 2910 1132 2969 Der unsre Thaten nichts als Worte sind,
2249 2917 3241 2976 Abhandlungen breitgetreten werden, so muß man sich
3245 2919 3374 2995 zu be
1289 2927 2261 2983 zusammengedrängt wie in einem Zauberkasten, wo wir
364 2927 1160 3008 In kühlen Stein gegraben zum Gedächtnis,
1295 2961 3237 3019 eine Ewigkeit in wenigen Minuten durchmessen! Und sagen, daß wir es auf diesem Punkte im Grunde nicht
369 2981 1084 3044 Wie wir, die Mitgebornen, sich erfreun
1289 2988 3258 3091 doch das einzelne ist so realistisch glaubhaft, so viel weiter gebracht haben. als vor hundert Jahren. da
361 3009 1244 3088 Mit gleich Lächeln und mit gleichen Thränen.
