3436 4224
189 3475 298 3530 nann 2
1906 169 2361 261 box 20/6
1320 184 1377 252 B
237 174 1830 296 14. Der Schleier der beatrice
2628 790 2736 855 39
1681 790 2093 874 Burgtheater=Première.
1880 883 2715 940 cierte Aufgabe für unseren engeren Lands¬
349 887 586 975 at so lustige
1877 937 2736 994 mann — Du kennst ihn doch noch von
320 960 590 1020 kanten Mund.
1881 984 2653 1047 seinen Kritiken in der Tante Voß her
323 1009 598 1076 möchte allen
1882 1039 2721 1097 daß er lieber ins Löwenbräu wandert, um
357 1060 582 1121 er, nehmt's
1881 1098 2720 1144 am Stammtisch alle Sorgen loszuwerden.
302 1106 586 1173 nicht so ernst,
1892 1128 2733 1198 Dortin begleiten ihn gewöhnlich J. J. David,
378 1153 571 1215 über diese
1902 1175 2736 1243 der herbe und dennoch so zarte Lyriker und
394 1202 580 1262 wirklich
1900 1216 2741 1285 Novellist, der im schweren Zeitungsfrohn seufzt
408 1251 585 1313 und nicht
1885 1276 2734 1333 und in heißen Stunden um das Drama wirbt,
469 1304 583 1359 ll ein
1897 1323 2742 1395 das für ihn die erlösende That bedeuten soll
1408 1308 1464 1390 100
1896 1371 2731 1430 in jeder Beziehung. Wirklich, ich möchte
1888 1423 2733 1488 diesem schwerringenden, trotzig sehnsüchtigen
1894 1468 2745 1529 Bauernsohn seinen großen Tag vergönnen.
1892 1516 2729 1582 Er machte mir eigentlich einen furchtbar er¬
1893 1561 2736 1626 greifenden Etndruck, dieser tapfere Über¬
1902 1614 2731 1669 winder aller Tücken des Objektes. Vetter
1907 1665 2740 1720 Franz liebt seine Novellen auch; und Gott
1069 1696 1900 1746 Karikatur auf Dr. Paul Schlenther aus einer
1904 1712 2741 1768 sei Dank, er wußte keinen Witz über ihn, es
1069 1741 1906 1806 secessionistischen Zeitung der Concordia, 1899.
1900 1758 2737 1838 hätte mir wehe gethan. Der witzigste Kopf
1903 1811 2752 1894 Wiens war natürlich auch da; Julius
1060 1811 1891 1883 Blute wägend. Sein lieber Freund, der ehe¬
1065 1883 1903 1938 malige Burgtheater=Direktor und ehemalige
1060 1921 1913 1985 Hofrat im Verwaltungsgerichtshof Dr. Max
1075 1972 1910 2031 Eugen Burckhard war auch da. Wenn
2506 1941 2615 2057 S
1075 2025 1922 2076 ich's nicht wüßte, möcht' ich nicht glauben, daß
2022 2029 2467 2108 S
1066 2078 1909 2133 man so viel und vielerlei schon gewesen sein
1064 2113 1909 2184 und noch so jung dabei bleiben kann. Dieser
2023 2104 2133 2200 Prgerse
1062 2171 1910 2241 Dr. Burckhard ist ein höchst origineller Mensch,
1071 2216 1922 2277 er soll ein standard work der Juristen ver¬
1072 2276 1911 2330 faßt haben, wurde dann über Nacht Burg¬
1076 2314 1921 2383 theater=Direktor, stolperte über ein paar
1078 2366 1914 2433 Schauspielerintriguen, schrieb ein paar famose
1064 2421 1913 2477 Theaterstücke und wurde sehr gegen den
1068 2456 1907 2539 Willen seiner Vorgesetzten zum Hofrat ge¬
1067 2520 1912 2571 macht, weil man ihn nicht mit voller Gage
1066 2556 1910 2635 pensionieren, sondern ihn und seine Kraft
1069 2611 1552 2677 noch verwenden wollte.
1145 2641 1921 2724 Aber im Verwaltungsgerichtshof sitzen
1072 2706 1913 2767 lauter alte Herrn, und der neugebackene Hof¬
1073 2759 1930 2820 rat war ein junger Mann mit modernen
1085 2805 1913 2873 Ideen, der überdies mit Lodenhut und Leder¬
1079 2855 1918 2920 hosen in die Sitzungen kam, statt im Frack
1148 2904 1932 2969 kurz, die alten Herren setzten es durch,
1075 2951 1918 3018 daß man den jungen Herrn pensionierte.
1076 3000 1926 3062 Und jetzt führt der jüngste Hofrat in Pen¬
1081 3046 1925 3116 sion ein herrliches Leben, als Journalist,
1084 3098 1923 3155 Radfahrer, Bergsteiger, Fischer und Bücher¬
1088 3145 1925 3215 schreiber und lacht den Staat aus, der ihn
1090 3194 1926 3248 in so jungen Jahren versorgte und aus
1081 3239 1921 3311 seinen Klauen ließ. Lachend grüßt Dr. Burck¬
1089 3285 1936 3356 hard hinauf zu Dr. Schlenther, seinem
1076 3334 1924 3409 Nachfolger, der sich noch plagen muß, um die
2026 3310 2391 3443 S
1094 3399 1923 3463 Zufriedenheit des Obersthofmeisteramtes, des
2274 3388 2409 3472 rech¬
1088 3438 1929 3512 Publikums, der Kritik, der Schauspieler und
2086 3439 2561 3504 ofrat Dr. Max Eugen Burckh
2089 3492 2674 3571 ifnahme von Carl Jagerspacher, Wien.)
1091 3486 1939 3568 der Autoren zu erringen; eine so kompli¬
