3436 4256
290 98 1802 209 14. Der Schleien der Reatrice
835 791 1253 866 Telefon 12801.
367 882 1725 993 Alex. Weigl’s Unternehmen für Zeitungs-Ausschnitte
1367 953 1586 1020 Ausschnltt
711 989 1709 1112 „OBSERVER“ Nr. 63
311 1110 1762 1186 I. österr. behördl. conc. Bureau für Zeitungsberichte u. Personalnachrichten
504 1173 1605 1277 Wien, IX/1, Türkenstrasse 17.
709 1244 1372 1345 Filiale in Budapest: „Figyelö“-
313 1332 1758 1404 Vertretungen in Berlin, Chicago, Genf, London, Newyork, Paris, Rom, Stockholm.
309 1444 847 1556 Ausschnitt aus:
844 1472 1625 1630 Magyar Hirlap, Budapcst
315 1578 1017 1710 „ /5½ 10 00
484 1835 1571 1961 — A Burgezinhäz igazgatöla es a
514 1932 1563 2013 kritikusok, Megirtuk lapunk legulöbbi szämäban,
512 1982 1562 2070 hogy Schleuther Pal, a béesi Burgszinhäz igaz¬
519 2045 1577 2121 galója és a szinhäzi kritikusok között häborus¬
516 2093 1559 2178 kndär ütölt ki Schnilsler Arthur bécsi szinmülre“
506 2139 1573 2234 ; nak Beatrice feigla czimü darabja miatt, amelyel
513 2197 1560 2308 az igazgaló négy hönap elölt elfogadott eldadasra'
511 2264 1567 2341 de most, jó késön lemondott röla. Közöltük, liegr.
517 2314 1553 2400 e miatt a béesi szinikritikusok egy nyilatkozatban
506 2366 1567 2469 fordultak Schlenther ellen es megvädelläk, hogy
351 2411 466 2496 Für
460 2422 1734 2509 5 ellensége az osztrak szerzöknek. Az ügy ma este nclusive
1557 2481 1705 2533 Porto.
449 2474 1724 2571 10 — mint ludösilönk Bécshöl irja — egész mas fordu Zahlbar
445 2508 1744 2639 20 latot vell. A Bureszinhäz igasgalója kinyilatkoz-  Voraus.
438 2554 490 2593 5
384 2568 1554 2671 „ 100 talja a lapokban, hogr sritikusck helytelen nyo¬
1560 2616 1772 2689 je ist das
457 2622 1534 2706 I1 mon järnak, mert a Burgezinhäz a kérdeses dara¬
1547 2671 1789 2733 ht es den
329 2683 1539 2775 Abonnen hot nem fogudia el annak idején elöadäsra. Schlen“
323 2726 1550 2827 Abonnel ther igazgató becses munkünak mondja a Schnitzler
1547 2794 1780 2858 altend die
500 2801 1535 2875 darabjäl, de szinszerüségeröl nem volt meggyö¬
1543 2843 1771 2897 Norgen¬
343 2815 1771 2941 Inhalts zödve, azèrt nem mondolt vegleges välaszt negy er Zeitung“)
344 2898 1760 2966 blütt hönap elött. Azôta attanuimänyozla a szinmürel s iche Leben
334 2934 524 3000 wodurch
341 2970 500 3026 des In¬
506 2954 1773 3050 mivel nem jösol neki sikert, nem akurja bukäsät ttheilungen
343 3003 881 3080 werden megkoczkazfalni.
641 3053 1477 3152 Prospecte gratis und franco.
1961 88 2405 194 box 20/1
2369 860 2788 941 Telefon 12801.
1911 967 3245 1082 Alex. Weigl’s Unternehmen für Zeitungs-Ausschnitte
2901 1041 3102 1114 Ausschaltt
1869 1059 2109 1201 6 10
2238 1073 3243 1194 „OBSERVER“ Nr. 57
1860 1181 3293 1277 I. österr. behördl. conc. Bureau für Zeitungsberichte u. Personalnachrichten
2038 1249 3118 1351 Wien, 1X, Türkenstrasse 17.
2242 1329 2916 1424 Filiale in Budapest: „Figyelö“ —
1850 1411 3288 1500 Vertretungen in Berlin, Chicago, Genf, London, Newyork, Paris, Rom, Stockholm.
1844 1521 2392 1626 Ausschnitt aus:
2406 1555 3123 1678 Magyarország Budapest
2191 1686 2483 1819 11 00
2085 1985 3107 2113 —— (Kinos ügy a Burgtheaterben.) A Burg¬
2074 2072 3101 2168 szinhäz igazgatója és a bécsi kritikusok között nagy
2076 2127 3102 2210 konfliktus ütött ki. A haboruskodäs elözménye az,
2063 2182 3103 2270 hogy Schlenther Päl igazgató elfogadta elöadásra
2064 2228 3103 2337 Schnitzer Arthur bécsi szinmüirönak Beatria #dtyla
2063 2282 3108 2379 czimü drámajät s mär négy hönap elôtt kitüzte a
2058 2346 3095 2442 szereposztäst. Ujabban még a kizárólagos elöadás
2055 2396 3093 2479 jogät is megszerezte a szerzôtöl s most, minden kü¬
2061 2449 3105 2543 lönösebb ok nélkül közölte egy kommünikében, hogy
1864 2480 1974 2562 Für
1967 2480 2030 2545 50
2063 2511 3110 2593 nem adatja elö a darabot. A Burgszinház kritikusai
3109 2517 3261 2596 usive
1961 2538 2044 2585 100
3108 2571 3225 2623 irto.
1957 2576 2036 2625 200
2058 2548 3234 2662 ma közösen nyilatkozatot tettek közzé, a melyben 1 ber
1950 2615 2045 2663 500
2054 2628 3267 2725 azzal vädolják Schlenther igazgatôt, hogy üldör az Woraus.
1892 2656 2041 2728 „ 1000
2047 2676 3094 2750 oszträk szinmümrdkat és következetesen idegen nyelvü
1963 2704 2041 2763 Im
3093 2723 3295 2779 ist das
2049 2716 2470 2778 darabokat adat elö.
1845 2750 3290 2810 Abonnement-auren keine beschmmte Zeitdadel begienzt, — Auenstent es den
1847 2789 3134 2858 Abonnenten frei die aufgegebenen Themen zu ergänzen oder zu ändern.
1958 2846 3290 2951 Der „OBSERVER“ veranstaltet täglich einen Auszug enthaltend die
1838 2917 3284 2985 Inhaltsangabe, aller wichtigen Mittheilungen der Wiener Morgen¬
1839 2967 3285 3034 blätter (Tagesjournale ausser „Neue Freie Presse“ und „Wiener Zeitung“)
1848 3007 3273 3056 wodurch eine Uebersicht über das gesammte politische und wirthschaftliche Leben
1842 3047 3278 3090 des In- und Auslandes in drastischer Kürze geboten wird. Diese Mittheilungen
1838 3076 2649 3149 werden in Wien um 9 Uhr Früh verschickt.
2137 3129 2969 3239 Prospecte gratis und franco.
