3436 4384
282 246 1788 357 14. Der Schleier der Beatrice
828 1117 1234 1199 Telefon 12801.
350 1208 1695 1304 Alex. Weigl's Unternehmen für Zeitungs-Ausschnitte
1341 1301 1548 1359 Ausschnftt
334 1283 593 1413 72
677 1322 1617 1453 „OBSERVER“ N. 7
281 1424 1729 1528 I. österr. behördl. conc. Bureau für Zeitungsberichte u. Personalnachrichten
465 1492 1567 1613 Wien, IX Türkenstrasse 17.
668 1594 1322 1677 Filiale in Budapest: „Figyelé“
282 1638 1722 1753 Vertretungen in Berlin, Chicago, Genf, London, Newyork, Paris, Rom, Stockholm.
1259 1727 1628 1847 aen—
266 1709 1257 1859 Aussenni as Sr- Au#r
278 1885 794 2003 vor 7 ½ 7000
875 2210 1110 2304 Fast so!
579 2281 1206 2352 Laßt doch sein dies arme China!
593 2330 1222 2386 Was wohl gilt dies ferne Reich,
604 2356 1360 2430 Wenn der Schlenther mit dem Schnitzler
615 2410 1241 2473 Nicht kann kommen zum Vergleich?
606 2440 1212 2525 Laßt den Krüger! Ob gefangen
615 2499 1052 2558 Oder nicht, das ist egal,
618 2514 1375 2599 Wenn der Schnitzker mit dem Schlenther
618 2577 1173 2637 Nicht bald einig wird einmal!
607 2618 1302 2684 Laßt die Wahlen, laßt den Reichsrath,
609 2668 1184 2721 Laßt die Kohlentheu'rung ruh'n,
620 2703 1360 2756 Schlenther—Schnitzler, Schnitzler—Schlenther,
270 2733 1413 2821 Für 50 Zeitungss Das ist heute opportun! ## Kr. 15.—
362 2768 473 2819 100
1450 2768 1656 2841 inclusive
1291 2806 1405 2856 28 —
356 2808 466 2857 200
1470 2828 1627 2881 Porto.
1066 2808 1134 2888 7
1282 2845 1409 2892 50.—
359 2845 459 2901 500
1469 2864 1647 2919 Zahlbar
1243 2880 1416 2937 „ 110.—
294 2878 469 2959 „ 1000
1236 2904 1670 2989 „ 200.—] im Voraus.
1094 2920 1144 2967 „
366 2947 1697 3029 Im Gegensatze zu anderen Bureaux für Zeitungsausschnitte ist das
242 2954 1684 3072 Abonnement durch keine bestimmte Zeitdauer begrenzt; — auch stcht es den
236 3027 1539 3128 Abonnenten frei die aufgegebenen Themen zu ergänzen oder zu ändern.
351 3106 1688 3204 Der „OBSERVER“ veranstaltet täglich einen Auszug enthaltend die
236 3133 1679 3229 Inhaltsangabe aller wichtigen Mittheilungen der Wiener Morgen¬
244 3195 1653 3285 blütter (Tagesjournale ausser „Neue Freie Presse“ und „Wiener Zeitung“
238 3229 1683 3300 wodurch eine Uebersicht über das gesammte politische und wirthschaftliche Leben
243 3260 1684 3366 des In- und Auslandes in drastischer Kürze geboten wird. Diese Mittheilungen
245 3311 1038 3393 werden in Wien um 9 Uhr Früh verschickt.
526 3378 1361 3492 Prospecte gratis und franco.
1928 242 2384 347 box 20/1
2357 1148 2763 1224 Telefon 12801.
1885 1259 3229 1326 Alex. Weigl's Unternehmen für Zeitungs-Ausschnitte
2884 1321 3100 1393 Ausschnttt
1887 1355 3188 1481 2%0. „OBSERVER“ Nr. 3
1820 1453 3266 1558 I. österr. behördl. conc. Bureau für Zeitungsberichte u. Personalnachrichten
1997 1525 3104 1621 Wien, IX, Türkenstrasse 17.
2216 1604 2864 1703 Filiale in Budapest: „Figyelé“
1810 1692 3265 1768 Vertretungen in Berlin, Chicago, Genf, London, Newyork, Paris, Rom, Stockholm
1805 1794 2341 1889 Ausschnitt aus:
2460 1889 3144 1997 Akerlki Wien
1813 1902 2363 2031 „ 2 3 19 00
2184 2254 2776 2352 Wenn sich der Schlenther
1950 2319 3009 2398 mit dem Schnitzler ernstlich zerschlagen sollte, dann wird
1951 2377 2899 2464 halt der Victorg Léon für's Burgtheater schreiben.X
2254 2694 2818 2794 Bezugs-Bedingungen:
1829 2765 2985 2850 Für 50 Zeitungsausschnitte (Artikel oder Notizen). Kr. 15.—
2853 2783 3215 2891 28 — inclusive
1919 2849 2028 2903 200
2854 2865 2984 2916 50.—
2614 2844 2701 2931 20
1914 2887 2026 2936 500
3011 2881 3202 2936 Zahlbar
2829 2899 2988 2956 110.—
1857 2909 2022 2996 „ 1000
2829 2921 3219 3008 200.— im Voraus,
2625 2923 2703 2993 1
1929 2979 3252 3064 Im Gegensatze zu anderen Bureaux für Zeitungsausschnitte ist das
1801 3021 3254 3109 Abonnement durch keine bestimmte Zeitdauer begrenzt; — auch steht es den
1805 3072 3104 3141 Abonnenten frei die aufgegebenen Themen zn ergänzen oder zu ändern.
1908 3116 3245 3224 Der „OBSERVER“ veranstaltet täglich einen Auszug enthaltend die
1813 3193 3247 3236 Inhaltsangabe aller wichtigen Mittheilungen der Wiener Morgen¬
1806 3235 3244 3303 blätter (Tagesjournale ausser „Neue Freie Presse“ und „Wiener Zeitung“)
1806 3278 3241 3339 wodurch eine Uebersicht über das gesammte politische und wirthschaftliche Leben
1807 3320 3247 3394 des In- und Auslandes in drastischer Kürze geboten wird. Diese Mittheilungen
1808 3347 2610 3419 werden in Wien um 9 Uhr Früh verschickt.
2106 3425 2981 3521 Prospecte gratis und francon
