3344 4352
468 149 942 226 aracelsus
200 149 937 265 9. I. „ S nnn
1142 138 1501 241 „K 14/6
1944 54 3078 119 nersrergeneee seren   rgische dl
1925 89 3070 164 Bildung tiefer stehende und daher nicht für sie passende Ver¬
2414 140 2594 199 „Voigt“
1925 136 2417 193 lobte, der Forstgehilfe
2713 143 3073 205 Alles liebe, gute
1925 178 2731 235 Bekannte aus Leihbibliotheksromanen!
2825 188 3085 248 Jetzt fehlt
1931 233 3077 291 nur noch — Wer? — „Er!“, der Geistige! Im Schnee ver¬
1746 277 3120 338 Für 50 schüttet, wird er in Gestalt eines wandernden (— von Redaktion ####
1846 321 3095 374 100 zu Redaktion wandernden? —) Schriftstellers von den biederen;
1845 356 3113 419 200 Forstleuten aufgefunden, und so kommt er, d. h. er wird herein=ar
1832 403 3152 462 500 getragen, die Handlung, das eherne, schnurrbartbewaffnete Schickfal, aus.
1789 403 3085 507 " 1000 wird auf die Bühne getragen. „Er und Sie", das ewige
3095 471 3191 534 das
1880 486 1935 542 In
1942 497 3068 549 Paar, diesmal Trude und Hans genannt, verstehen sich sofort
1762 509 1944 580 Abonnem
3079 511 3191 593 den
1945 548 3070 600 wundervoll. Furchtbar interessant! O seliger Benedix, bist
1758 562 1941 631 Abonnent
1931 583 3069 639 Du noch immer nicht todt?! Holde Phrasen von „Menschen¬
1938 633 3068 689 beglückung“, von „sozialem Liebeswerk“, von „Lebenausfüllen“.
1939 681 3076 740 und „Kräfte bethätigen“, wo „draußen“ so viel Kräfte „ge¬
1934 716 3082 787 braucht“ werden — na, wenn das nicht modern ist?! — flüstert
1922 773 3074 824 man geheimnißvoll. Trude hört athemlos zu; sie hat ein schreck¬
1931 805 3081 860 liches Loos getroffen, im Winterschlaf hat sie bis jetzt gelebt,
1936 860 3094 907 och niemals Berlin und — man denke! — noch niemals elektrisches
1933 894 3046 965 Licht gesehen. Das arme Kind! Die horchende, alte Taute
1926 937 3083 985 murmelte etwas wie „Quatsch!“ Sehr richtig! schallt es als
1931 981 3083 1041 infernalisches Echo aus der litterarischen Loge; denn dieser in
1922 1012 3087 1082 ewigem Kampfe mit dem Gerichtsvollzieher stehende Dichtersmann,
1934 1073 3086 1117 dieser unpraktische, unklare und, was das Schlimmste ist, als
1924 1115 3091 1187 Mensch unbedeutend erscheinende Seribifax, wird niemals
1928 1157 3078 1215 im Stande sein, aus eigener Kraft sich ein Haus
2956 1204 3071 1257 dazu
1928 1199 2937 1272 zu gründen, viel weniger vermögen, Anderen
2014 1244 2546 1308 verhelfen. Trotz alledem
2653 1246 3076 1305 oder vielleicht gerade
1919 1242 2017 1302 zu
1935 1288 3082 1349 darum! — verliebt sich das welt= und menschenunkundige
1935 1327 3085 1374 Mädchen in den Beschnurrbarteten, der nach des Dichters Willen
1923 1367 3077 1421 die geistige Freiheit personifiziren soll, in Wirklichkeit sie jedoch
1937 1419 3082 1482 durch seine unbedeutende, nichtssagende Individualität kläglich
1928 1451 3075 1512 herabsetzt. Trude erfährt von ihm, daß er morgen nach
1926 1504 3073 1561 Berlin reisen will, und, um ihm nahe zu bleiben,
1929 1543 3086 1607 ist sie entschlossen, dort eine Stellung als Kindergärtnerin an¬
1936 1597 3080 1649 zunehmen, wahrscheinlich um sich an dem „sozialen Liebeswerk“
1941 1646 3082 1687 zu „bethätigen“. Papa Förster schnuppert einen Augenblick be¬
1934 1681 3084 1747 denklich, als ob er den Braten röche, dann aber, als ihm das
1937 1725 3082 1774 Töchterchen vorlügt, daß sie nur, um die Welt kennen zu
1939 1753 3101 1821 lernen, hinaus wolle, beruhigt er sich und giebt seine
2976 1813 3076 1860 der
1946 1814 2969 1868 Einwilligung, vorausgesetzt, daß „Franz Voigt“
1934 1838 3093 1898 Verlobte nichts einzuwenden habe. Dieser aber läßt sich nicht
1937 1898 3089 1961 irreführen, rasend vor Eifersucht giebt er zwar scheinbar, um
1932 1939 3081 1989 einen offenen Bruch mit der Geliebten zu vermeiden, seine Ein¬
2979 1972 3090 2032 da¬
1945 1986 2966 2039 willigung, schleicht sich jedoch in ihre Kammer,
1945 2031 2155 2091 mit er
2196 2030 3086 2092 edurch ihre gewaltsame Entehrung sich
1939 2080 3080 2128 sichere — ein ebenso praktischer, als gemüthvoll denkender
1943 2113 3080 2166 moderner Romeo! Am nächsten Morgen erfährt Papa Ahrens
1935 2156 3083 2206 das Gräßliche und in tragischer Entrüstung über den infamen
1940 2193 3085 2249 Bengel, der sich allzu vorzeitig in die Blutsverwandtschaft ein¬
1946 2244 3079 2291 drängen will, greift er zum — Schwert? — nein, zum Stock.
2594 2285 3085 2351 d. h. zu Hieben kommt,
1947 2285 2599 2353 Allein, bevor es zum Aeußersten,
1945 2330 2412 2393 hat sich Trude in
2418 2325 3084 2386 ihrer einsamen Kammer das
1939 2376 3079 2427 Leben genommen. Schluß! Merkwürdiger Weise in dem Augen¬
1942 2418 3084 2480 bück „Schluß", wo das eigentliche Drama beginnen müßte.
1944 2462 3084 2527 „Winterschlaf“ nennt der Verfasser sein Werk, doch es will
1935 2505 3092 2580 uns bedünken, als ob nicht „Trude“, sondern Max Dreyer
1935 2553 3095 2620 und mit ihm der Direktor des Deutschen Theaters
2635 2587 2807 2650 hielten.
2824 2580 3088 2661 Wenn die
1938 2590 2634 2655 einen unheimlichen Winterschlaf
1935 2617 3099 2697 moderne dramatische Kunst am Erdboden kleben, nichts anderes
1932 2677 3092 2737 sein will, als photographisches Handwerk, so verlangen wir
1934 2723 3092 2789 wenigstens naturgetreue Wiedergabe der Oberfläche des Lebens,
1933 2762 3085 2832 da wir nicht in seine geheimnißvollen Tiefen hineingeführt
1930 2808 3080 2877 werden sollen. Was jedoch Max Dreyer uns
2185 2843 3078 2919 nur werthloser Schein, ein Trank aus
1933 2859 2095 2917 bietet,
1940 2905 3080 2956 der uralten Benedix'schen Milchflasche mit einem Schuß
1935 2940 3082 2991 moderner Realistik, die Oberfläche der Oberfläche! Uns scheint,
1940 2988 3088 3036 als ob Herr Brahm bisher mehr geschäftliches Glück als
1938 3023 3178 3087 litterarischen Blick besessen habe; er hatte die Ehre genießen ##
1937 3069 3089 3122 dürfen, kämpfend und fördernd für Hauptmann und Sudermann
1942 3114 3092 3175 einst in die Schranken zu treten, und diese Ehre, die ihm das
1934 3167 3088 3224 Schicksal erwies, verblendete ihn. Fortan glaubte er zu hoch zu
1935 3206 3088 3270 stehen, um in ehrlichem, heißem Bemühen wahrhafte
1940 3247 3085 3292 Dichter zu suchen. Daher ist er einsam geblieben; seit „Jo¬
1939 3290 3086 3345 hannes" und Hauptmann's „Erholungs“=Dichtung „Schluck und
1927 3333 3091 3404 Jau“ ist ihm ein deutscher Poetenerfolg nicht mehr beschieden
2790 3370 3103 3441 die Kätzchen
2132 3376 2788 3447 Die Löwen sind verstummt,
1924 3383 2106 3441 gewesen.
1943 3428 3105 3482 miauen. Es ist hart, was wir sagen, jedoch nie ist
1931 3470 3037 3514 die Wahrheit gelind gewesen, und wir bekennen e
1932 3510 3084 3574 soffen: Unsere Kritik wird das große Erbe der litterarischen
1926 3553 3071 3605 Revolution der verflossenen neunziger Jahre gewissenhaft,
1943 3582 3086 3657 voll eifersüchtiger Strenge zu verwalten wissen, ob auch unsere
1943 3649 3095 3695 Stimme die Stimme des Predigers in der Wüste ist. Die Dar¬
1943 3685 3085 3736 stellung war vorzüglich wie immer. Rittner, Sauer
1936 3713 3094 3783 Nissen Frau v. Poellwitz und Frl. Sarrow ver¬
1943 3764 3086 3834 schwendeten ihr Bestes. Zum Schluß wurde uns Schnitzler's#
1928 3814 3070 3871 „Paracelsus“ wieder einmal vorgesetzt, mit Emanuel Reicher¬
1935 3857 3070 3913 in der Titelrolle. Auch dieser große Künstler vermochte ebenso
2855 3902 3039 3959 des wei
1930 3901 3078 4017 wenig wie einst Kainz das todte Werk Saule
1930 3947 2643 4023 Ueberschätzten, lebendig zu galbänffiren.
