<?xml version="1.0" encoding="UTF-8" standalone="yes"?>
<PcGts xmlns="http://schema.primaresearch.org/PAGE/gts/pagecontent/2013-07-15" xmlns:xsi="http://www.w3.org/2001/XMLSchema-instance" xsi:schemaLocation="http://schema.primaresearch.org/PAGE/gts/pagecontent/2013-07-15 http://schema.primaresearch.org/PAGE/gts/pagecontent/2013-07-15/pagecontent.xsd">
    <Metadata>
        <Creator>prov=University of Rostock/Institute of Mathematics/CITlab/Gundram Leifert/gundram.leifert@uni-rostock.de:name=ONB_Newseye_GT_M1+(htr_id=10810)::::v=2.4.2
prov=University of Rostock/Institute of Mathematics/CITlab/Tobias Gruening/tobias.gruening@uni-rostock.de:name=de.uros.citlab.module.baseline2polygon.B2PSeamMultiOriented:v=2.4.2
prov=University of Rostock/Institute of Mathematics/CITlab/Tobias Gruening/tobias.gruening@uni-rostock.de:name=/mnt/transkribus/LA/DEA/URO/LA_news_onb_att.pb:de.uros.citlab.segmentation.CITlab_LA_ML:v=2.4.2
Transkribus</Creator>
        <Created>2019-10-07T11:44:22.684+02:00</Created>
        <LastChange>2019-10-08T17:10:01.297+02:00</LastChange>
        <TranskribusMetadata docId="223989" pageId="9502265" pageNr="43" tsid="16603481" status="IN_PROGRESS" userId="40391" imgUrl="https://files.transkribus.eu/Get?id=WIRWMTQOPWWDRDCPZALVIEHN&amp;fileType=view" xmlUrl="https://files.transkribus.eu/Get?id=JZIFWICSACLFRBQCACCMWUWU" imageId="6192483"/>
    </Metadata>
    <Page imageFilename="223989_0043.jpeg" imageWidth="3392" imageHeight="4352">
        <ReadingOrder>
            <OrderedGroup id="ro_1711446975674" caption="Regions reading order">
                <RegionRefIndexed index="0" regionRef="r1"/>
                <RegionRefIndexed index="1" regionRef="r2"/>
            </OrderedGroup>
        </ReadingOrder>
        <TextRegion orientation="0.0" id="r1" custom="readingOrder {index:0;}">
            <Coords points="208,203 208,4151 3017,4151 3017,203"/>
            <TextLine id="r1l1" custom="readingOrder {index:0;}">
                <Coords points="469,236 912,241 932,233 933,191 781,187 756,169 699,195 469,175"/>
                <Baseline points="477,227 503,227 529,227 556,226 582,226 608,226 635,226 661,226 687,226 714,226 740,226 766,227 793,227 819,227 845,227 872,228 898,228 925,228"/>
                <TextEquiv>
                    <Unicode>Paracelsus</Unicode>
                </TextEquiv>
            </TextLine>
            <TextLine id="r1l2" custom="readingOrder {index:1;}">
                <Coords points="1082,239 1230,253 1277,231 1341,260 1409,255 1445,232 1470,245 1515,225 1515,184 1457,167 1397,187 1341,168 1287,193 1129,174 1082,196"/>
                <Baseline points="1090,232 1116,233 1142,233 1168,234 1194,234 1220,235 1246,235 1272,235 1298,235 1324,235 1350,234 1376,234 1402,233 1428,231 1454,231 1480,229 1507,227"/>
                <TextEquiv>
                    <Unicode>box 14/6</Unicode>
                </TextEquiv>
            </TextLine>
            <TextLine id="r1l3" custom="readingOrder {index:2;}">
                <Coords points="199,247 230,266 365,236 482,270 940,267 935,228 555,232 532,209 405,223 333,175 201,184"/>
                <Baseline points="208,223 244,228 280,232 316,236 352,239 389,242 425,245 461,247 497,248 533,250 570,252 606,253 642,253 678,254 714,254 751,254 787,254 823,254 859,254 895,253 932,253"/>
                <TextEquiv>
                    <Unicode>9.1 1 #  enen</Unicode>
                </TextEquiv>
            </TextLine>
            <TextLine id="r1l4" custom="readingOrder {index:3;}">
                <Coords points="544,814 1677,825 1737,806 1737,762 544,771"/>
                <Baseline points="551,809 609,809 668,809 727,809 786,809 845,809 904,810 963,810 1022,811 1081,811 1140,812 1198,812 1257,812 1316,812 1375,812 1434,812 1493,811 1552,810 1611,809 1670,807 1729,805"/>
                <TextEquiv>
                    <Unicode>einbezogen und als steigernde stilistische Kunstmittel gebraucht</Unicode>
                </TextEquiv>
            </TextLine>
            <TextLine id="r1l5" custom="readingOrder {index:4;}">
                <Coords points="545,854 1683,867 1732,851 1732,805 545,828"/>
                <Baseline points="554,852 612,851 671,851 729,851 788,851 846,852 905,852 963,853 1022,853 1080,854 1139,854 1198,854 1256,854 1315,854 1373,854 1432,854 1490,853 1549,852 1607,851 1666,849 1725,847"/>
                <TextEquiv>
                    <Unicode>werden: Thomas Manns „Zauberberg“, der sicherlich mehr zur</Unicode>
                </TextEquiv>
            </TextLine>
            <TextLine id="r1l6" custom="readingOrder {index:5;}">
                <Coords points="1861,857 2076,892 2192,860 2285,884 2849,859 2848,758 2749,782 2495,750 2220,790 1860,759"/>
                <Baseline points="1869,862 1917,862 1966,862 2014,861 2063,861 2112,860 2160,859 2209,859 2257,858 2306,857 2355,857 2403,856 2452,855 2500,854 2549,853 2598,853 2646,852 2695,851 2743,851 2792,851 2841,850"/>
                <TextEquiv>
                    <Unicode>Freie Fahrt für Bobe!</Unicode>
                </TextEquiv>
            </TextLine>
            <TextLine id="r1l7" custom="readingOrder {index:6;}">
                <Coords points="553,903 1741,884 1535,852 553,867"/>
                <Baseline points="561,894 619,894 678,894 736,894 795,895 854,895 912,896 971,897 1029,897 1088,898 1147,898 1205,899 1264,899 1322,899 1381,899 1440,898 1498,897 1557,896 1615,894 1674,892 1733,889"/>
                <TextEquiv>
                    <Unicode>„Vermenschlichung“ — das heißt eben nicht Popularisierung —</Unicode>
                </TextEquiv>
            </TextLine>
            <TextLine id="r1l8" custom="readingOrder {index:7;}">
                <Coords points="543,935 1462,959 1748,928 1702,898 543,909"/>
                <Baseline points="552,939 611,938 670,938 730,938 789,939 849,940 908,940 967,941 1027,942 1086,943 1146,944 1205,944 1264,944 1324,944 1383,943 1443,942 1502,940 1561,938 1621,935 1680,930 1740,926"/>
                <TextEquiv>
                    <Unicode>der Medizin beigetragen hat als viele Dutzend volkstümlich=auf¬</Unicode>
                </TextEquiv>
            </TextLine>
            <TextLine id="r1l9" custom="readingOrder {index:8;}">
                <Coords points="1923,950 2107,973 2258,941 2374,967 2424,943 2714,960 2755,947 2754,892 2638,910 2589,879 2357,913 2076,894 1922,934"/>
                <Baseline points="1931,949 1971,949 2012,948 2053,947 2094,947 2135,946 2175,945 2216,945 2257,944 2298,944 2339,943 2379,943 2420,942 2461,942 2502,942 2543,941 2583,941 2624,941 2665,941 2706,941 2747,940"/>
                <TextEquiv>
                    <Unicode>„Reformator der Reichsbahn“</Unicode>
                </TextEquiv>
            </TextLine>
            <TextLine id="r1l10" custom="readingOrder {index:9;}">
                <Coords points="553,987 1573,1009 1740,977 1740,943 553,946"/>
                <Baseline points="562,982 620,982 679,982 737,982 796,983 854,983 913,984 971,984 1030,985 1088,985 1147,985 1205,985 1264,985 1322,985 1381,985 1439,984 1498,983 1556,982 1615,980 1673,978 1732,976"/>
                <TextEquiv>
                    <Unicode>klärender Schriften aus noch so wohlmeinender und geschulter</Unicode>
                </TextEquiv>
            </TextLine>
            <TextLine id="r1l11" custom="readingOrder {index:10;}">
                <Coords points="1802,1039 2885,1033 2952,979 1801,994"/>
                <Baseline points="1810,1031 1866,1030 1923,1030 1980,1029 2037,1029 2093,1028 2150,1028 2207,1028 2264,1027 2320,1027 2377,1027 2434,1026 2491,1026 2547,1026 2604,1025 2661,1025 2718,1024 2774,1023 2831,1023 2888,1022 2945,1021"/>
                <TextEquiv>
                    <Unicode>Auf ein deutsches Original, den Möbelfabrikanten und</Unicode>
                </TextEquiv>
            </TextLine>
            <TextLine id="r1l12" custom="readingOrder {index:11;}">
                <Coords points="582,1063 1743,1082 1743,1022 1709,1018 582,1036"/>
                <Baseline points="590,1067 647,1066 704,1067 761,1067 819,1067 876,1067 933,1068 990,1068 1048,1068 1105,1069 1162,1069 1219,1069 1277,1069 1334,1069 1391,1068 1448,1068 1506,1067 1563,1066 1620,1064 1677,1062 1735,1061"/>
                <TextEquiv>
                    <Unicode>Daß wir Gundolf selbst auf seinem Gebiet zuallererst die Rück¬</Unicode>
                </TextEquiv>
            </TextLine>
            <TextLine id="r1l13" custom="readingOrder {index:12;}">
                <Coords points="1759,1077 2962,1061 2961,1009 1759,1040"/>
                <Baseline points="1767,1074 1826,1074 1885,1073 1945,1073 2004,1073 2063,1073 2123,1073 2182,1073 2241,1073 2301,1073 2360,1073 2419,1072 2479,1072 2538,1071 2597,1070 2657,1069 2716,1068 2775,1066 2835,1065 2894,1063 2954,1060"/>
                <TextEquiv>
                    <Unicode>Lyriker Carl Bobe macht die amüsante kleine Bibliophilen¬</Unicode>
                </TextEquiv>
            </TextLine>
            <TextLine id="r1l14" custom="readingOrder {index:13;}">
                <Coords points="558,1115 1745,1107 1697,1072 558,1066"/>
                <Baseline points="566,1112 624,1111 683,1110 741,1110 800,1110 858,1110 917,1110 975,1110 1034,1110 1092,1111 1151,1111 1209,1111 1268,1112 1326,1112 1385,1112 1443,1112 1502,1112 1560,1111 1619,1110 1677,1109 1736,1108"/>
                <TextEquiv>
                    <Unicode>führung der wissenschaftlichen Sprache vom Gelehrten=Jargon zum</Unicode>
                </TextEquiv>
            </TextLine>
            <TextLine id="r1l15" custom="readingOrder {index:14;}">
                <Coords points="1766,1124 2855,1124 2954,1078 1765,1089"/>
                <Baseline points="1774,1125 1832,1122 1891,1120 1949,1119 2008,1118 2067,1117 2125,1116 2184,1116 2242,1115 2301,1115 2360,1115 2418,1114 2477,1114 2535,1113 2594,1113 2653,1111 2711,1110 2770,1108 2828,1107 2887,1104 2946,1101"/>
                <TextEquiv>
                    <Unicode>zeitschrift „Der Bücherhort“ aufmerksam. Aus ihrer Schil¬</Unicode>
                </TextEquiv>
            </TextLine>
            <TextLine id="r1l16" custom="readingOrder {index:15;}">
                <Coords points="2843,1154 2871,1151 2882,1157 2898,1153 2921,1162 2940,1146 2961,1148 2958,1111 2944,1114 2934,1105 2911,1114 2904,1112 2892,1120 2878,1121 2866,1115 2852,1128 2840,1127"/>
                <Baseline points="2851,1153 2876,1149 2901,1147 2926,1146 2952,1144"/>
                <TextEquiv>
                    <Unicode>als</Unicode>
                </TextEquiv>
            </TextLine>
            <TextLine id="r1l17" custom="readingOrder {index:16;}">
                <Coords points="546,1162 1724,1165 1736,1108 546,1118"/>
                <Baseline points="554,1155 612,1153 671,1153 730,1152 789,1152 847,1153 906,1153 965,1154 1024,1155 1082,1155 1141,1156 1200,1157 1259,1157 1317,1157 1376,1157 1435,1157 1494,1156 1552,1155 1611,1153 1670,1150 1729,1147"/>
                <TextEquiv>
                    <Unicode>schönen Stil, zur Dichtung verdanken, daß ihm Geschichte schre.ben</Unicode>
                </TextEquiv>
            </TextLine>
            <TextLine id="r1l18" custom="readingOrder {index:17;}">
                <Coords points="1764,1173 2820,1165 2843,1111 1763,1126"/>
                <Baseline points="1772,1162 1825,1162 1878,1162 1931,1162 1984,1161 2037,1161 2090,1161 2144,1161 2197,1160 2250,1160 2303,1159 2356,1159 2409,1158 2462,1158 2516,1157 2569,1157 2622,1156 2675,1156 2728,1155 2781,1155 2835,1154"/>
                <TextEquiv>
                    <Unicode>derung geht hervor, daß Bobe sich auch praktisch,</Unicode>
                </TextEquiv>
            </TextLine>
            <TextLine id="r1l19" custom="readingOrder {index:18;}">
                <Coords points="559,1207 1743,1201 1723,1161 1636,1152 559,1170"/>
                <Baseline points="568,1198 626,1197 684,1196 743,1195 801,1195 859,1195 918,1196 976,1196 1034,1197 1093,1198 1151,1198 1209,1199 1268,1199 1326,1199 1384,1199 1443,1199 1501,1197 1559,1196 1618,1194 1676,1192 1735,1188"/>
                <TextEquiv>
                    <Unicode>nicht viel Geringeres heißt als ein Kunstwerk formen, dafür ist</Unicode>
                </TextEquiv>
            </TextLine>
            <TextLine id="r1l20" custom="readingOrder {index:19;}">
                <Coords points="1774,1211 2740,1214 2947,1199 2950,1162 1774,1174"/>
                <Baseline points="1782,1205 1840,1203 1898,1202 1956,1202 2014,1201 2072,1201 2130,1201 2188,1201 2246,1201 2304,1201 2362,1201 2420,1201 2478,1201 2536,1201 2594,1201 2652,1200 2710,1199 2768,1198 2826,1197 2884,1195 2942,1192"/>
                <TextEquiv>
                    <Unicode>Reformator der deutschen Reichsbahn, betätigt hat. Wir</Unicode>
                </TextEquiv>
            </TextLine>
            <TextLine id="r1l21" custom="readingOrder {index:20;}">
                <Coords points="558,1245 1580,1252 1744,1212 558,1215"/>
                <Baseline points="566,1241 624,1240 683,1239 741,1239 800,1239 858,1239 917,1239 975,1240 1034,1241 1092,1241 1151,1242 1209,1242 1268,1242 1326,1242 1385,1242 1443,1241 1502,1240 1560,1238 1619,1236 1677,1233 1736,1230"/>
                <TextEquiv>
                    <Unicode>auch der „Paracelsus“ wieder Beweis. Freilich geht sein be¬</Unicode>
                </TextEquiv>
            </TextLine>
            <TextLine id="r1l22" custom="readingOrder {index:21;}">
                <Coords points="1759,1274 1896,1244 2903,1275 2950,1267 2950,1200 1758,1204"/>
                <Baseline points="1767,1252 1825,1249 1884,1248 1943,1246 2002,1245 2061,1244 2119,1244 2178,1244 2237,1244 2296,1244 2355,1244 2413,1244 2472,1245 2531,1245 2590,1244 2649,1244 2707,1243 2766,1242 2825,1240 2884,1238 2943,1235"/>
                <TextEquiv>
                    <Unicode>geben Bobes Bericht wieder, ohne seine Methode unbedingt</Unicode>
                </TextEquiv>
            </TextLine>
            <TextLine id="r1l23" custom="readingOrder {index:22;}">
                <Coords points="558,1282 1658,1294 1738,1281 1738,1230 558,1246"/>
                <Baseline points="566,1280 624,1279 682,1278 740,1277 799,1277 857,1277 915,1277 973,1277 1032,1278 1090,1278 1148,1279 1206,1279 1265,1280 1323,1280 1381,1280 1439,1279 1498,1278 1556,1277 1614,1275 1672,1273 1731,1270"/>
                <TextEquiv>
                    <Unicode>wußter Stil=Wille manchmal ein bißchen weit und tut unversehens</Unicode>
                </TextEquiv>
            </TextLine>
            <TextLine id="r1l24" custom="readingOrder {index:23;}">
                <Coords points="1764,1315 1953,1295 2096,1312 2226,1287 2270,1306 2415,1299 2415,1266 2344,1245 2158,1261 1890,1244 1764,1273"/>
                <Baseline points="1771,1292 1802,1290 1834,1288 1866,1288 1898,1287 1930,1286 1961,1286 1993,1286 2025,1287 2057,1287 2089,1288 2120,1288 2152,1289 2184,1289 2216,1290 2248,1290 2279,1290 2311,1289 2343,1289 2375,1287 2407,1286"/>
                <TextEquiv>
                    <Unicode>zur Nachahmung zu empfehlen:</Unicode>
                </TextEquiv>
            </TextLine>
            <TextLine id="r1l25" custom="readingOrder {index:24;}">
                <Coords points="549,1324 1736,1334 1736,1283 549,1280"/>
                <Baseline points="557,1323 615,1322 674,1322 732,1321 791,1321 850,1321 908,1320 967,1320 1025,1320 1084,1320 1143,1320 1201,1320 1260,1320 1318,1320 1377,1319 1436,1319 1494,1318 1553,1317 1611,1317 1670,1315 1729,1314"/>
                <TextEquiv>
                    <Unicode>jenen kleinen Schritt, der die virtuose Sprachbeherrschung von der</Unicode>
                </TextEquiv>
            </TextLine>
            <TextLine id="r1l26" custom="readingOrder {index:25;}">
                <Coords points="1807,1345 2962,1334 2921,1297 2647,1272 1807,1315"/>
                <Baseline points="1814,1340 1871,1340 1928,1340 1985,1341 2042,1341 2099,1341 2156,1341 2213,1342 2270,1342 2327,1342 2384,1343 2441,1343 2498,1343 2555,1342 2612,1342 2669,1342 2726,1341 2783,1340 2840,1339 2897,1337 2954,1336"/>
                <TextEquiv>
                    <Unicode>Bobe, der als Möbelfabrikant in Oerlinghausen im Teuto¬</Unicode>
                </TextEquiv>
            </TextLine>
            <TextLine id="r1l27" custom="readingOrder {index:26;}">
                <Coords points="552,1362 1747,1358 1668,1317 552,1333"/>
                <Baseline points="560,1363 622,1363 684,1364 746,1364 808,1364 870,1364 932,1364 994,1364 1056,1365 1118,1365 1180,1364 1242,1364 1304,1364 1366,1363 1428,1362 1490,1361 1552,1360 1614,1358 1676,1356 1739,1353"/>
                <TextEquiv>
                    <Unicode>Manier trennt. Wenn Gundolf über „eigenwütigste Neutöner</Unicode>
                </TextEquiv>
            </TextLine>
            <TextLine id="r1l28" custom="readingOrder {index:27;}">
                <Coords points="1778,1396 2900,1396 2968,1348 1777,1349"/>
                <Baseline points="1785,1386 1843,1386 1902,1385 1961,1385 2019,1385 2078,1385 2137,1385 2195,1385 2254,1386 2313,1386 2372,1386 2430,1386 2489,1386 2548,1386 2606,1385 2665,1385 2724,1384 2782,1383 2841,1382 2900,1381 2959,1379"/>
                <TextEquiv>
                    <Unicode>burger Walde lebte und dort im Zeitraum von zwei Jahren</Unicode>
                </TextEquiv>
            </TextLine>
            <TextLine id="r1l29" custom="readingOrder {index:28;}">
                <Coords points="546,1415 1722,1423 1745,1386 545,1377"/>
                <Baseline points="553,1406 612,1407 671,1407 730,1408 790,1408 849,1408 908,1408 967,1408 1027,1408 1086,1408 1145,1408 1204,1407 1264,1407 1323,1406 1382,1405 1441,1404 1501,1403 1560,1402 1619,1401 1678,1399 1738,1398"/>
                <TextEquiv>
                    <Unicode>und Urschreisucher“ mit ihrer „Sucht nach Ballungen, Steilungen,</Unicode>
                </TextEquiv>
            </TextLine>
            <TextLine id="r1l30" custom="readingOrder {index:29;}">
                <Coords points="1769,1440 2967,1415 2966,1379 1768,1393"/>
                <Baseline points="1776,1430 1835,1429 1894,1428 1953,1428 2012,1428 2071,1428 2130,1429 2190,1429 2249,1429 2308,1430 2367,1430 2426,1430 2485,1430 2544,1430 2604,1430 2663,1430 2722,1429 2781,1427 2840,1426 2899,1424 2959,1421"/>
                <TextEquiv>
                    <Unicode>neben allen seinen anderen wichtigen Beschäftigungen noch Zeit</Unicode>
                </TextEquiv>
            </TextLine>
            <TextLine id="r1l31" custom="readingOrder {index:30;}">
                <Coords points="549,1454 1651,1462 1739,1449 1739,1414 549,1432"/>
                <Baseline points="558,1451 616,1451 675,1451 733,1451 792,1451 851,1450 909,1450 968,1450 1027,1450 1085,1450 1144,1449 1203,1449 1261,1449 1320,1448 1379,1448 1437,1447 1496,1446 1555,1445 1613,1444 1672,1443 1731,1442"/>
                <TextEquiv>
                    <Unicode>Knallungen und Heulungen“ sich lustig macht, so empfindet man</Unicode>
                </TextEquiv>
            </TextLine>
            <TextLine id="r1l32" custom="readingOrder {index:31;}">
                <Coords points="1778,1486 2550,1456 2752,1485 2946,1469 2962,1420 1778,1439"/>
                <Baseline points="1785,1474 1843,1472 1901,1470 1960,1469 2018,1469 2077,1468 2135,1468 2194,1469 2252,1469 2311,1470 2369,1470 2427,1471 2486,1471 2544,1472 2603,1472 2661,1471 2720,1471 2778,1470 2837,1469 2895,1467 2954,1464"/>
                <TextEquiv>
                    <Unicode>fand, über fünfzehnhundert Gedichte zu verfassen, wurde in</Unicode>
                </TextEquiv>
            </TextLine>
            <TextLine id="r1l33" custom="readingOrder {index:32;}">
                <Coords points="559,1493 1736,1486 1678,1448 559,1453"/>
                <Baseline points="566,1493 624,1493 682,1492 740,1492 798,1492 856,1492 914,1492 972,1492 1030,1492 1088,1492 1147,1492 1205,1491 1263,1491 1321,1491 1379,1490 1437,1490 1495,1489 1553,1488 1611,1487 1669,1485 1728,1484"/>
                <TextEquiv>
                    <Unicode>es desto peinlicher, wenn er selbst von einem „trauten Werde¬</Unicode>
                </TextEquiv>
            </TextLine>
            <TextLine id="r1l34" custom="readingOrder {index:33;}">
                <Coords points="1781,1518 2965,1513 2964,1461 1781,1485"/>
                <Baseline points="1789,1515 1847,1514 1905,1513 1964,1513 2022,1512 2081,1512 2139,1512 2197,1512 2256,1512 2314,1512 2373,1513 2431,1513 2489,1513 2548,1512 2606,1512 2665,1511 2723,1510 2781,1509 2840,1507 2898,1505 2957,1502"/>
                <TextEquiv>
                    <Unicode>Deutschland durch seinen aufsehenerregenden Streit mit dem</Unicode>
                </TextEquiv>
            </TextLine>
            <TextLine id="r1l35" custom="readingOrder {index:34;}">
                <Coords points="552,1551 1614,1551 1743,1531 1743,1493 551,1494"/>
                <Baseline points="560,1536 618,1535 677,1535 736,1535 795,1535 853,1535 912,1535 971,1534 1030,1534 1088,1534 1147,1534 1206,1534 1265,1533 1323,1533 1382,1532 1441,1532 1500,1531 1558,1531 1617,1529 1676,1528 1735,1527"/>
                <TextEquiv>
                    <Unicode>schauer“ spricht (mit dem Paracelsus „Natur empfing“), oder gar</Unicode>
                </TextEquiv>
            </TextLine>
            <TextLine id="r1l36" custom="readingOrder {index:35;}">
                <Coords points="1784,1569 2960,1561 2960,1529 2860,1503 2789,1537 1784,1525"/>
                <Baseline points="1792,1560 1850,1558 1908,1556 1966,1555 2024,1555 2082,1554 2140,1554 2198,1554 2256,1554 2314,1554 2372,1554 2430,1554 2488,1554 2546,1554 2604,1554 2662,1553 2720,1553 2778,1552 2836,1551 2894,1549 2952,1547"/>
                <TextEquiv>
                    <Unicode>Reichsverkehrsministerium bekannt. Als „Welt¬</Unicode>
                </TextEquiv>
            </TextLine>
            <TextLine id="r1l37" custom="readingOrder {index:36;}">
                <Coords points="563,1592 1403,1581 1402,1542 1371,1532 562,1550"/>
                <Baseline points="570,1577 611,1577 652,1577 693,1577 735,1577 776,1577 817,1577 858,1577 900,1577 941,1577 982,1577 1023,1576 1065,1576 1106,1575 1147,1575 1188,1574 1230,1573 1271,1573 1312,1572 1353,1571 1395,1569"/>
                <TextEquiv>
                    <Unicode>von einer „regen Schmeidigung der Sprache“.</Unicode>
                </TextEquiv>
            </TextLine>
            <TextLine id="r1l38" custom="readingOrder {index:37;}">
                <Coords points="1777,1603 2964,1585 2913,1548 1777,1569"/>
                <Baseline points="1785,1601 1843,1599 1902,1599 1960,1598 2019,1598 2077,1598 2136,1597 2194,1598 2253,1598 2311,1598 2370,1598 2428,1598 2487,1598 2545,1598 2604,1597 2662,1597 2721,1596 2779,1594 2838,1592 2896,1591 2955,1588"/>
                <TextEquiv>
                    <Unicode>verkehrsreformator“ stellte sich Bobe einen „Freifahrt¬</Unicode>
                </TextEquiv>
            </TextLine>
            <TextLine id="r1l39" custom="readingOrder {index:38;}">
                <Coords points="584,1622 1729,1628 1746,1579 584,1591"/>
                <Baseline points="592,1619 649,1619 706,1619 763,1619 821,1619 878,1619 935,1619 993,1619 1050,1619 1107,1618 1165,1618 1222,1618 1279,1617 1336,1617 1394,1616 1451,1615 1508,1615 1566,1613 1623,1612 1680,1611 1738,1609"/>
                <TextEquiv>
                    <Unicode>Daß die geisteswissenschaftliche Schau, die Charakterisierung und</Unicode>
                </TextEquiv>
            </TextLine>
            <TextLine id="r1l40" custom="readingOrder {index:39;}">
                <Coords points="1781,1651 2929,1646 2960,1589 1781,1604"/>
                <Baseline points="1789,1645 1847,1643 1905,1642 1963,1642 2021,1641 2079,1640 2137,1640 2196,1640 2254,1640 2312,1640 2370,1640 2428,1640 2486,1640 2544,1640 2603,1639 2661,1639 2719,1638 2777,1637 2835,1635 2893,1634 2952,1632"/>
                <TextEquiv>
                    <Unicode>schein“ aus, der oben links mit seinem Lichtbild versehen war</Unicode>
                </TextEquiv>
            </TextLine>
            <TextLine id="r1l41" custom="readingOrder {index:40;}">
                <Coords points="548,1666 1746,1666 1697,1620 548,1625"/>
                <Baseline points="556,1664 615,1664 674,1664 733,1664 792,1664 851,1663 910,1663 970,1663 1029,1663 1088,1662 1147,1662 1206,1661 1265,1661 1324,1660 1384,1660 1443,1659 1502,1658 1561,1657 1620,1656 1679,1655 1739,1653"/>
                <TextEquiv>
                    <Unicode>Deutung ganzer Zeitströmungen von einer ganz außerordentlichen</Unicode>
                </TextEquiv>
            </TextLine>
            <TextLine id="r1l42" custom="readingOrder {index:41;}">
                <Coords points="1779,1690 2974,1699 2943,1632 1779,1652"/>
                <Baseline points="1787,1686 1845,1686 1904,1685 1963,1684 2022,1683 2081,1683 2140,1682 2199,1682 2258,1682 2317,1681 2376,1681 2434,1681 2493,1680 2552,1680 2611,1680 2670,1679 2729,1679 2788,1678 2847,1677 2906,1676 2965,1675"/>
                <TextEquiv>
                    <Unicode>und die gedruckte Ueberschrift trug: Freifahrtschein zur Benutzung</Unicode>
                </TextEquiv>
            </TextLine>
            <TextLine id="r1l43" custom="readingOrder {index:42;}">
                <Coords points="558,1719 1531,1724 1754,1707 1754,1666 558,1674"/>
                <Baseline points="566,1708 625,1707 684,1706 743,1706 802,1705 861,1705 920,1705 979,1705 1038,1705 1097,1705 1156,1705 1215,1704 1274,1704 1333,1704 1392,1704 1451,1703 1510,1702 1569,1701 1628,1700 1687,1698 1747,1697"/>
                <TextEquiv>
                    <Unicode>Klarheit, daß der Paracelsus in anspruchsvoll Gundolfschem Sinne</Unicode>
                </TextEquiv>
            </TextLine>
            <TextLine id="r1l44" custom="readingOrder {index:43;}">
                <Coords points="1772,1733 2968,1728 2916,1678 1772,1689"/>
                <Baseline points="1779,1728 1838,1727 1897,1726 1956,1725 2015,1725 2074,1724 2133,1724 2192,1723 2251,1723 2310,1723 2369,1722 2428,1722 2487,1722 2546,1721 2605,1721 2664,1720 2723,1720 2782,1719 2841,1718 2900,1717 2960,1716"/>
                <TextEquiv>
                    <Unicode>alle bestehenden und noch entstehenden Verkehrsmittel innerhalb</Unicode>
                </TextEquiv>
            </TextLine>
            <TextLine id="r1l45" custom="readingOrder {index:44;}">
                <Coords points="562,1765 1749,1753 1698,1703 562,1717"/>
                <Baseline points="570,1754 628,1751 687,1749 745,1748 804,1747 862,1746 921,1745 979,1745 1038,1745 1096,1746 1155,1746 1214,1746 1272,1746 1331,1746 1389,1746 1448,1746 1506,1745 1565,1744 1623,1742 1682,1740 1741,1737"/>
                <TextEquiv>
                    <Unicode>„gestaltet“ ist: das bewundern wir wieder an diesem verhältnis¬</Unicode>
                </TextEquiv>
            </TextLine>
            <TextLine id="r1l46" custom="readingOrder {index:45;}">
                <Coords points="1785,1774 2966,1776 2965,1729 2915,1720 1785,1732"/>
                <Baseline points="1793,1769 1851,1769 1909,1769 1967,1768 2025,1768 2084,1768 2142,1768 2200,1767 2258,1767 2316,1766 2375,1766 2433,1765 2491,1765 2549,1764 2607,1763 2666,1763 2724,1762 2782,1761 2840,1760 2898,1759 2957,1758"/>
                <TextEquiv>
                    <Unicode>des Weltalls. Mit diesem Schein fuhr Bobe, wohin er wollte.</Unicode>
                </TextEquiv>
            </TextLine>
            <TextLine id="r1l47" custom="readingOrder {index:46;}">
                <Coords points="563,1803 1737,1802 1757,1755 562,1765"/>
                <Baseline points="570,1795 632,1793 694,1791 756,1790 818,1789 880,1788 942,1788 1004,1787 1066,1787 1128,1787 1190,1787 1252,1787 1314,1787 1376,1787 1438,1787 1500,1786 1562,1786 1624,1785 1686,1783 1749,1781"/>
                <TextEquiv>
                    <Unicode>mäßig schmalen Zwischen=Werk. Und sollte es wahr sein, daß es</Unicode>
                </TextEquiv>
            </TextLine>
            <TextLine id="r1l48" custom="readingOrder {index:47;}">
                <Coords points="1814,1820 2936,1817 2969,1763 1813,1779"/>
                <Baseline points="1821,1812 1878,1812 1935,1812 1992,1811 2049,1811 2106,1811 2163,1810 2220,1810 2277,1809 2334,1809 2391,1808 2448,1808 2505,1807 2562,1806 2619,1805 2676,1805 2733,1804 2790,1803 2847,1802 2904,1800 2961,1799"/>
                <TextEquiv>
                    <Unicode>„Bald hagelte es Strafbefehle, ich bezahlte sie nicht, sondern reimte</Unicode>
                </TextEquiv>
            </TextLine>
            <TextLine id="r1l49" custom="readingOrder {index:48;}">
                <Coords points="557,1838 1751,1844 1750,1800 1681,1785 557,1811"/>
                <Baseline points="566,1838 624,1836 683,1835 742,1834 801,1833 860,1832 919,1832 977,1831 1036,1831 1095,1831 1154,1830 1213,1830 1272,1830 1331,1830 1389,1829 1448,1829 1507,1828 1566,1828 1625,1827 1684,1826 1743,1825"/>
                <TextEquiv>
                    <Unicode>ein eigenes Krankheitserlebnis war, das Gundolf zu dem Arzt</Unicode>
                </TextEquiv>
            </TextLine>
            <TextLine id="r1l50" custom="readingOrder {index:49;}">
                <Coords points="1773,1870 2969,1862 2968,1800 1772,1807"/>
                <Baseline points="1781,1854 1840,1854 1899,1854 1958,1854 2017,1854 2076,1854 2135,1853 2194,1853 2253,1852 2312,1851 2371,1851 2430,1850 2489,1849 2548,1849 2607,1848 2666,1847 2725,1846 2784,1845 2843,1844 2902,1843 2961,1843"/>
                <TextEquiv>
                    <Unicode>die Behörden humorvoll an. Bei der Eisenbahn=Verkehrs=Inspektion</Unicode>
                </TextEquiv>
            </TextLine>
            <TextLine id="r1l51" custom="readingOrder {index:50;}">
                <Coords points="565,1888 1679,1882 1745,1875 1745,1839 564,1847"/>
                <Baseline points="573,1877 631,1877 689,1877 747,1877 805,1877 864,1877 922,1877 980,1876 1038,1876 1096,1876 1155,1875 1213,1875 1271,1874 1329,1873 1387,1873 1446,1872 1504,1871 1562,1870 1620,1869 1678,1868 1737,1867"/>
                <TextEquiv>
                    <Unicode>Paracelsus geführt hat, so wünschen wir uns, daß er bald die</Unicode>
                </TextEquiv>
            </TextLine>
            <TextLine id="r1l52" custom="readingOrder {index:51;}">
                <Coords points="1778,1902 2778,1907 2970,1861 1778,1867"/>
                <Baseline points="1786,1894 1844,1894 1903,1895 1962,1895 2021,1895 2080,1895 2138,1895 2197,1895 2256,1895 2315,1894 2374,1894 2432,1893 2491,1893 2550,1892 2609,1891 2668,1890 2726,1889 2785,1888 2844,1888 2903,1887 2962,1886"/>
                <TextEquiv>
                    <Unicode>Vielefeld beschwerte ich mich über meine eigene unzulässige Maß¬</Unicode>
                </TextEquiv>
            </TextLine>
            <TextLine id="r1l53" custom="readingOrder {index:52;}">
                <Coords points="565,1944 1742,1930 1742,1877 565,1889"/>
                <Baseline points="572,1918 630,1918 688,1918 746,1917 804,1917 862,1916 920,1916 978,1915 1036,1915 1094,1914 1153,1914 1211,1913 1269,1913 1327,1912 1385,1912 1443,1912 1501,1911 1559,1911 1617,1911 1675,1910 1734,1910"/>
                <TextEquiv>
                    <Unicode>volle Gesundheit finde zu dem großen Shakespeare=Buch, das er</Unicode>
                </TextEquiv>
            </TextLine>
            <TextLine id="r1l54" custom="readingOrder {index:53;}">
                <Coords points="1775,1942 2850,1951 2968,1939 2968,1899 1774,1899"/>
                <Baseline points="1782,1938 1840,1937 1899,1936 1958,1936 2017,1936 2076,1935 2135,1935 2194,1935 2253,1935 2312,1934 2371,1934 2429,1934 2488,1934 2547,1934 2606,1933 2665,1933 2724,1932 2783,1931 2842,1930 2901,1929 2960,1928"/>
                <TextEquiv>
                    <Unicode>nahme und verlangte gesetzliche Bestrafung. Man sagte mir, das</Unicode>
                </TextEquiv>
            </TextLine>
            <TextLine id="r1l55" custom="readingOrder {index:54;}">
                <Coords points="1177,1986 1391,1967 1437,1984 1517,1965 1541,1983 1586,1972 1694,1995 1716,1990 1716,1927 1610,1915 1577,1934 1416,1932 1378,1917 1337,1939 1254,1925 1176,1942"/>
                <Baseline points="1185,1964 1211,1963 1237,1963 1263,1963 1289,1963 1315,1964 1341,1964 1367,1964 1393,1964 1419,1965 1446,1965 1472,1965 1498,1965 1524,1965 1550,1965 1576,1965 1602,1964 1628,1963 1654,1963 1680,1961 1707,1960"/>
                <TextEquiv>
                    <Unicode>Heinrich Mühsam</Unicode>
                </TextEquiv>
            </TextLine>
            <TextLine id="r1l56" custom="readingOrder {index:55;}">
                <Coords points="555,1983 573,1991 579,1984 592,1993 610,1990 622,1999 634,1992 660,1998 681,1983 703,1981 765,1993 764,1934 743,1938 723,1930 696,1942 644,1931 614,1941 604,1932 554,1930"/>
                <Baseline points="563,1966 590,1968 618,1968 646,1968 673,1967 701,1966 729,1964 757,1963"/>
                <TextEquiv>
                    <Unicode>versprach.</Unicode>
                </TextEquiv>
            </TextLine>
            <TextLine id="r1l57" custom="readingOrder {index:56;}">
                <Coords points="1792,1989 2967,1971 2903,1931 1792,1942"/>
                <Baseline points="1800,1979 1861,1979 1922,1979 1983,1979 2044,1979 2105,1979 2166,1979 2227,1978 2288,1978 2349,1978 2410,1977 2471,1977 2532,1976 2593,1975 2654,1974 2715,1973 2776,1972 2837,1971 2898,1970 2959,1969"/>
                <TextEquiv>
                    <Unicode>Gericht könne mich nicht als zurechnungsfähig ansehen und lehne</Unicode>
                </TextEquiv>
            </TextLine>
            <TextLine id="r1l58" custom="readingOrder {index:57;}">
                <Coords points="1794,2035 2970,2020 2969,1968 1794,1992"/>
                <Baseline points="1802,2022 1860,2021 1918,2020 1976,2020 2034,2020 2092,2020 2150,2020 2208,2020 2266,2020 2324,2020 2382,2020 2440,2020 2498,2020 2556,2020 2614,2020 2672,2019 2730,2018 2788,2016 2846,2015 2904,2013 2962,2011"/>
                <TextEquiv>
                    <Unicode>ein Strafverfahren glattweg ab. Ich fuhr lustig weiter und setzte</Unicode>
                </TextEquiv>
            </TextLine>
            <TextLine id="r1l59" custom="readingOrder {index:58;}">
                <Coords points="1789,2071 2853,2076 2960,2066 2982,2023 1789,2040"/>
                <Baseline points="1797,2065 1855,2065 1914,2064 1973,2064 2032,2064 2091,2064 2150,2064 2208,2064 2267,2064 2326,2064 2385,2064 2444,2064 2503,2063 2562,2063 2620,2063 2679,2062 2738,2062 2797,2061 2856,2060 2915,2059 2974,2058"/>
                <TextEquiv>
                    <Unicode>mich mit mehr oder minder ernst und heiteren Hindernisszenen</Unicode>
                </TextEquiv>
            </TextLine>
            <TextLine id="r1l60" custom="readingOrder {index:59;}">
                <Coords points="1780,2128 2598,2134 2919,2115 2963,2068 1779,2077"/>
                <Baseline points="1787,2107 1845,2107 1903,2107 1962,2107 2020,2107 2079,2107 2137,2106 2196,2106 2254,2106 2313,2105 2371,2105 2429,2104 2488,2103 2546,2103 2605,2102 2663,2101 2722,2101 2780,2100 2839,2100 2897,2099 2956,2098"/>
                <TextEquiv>
                    <Unicode>überall bahnfrei durch. Mein Kampf ging froh und heiter, stets</Unicode>
                </TextEquiv>
            </TextLine>
            <TextLine id="r1l61" custom="readingOrder {index:60;}">
                <Coords points="1782,2170 1825,2175 1852,2156 1879,2172 2000,2159 2041,2173 2085,2155 2154,2153 2154,2127 2131,2130 2093,2106 1989,2124 1954,2108 1927,2126 1842,2110 1782,2129"/>
                <Baseline points="1791,2152 1816,2150 1841,2148 1867,2147 1892,2146 1918,2146 1943,2146 1969,2146 1994,2146 2019,2147 2045,2147 2070,2148 2096,2148 2121,2148 2147,2148"/>
                <TextEquiv>
                    <Unicode>zielbewußt weiter.</Unicode>
                </TextEquiv>
            </TextLine>
            <TextLine id="r1l62" custom="readingOrder {index:61;}">
                <Coords points="557,2166 843,2203 1722,2156 1690,2044 1592,2094 1467,2046 1254,2097 1077,2057 1003,2094 936,2055 557,2097"/>
                <Baseline points="566,2166 623,2166 680,2167 738,2168 795,2168 853,2169 910,2169 968,2169 1025,2169 1083,2169 1140,2169 1197,2169 1255,2168 1312,2167 1370,2166 1427,2165 1485,2163 1542,2161 1600,2159 1657,2157 1715,2154"/>
                <TextEquiv>
                    <Unicode>Georg Kaisers „Präsident“</Unicode>
                </TextEquiv>
            </TextLine>
            <TextLine id="r1l63" custom="readingOrder {index:62;}">
                <Coords points="1823,2199 2971,2207 2961,2133 1823,2170"/>
                <Baseline points="1831,2194 1887,2195 1944,2196 2000,2196 2057,2196 2113,2197 2170,2196 2226,2196 2283,2196 2339,2196 2396,2195 2453,2195 2509,2194 2566,2193 2622,2192 2679,2192 2735,2191 2792,2191 2848,2190 2905,2190 2962,2190"/>
                <TextEquiv>
                    <Unicode>Am 8. Januar 1920 fuhr ich nach Berlin und kündigte den</Unicode>
                </TextEquiv>
            </TextLine>
            <TextLine id="r1l64" custom="readingOrder {index:63;}">
                <Coords points="1794,2243 2978,2246 2978,2201 2929,2194 1794,2201"/>
                <Baseline points="1802,2238 1860,2238 1918,2238 1977,2237 2035,2237 2094,2238 2152,2238 2210,2238 2269,2238 2327,2239 2386,2239 2444,2239 2502,2239 2561,2239 2619,2239 2678,2239 2736,2238 2794,2238 2853,2237 2911,2235 2970,2234"/>
                <TextEquiv>
                    <Unicode>Stationen Oerlinghausen sowie Bielefeld meine Freifahrtreise</Unicode>
                </TextEquiv>
            </TextLine>
            <TextLine id="r1l65" custom="readingOrder {index:64;}">
                <Coords points="933,2242 1132,2264 1223,2250 1299,2271 1372,2248 1372,2216 1344,2200 1295,2213 1252,2190 1206,2215 1161,2205 1137,2217 1093,2199 1071,2215 934,2199"/>
                <Baseline points="942,2243 968,2243 994,2243 1021,2243 1047,2243 1073,2244 1100,2244 1126,2245 1153,2245 1179,2246 1205,2247 1232,2247 1258,2247 1284,2247 1311,2246 1337,2246 1364,2244"/>
                <TextEquiv>
                    <Unicode>Komödienhaus</Unicode>
                </TextEquiv>
            </TextLine>
            <TextLine id="r1l66" custom="readingOrder {index:65;}">
                <Coords points="1785,2285 2946,2295 2968,2242 1784,2244"/>
                <Baseline points="1793,2283 1851,2283 1909,2283 1968,2283 2026,2283 2084,2283 2143,2283 2201,2283 2259,2283 2318,2282 2376,2282 2434,2282 2493,2282 2551,2281 2609,2281 2668,2280 2726,2279 2784,2278 2843,2277 2901,2276 2960,2274"/>
                <TextEquiv>
                    <Unicode>tags zuvor schriftlich an, traf mit Sack und Pack auch glatt in</Unicode>
                </TextEquiv>
            </TextLine>
            <TextLine id="r1l67" custom="readingOrder {index:66;}">
                <Coords points="598,2339 1755,2326 1754,2290 1674,2274 597,2292"/>
                <Baseline points="606,2328 663,2328 720,2328 777,2327 834,2327 891,2327 948,2326 1005,2326 1062,2326 1119,2325 1176,2324 1233,2324 1290,2323 1347,2322 1404,2321 1461,2321 1518,2320 1575,2319 1632,2318 1689,2316 1747,2315"/>
                <TextEquiv>
                    <Unicode>Die Kritik respektiert Georg Kaisers Namen, indem sie seine</Unicode>
                </TextEquiv>
            </TextLine>
            <TextLine id="r1l68" custom="readingOrder {index:67;}">
                <Coords points="1781,2328 2888,2334 2977,2291 1781,2295"/>
                <Baseline points="1789,2325 1848,2325 1907,2325 1966,2325 2025,2324 2084,2324 2143,2325 2202,2325 2261,2325 2320,2325 2379,2325 2438,2325 2497,2324 2556,2324 2615,2323 2674,2322 2733,2322 2792,2320 2851,2319 2910,2317 2970,2315"/>
                <TextEquiv>
                    <Unicode>Berlin ein, drückte meinen Schein dem Schaffner am Bahn¬</Unicode>
                </TextEquiv>
            </TextLine>
            <TextLine id="r1l69" custom="readingOrder {index:68;}">
                <Coords points="1794,2380 2856,2375 2966,2330 1793,2336"/>
                <Baseline points="1801,2370 1858,2369 1916,2368 1974,2368 2032,2367 2090,2367 2148,2367 2206,2367 2264,2366 2322,2366 2380,2366 2437,2366 2495,2366 2553,2365 2611,2365 2669,2364 2727,2363 2785,2362 2843,2361 2901,2359 2959,2357"/>
                <TextEquiv>
                    <Unicode>hof Friedrichstraße, unter den Augen der Polizei, mit Friedens¬</Unicode>
                </TextEquiv>
            </TextLine>
            <TextLine id="r1l70" custom="readingOrder {index:69;}">
                <Coords points="572,2375 1753,2366 1730,2322 572,2338"/>
                <Baseline points="580,2373 638,2372 696,2372 754,2371 812,2371 871,2370 929,2370 987,2370 1045,2370 1103,2369 1162,2369 1220,2369 1278,2368 1336,2368 1394,2367 1453,2366 1511,2365 1569,2364 1627,2362 1685,2360 1744,2359"/>
                <TextEquiv>
                    <Unicode>Premieren selbst im Schmelzofen der Julibül besucht. Aber sie</Unicode>
                </TextEquiv>
            </TextLine>
            <TextLine id="r1l71" custom="readingOrder {index:70;}">
                <Coords points="1794,2424 2629,2396 2979,2427 2979,2358 1793,2384"/>
                <Baseline points="1801,2407 1859,2408 1918,2408 1976,2408 2035,2409 2093,2409 2152,2409 2210,2409 2269,2408 2327,2408 2386,2408 2444,2407 2503,2406 2561,2406 2620,2405 2678,2403 2737,2402 2795,2401 2854,2400 2912,2398 2971,2397"/>
                <TextEquiv>
                    <Unicode>ministeriumstempel versehen, als „amtlichen Ausweis“ in die</Unicode>
                </TextEquiv>
            </TextLine>
            <TextLine id="r1l72" custom="readingOrder {index:71;}">
                <Coords points="574,2427 1731,2425 1767,2372 574,2376"/>
                <Baseline points="582,2419 640,2418 699,2417 758,2416 817,2416 876,2415 935,2415 994,2414 1053,2414 1112,2414 1171,2413 1229,2413 1288,2412 1347,2411 1406,2410 1465,2409 1524,2408 1583,2407 1642,2405 1701,2403 1760,2401"/>
                <TextEquiv>
                    <Unicode>erweist diesem Namen die tiefste Reverenz, wenn sie möglichst</Unicode>
                </TextEquiv>
            </TextLine>
            <TextLine id="r1l73" custom="readingOrder {index:72;}">
                <Coords points="1797,2466 2864,2444 2829,2401 1796,2422"/>
                <Baseline points="1805,2450 1857,2450 1910,2450 1962,2450 2015,2450 2067,2450 2120,2450 2172,2449 2225,2449 2277,2449 2330,2448 2382,2448 2435,2447 2487,2446 2540,2446 2592,2445 2645,2445 2697,2444 2750,2443 2802,2443 2855,2442"/>
                <TextEquiv>
                    <Unicode>Hand nebst den Worten, er habe den Schein zu behalten.</Unicode>
                </TextEquiv>
            </TextLine>
            <TextLine id="r1l74" custom="readingOrder {index:73;}">
                <Coords points="569,2454 1759,2451 1511,2408 569,2424"/>
                <Baseline points="577,2459 635,2459 694,2459 753,2459 812,2460 870,2460 929,2460 988,2460 1047,2459 1105,2459 1164,2459 1223,2458 1282,2458 1340,2457 1399,2456 1458,2454 1517,2452 1575,2451 1634,2448 1693,2445 1752,2443"/>
                <TextEquiv>
                    <Unicode>wenig über den „Präsidenten“ spricht. Ein frühes Werk aus un¬</Unicode>
                </TextEquiv>
            </TextLine>
            <TextLine id="r1l75" custom="readingOrder {index:74;}">
                <Coords points="1835,2498 2975,2502 2963,2439 1835,2463"/>
                <Baseline points="1842,2491 1898,2492 1954,2492 2010,2492 2066,2493 2123,2493 2179,2493 2235,2493 2291,2493 2347,2493 2404,2493 2460,2492 2516,2492 2572,2491 2628,2490 2685,2489 2741,2487 2797,2486 2853,2484 2909,2482 2966,2479"/>
                <TextEquiv>
                    <Unicode>Einige Tage später ging ich in das Reichseisenbahn¬</Unicode>
                </TextEquiv>
            </TextLine>
            <TextLine id="r1l76" custom="readingOrder {index:75;}">
                <Coords points="577,2513 1643,2525 1767,2500 1767,2459 577,2469"/>
                <Baseline points="585,2505 643,2504 702,2503 761,2503 819,2502 878,2502 937,2501 995,2501 1054,2501 1113,2500 1172,2500 1230,2500 1289,2499 1348,2498 1406,2497 1465,2496 1524,2495 1582,2493 1641,2491 1700,2489 1759,2486"/>
                <TextEquiv>
                    <Unicode>reifer Schaffenszeit, mühsam modernisiert, das ist diese Komödie</Unicode>
                </TextEquiv>
            </TextLine>
            <TextLine id="r1l77" custom="readingOrder {index:76;}">
                <Coords points="1789,2546 2812,2546 2983,2513 1788,2486"/>
                <Baseline points="1797,2535 1859,2535 1921,2535 1983,2535 2045,2535 2107,2535 2169,2535 2231,2534 2293,2534 2355,2534 2417,2534 2479,2533 2541,2533 2603,2532 2665,2531 2727,2530 2789,2529 2851,2527 2913,2525 2976,2523"/>
                <TextEquiv>
                    <Unicode>ministerium, stellte mich Herrn Geheimrat Knebel als Welt¬</Unicode>
                </TextEquiv>
            </TextLine>
            <TextLine id="r1l78" custom="readingOrder {index:77;}">
                <Coords points="583,2573 675,2551 839,2558 838,2520 770,2509 739,2521 704,2504 684,2522 646,2523 625,2511 607,2524 581,2523"/>
                <Baseline points="589,2547 615,2549 642,2549 669,2548 696,2547 723,2545 750,2545 777,2544 804,2544 831,2545"/>
                <TextEquiv>
                    <Unicode>ohne Komik.</Unicode>
                </TextEquiv>
            </TextLine>
            <TextLine id="r1l79" custom="readingOrder {index:78;}">
                <Coords points="1794,2593 2835,2587 2983,2533 1793,2542"/>
                <Baseline points="1802,2578 1860,2577 1919,2577 1978,2577 2036,2577 2095,2577 2154,2577 2212,2576 2271,2576 2330,2576 2389,2576 2447,2576 2506,2576 2565,2575 2623,2575 2682,2574 2741,2574 2799,2573 2858,2572 2917,2571 2976,2569"/>
                <TextEquiv>
                    <Unicode>verkehrsreformator vor, erzählte ihm, daß ich die Eisenbahn kon¬</Unicode>
                </TextEquiv>
            </TextLine>
            <TextLine id="r1l80" custom="readingOrder {index:79;}">
                <Coords points="602,2596 1772,2588 1771,2545 1697,2531 1390,2559 1088,2524 980,2566 602,2569"/>
                <Baseline points="610,2592 667,2592 725,2592 782,2592 840,2592 898,2593 955,2593 1013,2593 1071,2593 1128,2593 1186,2593 1244,2592 1301,2592 1359,2591 1417,2590 1474,2589 1532,2588 1590,2586 1647,2584 1705,2582 1763,2579"/>
                <TextEquiv>
                    <Unicode>Sie spottet über einen Wichtigmacher mit dem Lebensprogramm:</Unicode>
                </TextEquiv>
            </TextLine>
            <TextLine id="r1l81" custom="readingOrder {index:80;}">
                <Coords points="1797,2625 2815,2631 2977,2622 2977,2586 1797,2592"/>
                <Baseline points="1805,2621 1863,2621 1921,2621 1979,2621 2038,2621 2096,2621 2154,2620 2212,2620 2271,2620 2329,2619 2387,2619 2445,2618 2504,2618 2562,2617 2620,2617 2678,2616 2737,2615 2795,2615 2853,2614 2911,2613 2970,2612"/>
                <TextEquiv>
                    <Unicode>trolliert hatte und gegen die Gültigkeit meines Freifahrtscheins</Unicode>
                </TextEquiv>
            </TextLine>
            <TextLine id="r1l82" custom="readingOrder {index:81;}">
                <Coords points="563,2628 1771,2630 1729,2589 563,2590"/>
                <Baseline points="572,2642 631,2641 691,2641 750,2640 810,2640 869,2640 929,2639 988,2639 1048,2638 1107,2637 1167,2637 1227,2636 1286,2635 1346,2634 1405,2633 1465,2632 1524,2630 1584,2629 1643,2627 1703,2626 1763,2624"/>
                <TextEquiv>
                    <Unicode>man muß von irgend etwas Präsident sein, ganz egal wovon.</Unicode>
                </TextEquiv>
            </TextLine>
            <TextLine id="r1l83" custom="readingOrder {index:82;}">
                <Coords points="1798,2674 2985,2656 2928,2617 1798,2638"/>
                <Baseline points="1805,2661 1863,2661 1922,2662 1980,2662 2039,2662 2097,2662 2156,2662 2214,2661 2273,2661 2331,2660 2390,2660 2449,2659 2507,2659 2566,2658 2624,2657 2683,2657 2741,2656 2800,2655 2858,2655 2917,2655 2976,2654"/>
                <TextEquiv>
                    <Unicode>wegen Unachtsamkeit des Fahrdienstpersonals Beschwerde führen</Unicode>
                </TextEquiv>
            </TextLine>
            <TextLine id="r1l84" custom="readingOrder {index:83;}">
                <Coords points="575,2687 1724,2680 1764,2628 574,2651"/>
                <Baseline points="582,2685 640,2684 699,2684 758,2684 817,2684 875,2684 934,2684 993,2684 1052,2684 1110,2684 1169,2684 1228,2684 1287,2683 1345,2682 1404,2681 1463,2679 1522,2677 1580,2675 1639,2672 1698,2668 1757,2664"/>
                <TextEquiv>
                    <Unicode>Ein Pariser Advokat, so gesonnen, wird Vorsitzender eines Kon¬</Unicode>
                </TextEquiv>
            </TextLine>
            <TextLine id="r1l85" custom="readingOrder {index:84;}">
                <Coords points="1802,2715 2989,2710 2988,2669 2925,2662 1801,2680"/>
                <Baseline points="1810,2707 1868,2707 1927,2706 1985,2706 2044,2705 2102,2705 2161,2704 2219,2704 2278,2704 2336,2704 2395,2703 2453,2703 2512,2702 2570,2702 2629,2701 2687,2700 2746,2700 2804,2699 2863,2697 2921,2696 2980,2694"/>
                <TextEquiv>
                    <Unicode>müsse. Gegen solche Lotterwirtschaft wolle ich zwang¬</Unicode>
                </TextEquiv>
            </TextLine>
            <TextLine id="r1l86" custom="readingOrder {index:85;}">
                <Coords points="574,2746 1745,2734 1771,2669 1432,2704 573,2691"/>
                <Baseline points="582,2733 641,2731 700,2729 759,2728 818,2727 877,2727 936,2726 995,2726 1054,2726 1113,2726 1172,2726 1231,2725 1290,2725 1349,2724 1408,2723 1467,2722 1526,2720 1585,2718 1644,2715 1703,2712 1763,2708"/>
                <TextEquiv>
                    <Unicode>gresses zur Bekämpfung des Mädchenhandels. Er spricht nicht</Unicode>
                </TextEquiv>
            </TextLine>
            <TextLine id="r1l87" custom="readingOrder {index:86;}">
                <Coords points="1798,2760 2986,2757 2986,2713 1797,2710"/>
                <Baseline points="1805,2750 1863,2750 1922,2749 1980,2749 2039,2748 2098,2748 2156,2748 2215,2748 2274,2748 2332,2747 2391,2747 2450,2747 2508,2746 2567,2746 2626,2745 2684,2744 2743,2743 2802,2742 2860,2740 2919,2738 2978,2736"/>
                <TextEquiv>
                    <Unicode>läufige Kontrollen darbieten, und um die bisher vergeblich nach¬</Unicode>
                </TextEquiv>
            </TextLine>
            <TextLine id="r1l88" custom="readingOrder {index:87;}">
                <Coords points="570,2777 1768,2790 1767,2729 1710,2718 569,2743"/>
                <Baseline points="577,2776 636,2774 695,2772 754,2771 813,2770 872,2769 931,2769 990,2769 1049,2769 1108,2769 1168,2768 1227,2768 1286,2768 1345,2768 1404,2767 1463,2766 1522,2765 1581,2763 1640,2761 1699,2758 1759,2754"/>
                <TextEquiv>
                    <Unicode>wie die Sozialisten: das Ziel ist nichts, die Bewegung alles.</Unicode>
                </TextEquiv>
            </TextLine>
            <TextLine id="r1l89" custom="readingOrder {index:88;}">
                <Coords points="1791,2817 2984,2791 2983,2737 1790,2761"/>
                <Baseline points="1799,2793 1857,2791 1916,2789 1975,2788 2034,2787 2093,2787 2151,2787 2210,2787 2269,2788 2328,2788 2387,2788 2445,2789 2504,2789 2563,2789 2622,2789 2681,2788 2739,2787 2798,2786 2857,2784 2916,2781 2975,2778"/>
                <TextEquiv>
                    <Unicode>gesuchte Gelegenheit zu Reformvorschlägen ihn persönlich bitten.</Unicode>
                </TextEquiv>
            </TextLine>
            <TextLine id="r1l90" custom="readingOrder {index:89;}">
                <Coords points="577,2822 1552,2825 1742,2814 1767,2768 577,2778"/>
                <Baseline points="586,2817 644,2816 703,2815 761,2814 820,2813 879,2812 937,2812 996,2811 1055,2810 1113,2809 1172,2809 1231,2808 1289,2807 1348,2806 1407,2805 1465,2804 1524,2803 1583,2802 1641,2801 1700,2799 1759,2797"/>
                <TextEquiv>
                    <Unicode>Nein er sagt: die Sache ist nichts, die Präsidentenglocke alles.</Unicode>
                </TextEquiv>
            </TextLine>
            <TextLine id="r1l91" custom="readingOrder {index:90;}">
                <Coords points="1835,2847 2949,2848 2988,2788 1834,2823"/>
                <Baseline points="1843,2843 1899,2842 1956,2841 2013,2840 2070,2840 2127,2839 2184,2839 2241,2839 2298,2839 2355,2839 2412,2839 2468,2839 2525,2838 2582,2838 2639,2837 2696,2837 2753,2836 2810,2835 2867,2834 2924,2832 2981,2830"/>
                <TextEquiv>
                    <Unicode>Schnell bekam ich dann den erwarteten abschlägigen Bescheid</Unicode>
                </TextEquiv>
            </TextLine>
            <TextLine id="r1l92" custom="readingOrder {index:91;}">
                <Coords points="595,2864 1444,2871 1731,2855 1770,2811 594,2839"/>
                <Baseline points="603,2861 661,2859 719,2857 777,2856 835,2855 893,2854 951,2853 1009,2853 1067,2853 1125,2853 1183,2852 1241,2852 1299,2852 1357,2851 1415,2850 1473,2849 1531,2848 1589,2846 1647,2844 1705,2841 1763,2838"/>
                <TextEquiv>
                    <Unicode>Hätte Kaiser diese Situation aus ihrem eigenen Gesetz ent¬</Unicode>
                </TextEquiv>
            </TextLine>
            <TextLine id="r1l93" custom="readingOrder {index:92;}">
                <Coords points="1793,2884 2876,2898 2994,2858 1793,2865"/>
                <Baseline points="1801,2886 1860,2886 1919,2885 1978,2885 2038,2884 2097,2884 2156,2884 2215,2883 2275,2883 2334,2883 2393,2883 2452,2883 2512,2882 2571,2882 2630,2882 2689,2881 2749,2881 2808,2880 2867,2880 2926,2879 2986,2878"/>
                <TextEquiv>
                    <Unicode>und die Ankündigung, daß man mich wegen des Freifahrtscheins</Unicode>
                </TextEquiv>
            </TextLine>
            <TextLine id="r1l94" custom="readingOrder {index:93;}">
                <Coords points="579,2899 1650,2908 1771,2870 579,2877"/>
                <Baseline points="588,2904 646,2903 705,2902 764,2901 823,2900 881,2900 940,2899 999,2899 1058,2898 1116,2898 1175,2898 1234,2897 1293,2896 1351,2895 1410,2894 1469,2893 1528,2892 1586,2891 1645,2889 1704,2886 1763,2884"/>
                <TextEquiv>
                    <Unicode>wickelt, so wären wir um eine schöne Posse reicher. Aber in</Unicode>
                </TextEquiv>
            </TextLine>
            <TextLine id="r1l95" custom="readingOrder {index:94;}">
                <Coords points="1808,2940 2888,2951 2985,2895 1808,2901"/>
                <Baseline points="1816,2936 1874,2933 1932,2931 1990,2929 2048,2927 2106,2927 2164,2926 2222,2926 2280,2926 2338,2926 2397,2926 2455,2927 2513,2927 2571,2927 2629,2926 2687,2926 2745,2925 2803,2924 2861,2922 2919,2920 2978,2916"/>
                <TextEquiv>
                    <Unicode>gerichtlich belangen wolle und vom Eisenbahnverkehr völlig aus¬</Unicode>
                </TextEquiv>
            </TextLine>
            <TextLine id="r1l96" custom="readingOrder {index:95;}">
                <Coords points="576,2950 1766,2944 1765,2897 1719,2891 575,2906"/>
                <Baseline points="583,2949 641,2947 700,2946 759,2945 818,2944 876,2943 935,2943 994,2942 1053,2942 1111,2942 1170,2941 1229,2941 1288,2940 1346,2939 1405,2939 1464,2937 1523,2935 1581,2933 1640,2931 1699,2928 1758,2924"/>
                <TextEquiv>
                    <Unicode>schwachen Stunden seiner Inspiration ist ihm nur eine morali¬</Unicode>
                </TextEquiv>
            </TextLine>
            <TextLine id="r1l97" custom="readingOrder {index:96;}">
                <Coords points="1796,2988 2909,2979 2992,2961 2992,2925 1796,2947"/>
                <Baseline points="1803,2975 1862,2973 1921,2972 1980,2971 2039,2970 2098,2970 2157,2969 2216,2969 2275,2969 2334,2969 2393,2968 2452,2968 2511,2968 2570,2967 2629,2967 2688,2966 2747,2965 2806,2964 2865,2963 2924,2962 2984,2960"/>
                <TextEquiv>
                    <Unicode>schließe. Am 28. Februar 1920 fand das Verfahren statt, und</Unicode>
                </TextEquiv>
            </TextLine>
            <TextLine id="r1l98" custom="readingOrder {index:97;}">
                <Coords points="579,3004 1777,2979 1707,2937 578,2952"/>
                <Baseline points="587,2993 646,2991 705,2989 764,2987 823,2986 882,2985 941,2984 1000,2984 1059,2983 1118,2983 1178,2983 1237,2982 1296,2982 1355,2981 1414,2980 1473,2979 1532,2978 1591,2976 1650,2974 1709,2971 1769,2968"/>
                <TextEquiv>
                    <Unicode>sierende Tochter des Präsidenten eingefallen, frisch aus dem Kloster</Unicode>
                </TextEquiv>
            </TextLine>
            <TextLine id="r1l99" custom="readingOrder {index:98;}">
                <Coords points="1807,3022 2957,3020 2991,2963 1807,2986"/>
                <Baseline points="1815,3015 1873,3014 1931,3013 1990,3013 2048,3013 2107,3013 2165,3013 2224,3013 2282,3012 2341,3012 2399,3012 2457,3012 2516,3012 2574,3011 2633,3011 2691,3010 2750,3009 2808,3008 2867,3006 2925,3004 2984,3002"/>
                <TextEquiv>
                    <Unicode>am 6. März erhielt ich folgenden Beschluß: „Sie werden hiermit</Unicode>
                </TextEquiv>
            </TextLine>
            <TextLine id="r1l100" custom="readingOrder {index:99;}">
                <Coords points="585,3034 1759,3033 1782,2978 584,3010"/>
                <Baseline points="593,3034 652,3033 711,3032 770,3031 829,3030 888,3029 947,3028 1006,3027 1065,3027 1124,3026 1184,3025 1243,3024 1302,3024 1361,3023 1420,3022 1479,3021 1538,3020 1597,3019 1656,3018 1715,3016 1775,3014"/>
                <TextEquiv>
                    <Unicode>entlassen. Weil sie ihres Vaters Mangel an Ernst ausgleichen will,</Unicode>
                </TextEquiv>
            </TextLine>
            <TextLine id="r1l101" custom="readingOrder {index:100;}">
                <Coords points="1805,3071 2987,3069 2987,3011 1805,3025"/>
                <Baseline points="1813,3057 1871,3057 1929,3056 1987,3056 2046,3055 2104,3055 2162,3055 2221,3055 2279,3055 2337,3055 2396,3055 2454,3055 2512,3055 2570,3055 2629,3054 2687,3053 2745,3052 2804,3051 2862,3049 2920,3048 2979,3045"/>
                <TextEquiv>
                    <Unicode>in Kenntnis gesetzt, daß das gegen Sie eingeleitete Verfahren</Unicode>
                </TextEquiv>
            </TextLine>
            <TextLine id="r1l102" custom="readingOrder {index:101;}">
                <Coords points="582,3075 1621,3081 1776,3061 1776,3026 581,3038"/>
                <Baseline points="589,3081 648,3079 707,3076 766,3075 825,3073 884,3072 943,3071 1002,3070 1061,3070 1120,3069 1179,3069 1238,3068 1297,3068 1356,3067 1415,3066 1474,3066 1533,3065 1592,3063 1651,3061 1710,3060 1769,3057"/>
                <TextEquiv>
                    <Unicode>fällt sie zwei Hoteldieben ins Retz, und der Präsident muß den</Unicode>
                </TextEquiv>
            </TextLine>
            <TextLine id="r1l103" custom="readingOrder {index:102;}">
                <Coords points="1803,3113 2969,3109 2988,3041 1803,3069"/>
                <Baseline points="1811,3101 1869,3100 1928,3099 1986,3098 2045,3097 2103,3097 2162,3097 2220,3097 2279,3097 2337,3097 2396,3098 2454,3098 2513,3098 2571,3098 2630,3098 2688,3098 2747,3098 2805,3097 2864,3096 2922,3095 2981,3093"/>
                <TextEquiv>
                    <Unicode>wegen Betruges, begangen durch wiederholtes Fahren auf der</Unicode>
                </TextEquiv>
            </TextLine>
            <TextLine id="r1l104" custom="readingOrder {index:103;}">
                <Coords points="582,3131 1772,3101 1755,3065 581,3095"/>
                <Baseline points="590,3123 648,3120 707,3119 766,3117 824,3116 883,3115 942,3115 1000,3114 1059,3114 1118,3114 1177,3113 1235,3113 1294,3112 1353,3112 1411,3111 1470,3109 1529,3107 1587,3105 1646,3103 1705,3100 1764,3096"/>
                <TextEquiv>
                    <Unicode>Glanz seines Amtes mit seinem Vermögen bezahlen. Seine Narr¬</Unicode>
                </TextEquiv>
            </TextLine>
            <TextLine id="r1l105" custom="readingOrder {index:104;}">
                <Coords points="1795,3151 2984,3160 2984,3106 2908,3092 1795,3105"/>
                <Baseline points="1803,3143 1861,3143 1920,3143 1978,3143 2037,3143 2096,3142 2154,3142 2213,3141 2272,3141 2330,3141 2389,3140 2448,3140 2506,3140 2565,3139 2624,3139 2682,3139 2741,3139 2800,3139 2858,3139 2917,3139 2976,3139"/>
                <TextEquiv>
                    <Unicode>Eisenbahn ohne Fahrkarte, eingestellt wird, da eine schuldhafte</Unicode>
                </TextEquiv>
            </TextLine>
            <TextLine id="r1l106" custom="readingOrder {index:105;}">
                <Coords points="578,3169 1773,3162 1772,3111 1719,3109 578,3130"/>
                <Baseline points="586,3165 648,3162 710,3160 772,3159 834,3157 896,3156 958,3156 1020,3155 1082,3155 1144,3154 1206,3154 1268,3154 1330,3153 1392,3153 1454,3152 1516,3151 1578,3150 1640,3148 1702,3146 1765,3143"/>
                <TextEquiv>
                    <Unicode>heit begeht also keinen Selbstmord, sondern sie wird von außen</Unicode>
                </TextEquiv>
            </TextLine>
            <TextLine id="r1l107" custom="readingOrder {index:106;}">
                <Coords points="1795,3193 1833,3204 1888,3184 1940,3204 1960,3190 2041,3188 2072,3205 2112,3190 2139,3205 2228,3191 2228,3153 2197,3147 2020,3157 2001,3139 1956,3158 1941,3147 1896,3160 1795,3152"/>
                <Baseline points="1802,3183 1828,3184 1854,3184 1880,3184 1906,3184 1932,3184 1958,3184 1984,3184 2011,3185 2037,3185 2063,3184 2089,3184 2115,3184 2141,3184 2167,3183 2193,3183 2220,3182"/>
                <TextEquiv>
                    <Unicode>Tat nicht vorliegt.“</Unicode>
                </TextEquiv>
            </TextLine>
            <TextLine id="r1l108" custom="readingOrder {index:107;}">
                <Coords points="588,3226 621,3228 645,3212 684,3208 733,3217 807,3206 872,3209 871,3178 844,3183 820,3166 779,3179 705,3165 645,3177 634,3169 587,3172"/>
                <Baseline points="595,3207 621,3206 648,3206 675,3206 702,3205 729,3205 755,3205 782,3204 809,3203 836,3201 863,3198"/>
                <TextEquiv>
                    <Unicode>her erschlagen.</Unicode>
                </TextEquiv>
            </TextLine>
            <TextLine id="r1l109" custom="readingOrder {index:108;}">
                <Coords points="1842,3229 2988,3240 2998,3163 1841,3201"/>
                <Baseline points="1849,3225 1906,3226 1963,3227 2020,3227 2077,3228 2134,3228 2191,3228 2248,3228 2305,3227 2362,3227 2420,3226 2477,3226 2534,3225 2591,3224 2648,3224 2705,3223 2762,3222 2819,3222 2876,3221 2933,3221 2991,3220"/>
                <TextEquiv>
                    <Unicode>Erneut trat ich nun an das Reichseisenbahnministerium heran</Unicode>
                </TextEquiv>
            </TextLine>
            <TextLine id="r1l110" custom="readingOrder {index:109;}">
                <Coords points="623,3253 1468,3260 1759,3243 1773,3196 1002,3181 622,3221"/>
                <Baseline points="630,3251 686,3249 743,3247 800,3245 857,3244 914,3244 970,3243 1027,3243 1084,3242 1141,3242 1198,3242 1254,3241 1311,3241 1368,3240 1425,3240 1482,3239 1538,3237 1595,3236 1652,3234 1709,3231 1766,3228"/>
                <TextEquiv>
                    <Unicode>Wie reich ist die Theaterstadt Berlin noch im Hochsommer! Wie</Unicode>
                </TextEquiv>
            </TextLine>
            <TextLine id="r1l111" custom="readingOrder {index:110;}">
                <Coords points="1797,3292 2913,3281 2996,3241 1796,3221"/>
                <Baseline points="1805,3270 1864,3270 1923,3270 1982,3270 2041,3270 2100,3270 2159,3270 2219,3270 2278,3269 2337,3269 2396,3269 2455,3269 2514,3269 2573,3269 2633,3268 2692,3268 2751,3267 2810,3266 2869,3266 2928,3264 2988,3263"/>
                <TextEquiv>
                    <Unicode>und bat nochmals um Gelegenheit zu Reformvorschlägen, indem</Unicode>
                </TextEquiv>
            </TextLine>
            <TextLine id="r1l112" custom="readingOrder {index:111;}">
                <Coords points="585,3291 1611,3297 1748,3285 1781,3244 585,3266"/>
                <Baseline points="593,3295 652,3294 711,3292 770,3291 829,3290 888,3289 947,3288 1006,3287 1065,3286 1124,3286 1183,3285 1242,3284 1301,3283 1360,3282 1419,3281 1478,3280 1537,3279 1596,3277 1655,3276 1714,3274 1773,3272"/>
                <TextEquiv>
                    <Unicode>opfermutig sind ihre Schauspieler! Julius Falkenstein</Unicode>
                </TextEquiv>
            </TextLine>
            <TextLine id="r1l113" custom="readingOrder {index:112;}">
                <Coords points="1793,3327 3005,3301 2960,3265 1792,3287"/>
                <Baseline points="1801,3317 1860,3316 1920,3315 1980,3314 2040,3314 2099,3314 2159,3314 2219,3314 2279,3314 2338,3314 2398,3314 2458,3314 2518,3314 2577,3314 2637,3314 2697,3313 2757,3312 2816,3311 2876,3309 2936,3307 2996,3304"/>
                <TextEquiv>
                    <Unicode>ich gleichzeitig die gerichtliche Verkündung wegen meiner als</Unicode>
                </TextEquiv>
            </TextLine>
            <TextLine id="r1l114" custom="readingOrder {index:113;}">
                <Coords points="583,3338 1780,3314 1779,3276 583,3291"/>
                <Baseline points="591,3340 650,3338 709,3336 768,3334 827,3333 886,3332 945,3331 1004,3331 1063,3330 1122,3330 1181,3329 1240,3329 1299,3329 1358,3328 1417,3327 1476,3326 1535,3325 1594,3323 1653,3321 1712,3320 1771,3317"/>
                <TextEquiv>
                    <Unicode>hat das Schicksal des Präsidenten sicher genug geahnt, um sich mit</Unicode>
                </TextEquiv>
            </TextLine>
            <TextLine id="r1l115" custom="readingOrder {index:114;}">
                <Coords points="1813,3368 3002,3334 2992,3299 1813,3321"/>
                <Baseline points="1821,3358 1879,3357 1938,3357 1996,3356 2055,3356 2114,3356 2172,3356 2231,3356 2289,3356 2348,3356 2407,3356 2465,3356 2524,3356 2582,3356 2641,3355 2700,3355 2758,3354 2817,3353 2875,3351 2934,3350 2993,3347"/>
                <TextEquiv>
                    <Unicode>schuldlos abgeurteilten Freifahrtmaßnahme als ein mir nun zu¬</Unicode>
                </TextEquiv>
            </TextLine>
            <TextLine id="r1l116" custom="readingOrder {index:115;}">
                <Coords points="597,3388 1773,3370 1732,3323 596,3340"/>
                <Baseline points="604,3380 662,3379 720,3377 778,3375 836,3374 894,3374 952,3373 1010,3372 1068,3372 1126,3371 1184,3371 1242,3370 1300,3370 1358,3369 1416,3368 1474,3367 1532,3366 1590,3365 1648,3363 1706,3361 1765,3358"/>
                <TextEquiv>
                    <Unicode>dem Erlernen seiner Worte keine überflüssige Mühe zu bereiten.</Unicode>
                </TextEquiv>
            </TextLine>
            <TextLine id="r1l117" custom="readingOrder {index:116;}">
                <Coords points="1813,3409 3016,3402 2976,3339 1813,3368"/>
                <Baseline points="1821,3397 1880,3397 1939,3397 1998,3397 2058,3397 2117,3397 2176,3397 2236,3397 2295,3397 2354,3397 2414,3396 2473,3396 2532,3396 2591,3395 2651,3395 2710,3394 2769,3393 2829,3392 2888,3391 2947,3389 3007,3387"/>
                <TextEquiv>
                    <Unicode>stehendes Recht begründete. In Berlin legte man sich aufs Still¬</Unicode>
                </TextEquiv>
            </TextLine>
            <TextLine id="r1l118" custom="readingOrder {index:117;}">
                <Coords points="598,3425 1786,3399 1667,3365 597,3386"/>
                <Baseline points="606,3420 664,3419 723,3418 781,3417 840,3416 899,3415 957,3414 1016,3414 1074,3413 1133,3412 1192,3412 1250,3411 1309,3410 1367,3409 1426,3408 1485,3407 1543,3405 1602,3404 1660,3402 1719,3400 1778,3398"/>
                <TextEquiv>
                    <Unicode>Aber er legte, der Arme, am tropischen Schiffbauerdamm Geh¬</Unicode>
                </TextEquiv>
            </TextLine>
            <TextLine id="r1l119" custom="readingOrder {index:118;}">
                <Coords points="1803,3451 2707,3462 3005,3414 1802,3410"/>
                <Baseline points="1811,3442 1870,3441 1929,3441 1989,3441 2048,3441 2107,3440 2167,3440 2226,3439 2285,3439 2345,3438 2404,3438 2463,3437 2523,3437 2582,3436 2641,3435 2701,3435 2760,3434 2819,3434 2879,3433 2938,3433 2998,3432"/>
                <TextEquiv>
                    <Unicode>schweigen. Ich fuhr aber lustig weiter auf der Eisenbahn und</Unicode>
                </TextEquiv>
            </TextLine>
            <TextLine id="r1l120" custom="readingOrder {index:119;}">
                <Coords points="598,3476 1776,3447 1762,3405 598,3429"/>
                <Baseline points="606,3465 664,3463 722,3461 780,3460 838,3459 896,3458 954,3457 1012,3456 1070,3455 1128,3455 1187,3454 1245,3454 1303,3453 1361,3452 1419,3452 1477,3450 1535,3449 1593,3448 1651,3446 1709,3444 1768,3442"/>
                <TextEquiv>
                    <Unicode>rock, Zylinder, Handschuhe an, und er krächzte auf sein rauhes</Unicode>
                </TextEquiv>
            </TextLine>
            <TextLine id="r1l121" custom="readingOrder {index:120;}">
                <Coords points="1812,3487 2896,3494 3003,3468 3003,3430 1812,3456"/>
                <Baseline points="1820,3484 1878,3483 1937,3482 1996,3482 2055,3482 2113,3482 2172,3482 2231,3482 2290,3482 2348,3481 2407,3481 2466,3481 2525,3481 2583,3480 2642,3480 2701,3479 2760,3478 2818,3477 2877,3475 2936,3474 2995,3471"/>
                <TextEquiv>
                    <Unicode>ordnete als Diktator beim Ministerium an, daß sämtliche</Unicode>
                </TextEquiv>
            </TextLine>
            <TextLine id="r1l122" custom="readingOrder {index:121;}">
                <Coords points="598,3506 1128,3531 1775,3490 1740,3451 597,3476"/>
                <Baseline points="605,3510 663,3508 721,3506 779,3504 837,3503 895,3502 953,3501 1011,3500 1069,3499 1127,3498 1186,3497 1244,3496 1302,3495 1360,3494 1418,3493 1476,3492 1534,3491 1592,3490 1650,3489 1708,3487 1767,3484"/>
                <TextEquiv>
                    <Unicode>Falkensteinisch jenen Furor, den Georg Kaiser diesmal beizu¬</Unicode>
                </TextEquiv>
            </TextLine>
            <TextLine id="r1l123" custom="readingOrder {index:122;}">
                <Coords points="1810,3533 3005,3534 3005,3468 1810,3487"/>
                <Baseline points="1818,3530 1880,3528 1942,3526 2004,3525 2066,3524 2128,3524 2190,3523 2252,3523 2314,3523 2376,3523 2438,3523 2500,3522 2562,3522 2624,3522 2686,3521 2748,3520 2810,3518 2872,3516 2934,3514 2997,3511"/>
                <TextEquiv>
                    <Unicode>Beamten von der Gültigkeit meines Freifahrtscheines in</Unicode>
                </TextEquiv>
            </TextLine>
            <TextLine id="r1l124" custom="readingOrder {index:123;}">
                <Coords points="594,3568 742,3546 997,3557 996,3508 710,3520 593,3510"/>
                <Baseline points="601,3551 626,3550 652,3549 678,3549 704,3547 730,3547 756,3546 782,3546 807,3545 833,3544 859,3544 885,3543 911,3543 937,3543 963,3542 989,3541"/>
                <TextEquiv>
                    <Unicode>steuern versäumt hat.</Unicode>
                </TextEquiv>
            </TextLine>
            <TextLine id="r1l125" custom="readingOrder {index:124;}">
                <Coords points="1812,3575 2947,3564 2927,3516 1811,3533"/>
                <Baseline points="1820,3572 1875,3571 1931,3570 1987,3570 2043,3569 2099,3569 2155,3568 2211,3568 2267,3568 2323,3567 2379,3567 2434,3566 2490,3566 2546,3565 2602,3565 2658,3564 2714,3563 2770,3562 2826,3560 2882,3558 2938,3556"/>
                <TextEquiv>
                    <Unicode>Kenntnis zu setzen wären, bei Beanstandungen würde i</Unicode>
                </TextEquiv>
            </TextLine>
            <TextLine id="r1l126" custom="readingOrder {index:125;}">
                <Coords points="629,3595 1755,3591 1757,3532 628,3553"/>
                <Baseline points="637,3590 692,3590 748,3589 803,3589 859,3588 915,3587 970,3587 1026,3586 1082,3585 1137,3584 1193,3583 1249,3582 1304,3581 1360,3580 1416,3579 1471,3577 1527,3576 1583,3574 1638,3573 1694,3571 1750,3570"/>
                <TextEquiv>
                    <Unicode>Das Diebespaar: Hedwig Wangel und Oskar Sima —</Unicode>
                </TextEquiv>
            </TextLine>
            <TextLine id="r1l127" custom="readingOrder {index:126;}">
                <Coords points="1812,3619 2998,3605 2950,3558 1812,3575"/>
                <Baseline points="1821,3613 1879,3612 1937,3612 1996,3611 2054,3611 2113,3611 2171,3610 2230,3609 2288,3609 2347,3608 2405,3607 2463,3607 2522,3606 2580,3605 2639,3605 2697,3604 2756,3603 2814,3602 2873,3600 2931,3599 2990,3598"/>
                <TextEquiv>
                    <Unicode>sofort die Rotbremse ziehen. Bald hielt mich</Unicode>
                </TextEquiv>
            </TextLine>
            <TextLine id="r1l128" custom="readingOrder {index:127;}">
                <Coords points="598,3639 1727,3645 1777,3635 1776,3581 597,3609"/>
                <Baseline points="606,3632 664,3632 722,3632 780,3632 838,3632 896,3631 954,3631 1013,3630 1071,3630 1129,3629 1187,3628 1245,3627 1303,3626 1361,3624 1420,3623 1478,3622 1536,3621 1594,3619 1652,3618 1710,3617 1769,3615"/>
                <TextEquiv>
                    <Unicode>also der Humor der Zweideutigkeit und die scharf zuschnappende</Unicode>
                </TextEquiv>
            </TextLine>
            <TextLine id="r1l129" custom="readingOrder {index:128;}">
                <Coords points="1813,3656 3000,3654 2985,3602 1812,3619"/>
                <Baseline points="1821,3651 1879,3651 1938,3651 1996,3651 2055,3651 2113,3651 2172,3651 2230,3650 2289,3650 2347,3650 2406,3649 2464,3648 2523,3648 2581,3647 2640,3647 2698,3646 2757,3645 2815,3645 2874,3644 2932,3643 2991,3643"/>
                <TextEquiv>
                    <Unicode>dann im Zuge ein Schaffner ganz energisch an. Ich schritt zur</Unicode>
                </TextEquiv>
            </TextLine>
            <TextLine id="r1l130" custom="readingOrder {index:129;}">
                <Coords points="592,3687 1113,3681 1132,3671 1132,3642 591,3640"/>
                <Baseline points="600,3677 626,3676 652,3675 678,3674 704,3674 731,3673 757,3672 783,3672 809,3671 835,3671 862,3670 888,3670 914,3670 940,3670 966,3669 993,3669 1019,3669 1045,3669 1071,3668 1097,3668 1124,3668"/>
                <TextEquiv>
                    <Unicode>Präzision der Kaltblütigkeit.</Unicode>
                </TextEquiv>
            </TextLine>
            <TextLine id="r1l131" custom="readingOrder {index:130;}">
                <Coords points="1914,3708 3005,3693 2965,3644 1914,3678"/>
                <Baseline points="1922,3691 1975,3691 2029,3692 2083,3693 2137,3693 2190,3693 2244,3693 2298,3694 2352,3693 2405,3693 2459,3693 2513,3693 2567,3692 2620,3692 2674,3691 2728,3690 2782,3690 2835,3689 2889,3688 2943,3687 2997,3686"/>
                <TextEquiv>
                    <Unicode>— und ein Ruck: der Zug stand mittels Natbremsel</Unicode>
                </TextEquiv>
            </TextLine>
            <TextLine id="r1l132" custom="readingOrder {index:131;}">
                <Coords points="1807,3712 1817,3710 1823,3703 1861,3701 1865,3706 1872,3706 1878,3699 1886,3704 1914,3696 1913,3663 1890,3668 1880,3661 1868,3665 1857,3659 1849,3662 1838,3657 1827,3659 1821,3666 1814,3659 1806,3660"/>
                <Baseline points="1814,3698 1844,3694 1875,3694 1906,3696"/>
                <TextEquiv>
                    <Unicode>Tat</Unicode>
                </TextEquiv>
            </TextLine>
            <TextLine id="r1l133" custom="readingOrder {index:132;}">
                <Coords points="636,3725 1741,3711 1777,3703 1776,3654 635,3682"/>
                <Baseline points="644,3710 700,3709 756,3709 812,3709 869,3709 925,3709 981,3709 1037,3709 1094,3709 1150,3709 1206,3708 1262,3708 1319,3708 1375,3707 1431,3706 1487,3705 1544,3703 1600,3702 1656,3700 1712,3698 1769,3695"/>
                <TextEquiv>
                    <Unicode>Endlich die Tochter mit der idealen Forderung: ein neues</Unicode>
                </TextEquiv>
            </TextLine>
            <TextLine id="r1l134" custom="readingOrder {index:133;}">
                <Coords points="1815,3743 3012,3756 3011,3691 2956,3687 1815,3703"/>
                <Baseline points="1823,3738 1882,3737 1941,3736 2000,3736 2059,3735 2118,3735 2177,3734 2236,3734 2295,3734 2354,3734 2413,3733 2472,3733 2531,3733 2590,3733 2649,3732 2708,3732 2767,3731 2826,3730 2885,3729 2944,3728 3004,3726"/>
                <TextEquiv>
                    <Unicode>Drohungen und Fluchworte drangen auf mich ein, doch im Herzen</Unicode>
                </TextEquiv>
            </TextLine>
            <TextLine id="r1l135" custom="readingOrder {index:134;}">
                <Coords points="595,3756 1781,3736 1753,3703 595,3720"/>
                <Baseline points="603,3755 661,3754 720,3754 778,3753 837,3752 895,3752 954,3751 1012,3751 1071,3750 1129,3750 1188,3749 1246,3748 1305,3748 1363,3747 1422,3746 1480,3745 1539,3744 1597,3742 1656,3740 1714,3738 1773,3735"/>
                <TextEquiv>
                    <Unicode>Gesicht, Marianne Hoppe. Schlanke Jugend und ein Blick</Unicode>
                </TextEquiv>
            </TextLine>
            <TextLine id="r1l136" custom="readingOrder {index:135;}">
                <Coords points="1808,3782 3003,3765 2911,3732 1808,3744"/>
                <Baseline points="1816,3780 1878,3779 1940,3778 2002,3778 2064,3777 2126,3777 2188,3777 2250,3777 2312,3777 2374,3777 2436,3776 2498,3776 2560,3776 2622,3775 2684,3774 2746,3773 2808,3772 2870,3770 2932,3768 2995,3765"/>
                <TextEquiv>
                    <Unicode>leuchtete mir Sonnenschein. Auf der nächsten Station, in Biele¬</Unicode>
                </TextEquiv>
            </TextLine>
            <TextLine id="r1l137" custom="readingOrder {index:136;}">
                <Coords points="593,3810 1774,3799 1773,3761 1671,3742 593,3777"/>
                <Baseline points="601,3800 659,3799 717,3797 775,3796 833,3795 892,3794 950,3794 1008,3793 1066,3793 1124,3793 1183,3792 1241,3792 1299,3791 1357,3791 1415,3790 1474,3789 1532,3788 1590,3786 1648,3784 1706,3782 1765,3780"/>
                <TextEquiv>
                    <Unicode>aus dem tiefen Brunnen kindlicher Illusionen heraus. Dieses</Unicode>
                </TextEquiv>
            </TextLine>
            <TextLine id="r1l138" custom="readingOrder {index:137;}">
                <Coords points="1817,3836 2985,3825 3006,3765 1816,3792"/>
                <Baseline points="1825,3822 1883,3822 1942,3822 2001,3821 2059,3821 2118,3821 2177,3821 2235,3821 2294,3820 2353,3820 2412,3820 2470,3819 2529,3819 2588,3818 2646,3817 2705,3817 2764,3816 2822,3814 2881,3813 2940,3811 2999,3809"/>
                <TextEquiv>
                    <Unicode>feld, verlangte ich meine Verhaftung, aber sie wurde abgelehnt,</Unicode>
                </TextEquiv>
            </TextLine>
            <TextLine id="r1l139" custom="readingOrder {index:138;}">
                <Coords points="598,3844 1779,3844 1778,3805 1698,3790 598,3825"/>
                <Baseline points="606,3843 664,3842 722,3841 780,3840 839,3839 897,3838 955,3838 1013,3837 1072,3837 1130,3836 1188,3836 1246,3835 1305,3834 1363,3834 1421,3833 1479,3831 1538,3830 1596,3829 1654,3827 1712,3825 1771,3823"/>
                <TextEquiv>
                    <Unicode>unbekannte Fräulein weiß ihren Körper noch nicht zu halten.</Unicode>
                </TextEquiv>
            </TextLine>
            <TextLine id="r1l140" custom="readingOrder {index:139;}">
                <Coords points="1824,3873 2706,3851 3016,3882 3015,3808 1823,3840"/>
                <Baseline points="1832,3866 1890,3866 1949,3866 2008,3865 2067,3865 2126,3865 2184,3864 2243,3864 2302,3864 2361,3863 2420,3863 2478,3862 2537,3861 2596,3861 2655,3860 2714,3859 2772,3857 2831,3856 2890,3854 2949,3852 3008,3849"/>
                <TextEquiv>
                    <Unicode>man ließ mich weiterfahren. Ich teilte nun der Eisenbahn¬</Unicode>
                </TextEquiv>
            </TextLine>
            <TextLine id="r1l141" custom="readingOrder {index:140;}">
                <Coords points="599,3876 916,3914 1532,3899 1751,3884 1779,3838 598,3844"/>
                <Baseline points="606,3885 664,3885 722,3884 780,3884 839,3884 897,3883 955,3883 1013,3882 1072,3881 1130,3880 1188,3879 1246,3878 1305,3877 1363,3876 1421,3875 1479,3873 1538,3871 1596,3870 1654,3868 1712,3867 1771,3865"/>
                <TextEquiv>
                    <Unicode>Aber sie scheint zu den Berufenen zu gehören, die gefördert wer¬</Unicode>
                </TextEquiv>
            </TextLine>
            <TextLine id="r1l142" custom="readingOrder {index:141;}">
                <Coords points="1750,3934 3025,3921 2969,3854 1749,3884"/>
                <Baseline points="1757,3912 1820,3910 1883,3909 1946,3907 2009,3906 2072,3906 2135,3905 2198,3905 2261,3904 2324,3904 2387,3904 2450,3904 2513,3904 2576,3903 2639,3903 2702,3902 2765,3901 2828,3899 2891,3898 2954,3896 3017,3894"/>
                <TextEquiv>
                    <Unicode>direktion jede Bremsung telegraphisch mit, z. B.: „Notbremse</Unicode>
                </TextEquiv>
            </TextLine>
            <TextLine id="r1l143" custom="readingOrder {index:142;}">
                <Coords points="1613,3940 1626,3940 1635,3932 1659,3938 1672,3930 1692,3930 1703,3919 1725,3920 1736,3912 1750,3912 1750,3883 1736,3880 1731,3884 1724,3877 1702,3873 1677,3894 1649,3875 1613,3885"/>
                <Baseline points="1621,3914 1651,3912 1682,3911 1712,3910 1743,3914"/>
                <TextEquiv>
                    <Unicode>M. J.</Unicode>
                </TextEquiv>
            </TextLine>
            <TextLine id="r1l144" custom="readingOrder {index:143;}">
                <Coords points="596,3938 628,3933 678,3952 703,3935 747,3949 777,3935 837,3933 837,3900 810,3900 796,3889 780,3900 750,3887 657,3900 596,3875"/>
                <Baseline points="604,3925 629,3926 654,3927 679,3927 704,3927 729,3927 754,3927 779,3926 804,3926 830,3925"/>
                <TextEquiv>
                    <Unicode>den müssen.</Unicode>
                </TextEquiv>
            </TextLine>
            <TextLine id="r1l145" custom="readingOrder {index:144;}">
                <Coords points="1812,4049 2840,4045 3011,3991 1811,4008"/>
                <Baseline points="1820,4041 1879,4040 1938,4040 1997,4039 2056,4038 2116,4038 2175,4037 2234,4036 2293,4034 2352,4033 2412,4032 2471,4031 2530,4030 2589,4028 2648,4027 2708,4026 2767,4025 2826,4024 2885,4023 2944,4022 3004,4021"/>
                <TextEquiv>
                    <Unicode>und Ziererei, schied sie ein wenig von den übrigen Be¬</Unicode>
                </TextEquiv>
            </TextLine>
            <TextLine id="r1l146" custom="readingOrder {index:145;}">
                <Coords points="1811,4095 3004,4068 3003,4034 2900,4024 1810,4053"/>
                <Baseline points="1818,4086 1876,4085 1935,4083 1994,4082 2053,4081 2112,4080 2171,4079 2230,4078 2289,4077 2348,4076 2407,4075 2465,4075 2524,4074 2583,4073 2642,4072 2701,4071 2760,4071 2819,4070 2878,4069 2937,4069 2996,4068"/>
                <TextEquiv>
                    <Unicode>wohnern der Pension; aber dennoch konnte, ehrlich gesagt,</Unicode>
                </TextEquiv>
            </TextLine>
            <TextLine id="r1l147" custom="readingOrder {index:146;}">
                <Coords points="1354,4119 1372,4112 1385,4100 1393,4103 1400,4100 1408,4108 1418,4104 1437,4104 1435,4044 1426,4046 1411,4040 1402,4046 1352,4049"/>
                <Baseline points="1361,4099 1395,4096 1429,4097"/>
                <TextEquiv>
                    <Unicode>E</Unicode>
                </TextEquiv>
            </TextLine>
            <TextLine id="r1l148" custom="readingOrder {index:147;}">
                <Coords points="1815,4131 2939,4130 2998,4082 1814,4096"/>
                <Baseline points="1822,4130 1880,4129 1938,4128 1997,4128 2055,4127 2114,4126 2172,4124 2230,4124 2289,4123 2347,4122 2406,4120 2464,4119 2522,4119 2581,4118 2639,4117 2698,4116 2756,4116 2814,4115 2873,4115 2931,4115 2990,4115"/>
                <TextEquiv>
                    <Unicode>dem Taubenglück dieses harmlosen Paares niemand ernst¬</Unicode>
                </TextEquiv>
            </TextLine>
            <TextLine id="r1l149" custom="readingOrder {index:148;}">
                <Coords points="1375,4143 1746,4146 1788,4134 1787,4085 1762,4089 1735,4070 1473,4075 1445,4080 1416,4108 1375,4105"/>
                <Baseline points="1383,4141 1409,4141 1435,4141 1462,4141 1488,4141 1515,4140 1541,4140 1568,4139 1594,4139 1621,4138 1647,4137 1674,4137 1700,4136 1727,4136 1753,4136 1780,4135"/>
                <TextEquiv>
                    <Unicode>Lommt</Unicode>
                </TextEquiv>
            </TextLine>
            <TextEquiv>
                <Unicode>Paracelsus
box 14/6
9.1 1 #  enen
einbezogen und als steigernde stilistische Kunstmittel gebraucht
werden: Thomas Manns „Zauberberg“, der sicherlich mehr zur
Freie Fahrt für Bobe!
„Vermenschlichung“ — das heißt eben nicht Popularisierung —
der Medizin beigetragen hat als viele Dutzend volkstümlich=auf¬
„Reformator der Reichsbahn“
klärender Schriften aus noch so wohlmeinender und geschulter
Auf ein deutsches Original, den Möbelfabrikanten und
Daß wir Gundolf selbst auf seinem Gebiet zuallererst die Rück¬
Lyriker Carl Bobe macht die amüsante kleine Bibliophilen¬
führung der wissenschaftlichen Sprache vom Gelehrten=Jargon zum
zeitschrift „Der Bücherhort“ aufmerksam. Aus ihrer Schil¬
als
schönen Stil, zur Dichtung verdanken, daß ihm Geschichte schre.ben
derung geht hervor, daß Bobe sich auch praktisch,
nicht viel Geringeres heißt als ein Kunstwerk formen, dafür ist
Reformator der deutschen Reichsbahn, betätigt hat. Wir
auch der „Paracelsus“ wieder Beweis. Freilich geht sein be¬
geben Bobes Bericht wieder, ohne seine Methode unbedingt
wußter Stil=Wille manchmal ein bißchen weit und tut unversehens
zur Nachahmung zu empfehlen:
jenen kleinen Schritt, der die virtuose Sprachbeherrschung von der
Bobe, der als Möbelfabrikant in Oerlinghausen im Teuto¬
Manier trennt. Wenn Gundolf über „eigenwütigste Neutöner
burger Walde lebte und dort im Zeitraum von zwei Jahren
und Urschreisucher“ mit ihrer „Sucht nach Ballungen, Steilungen,
neben allen seinen anderen wichtigen Beschäftigungen noch Zeit
Knallungen und Heulungen“ sich lustig macht, so empfindet man
fand, über fünfzehnhundert Gedichte zu verfassen, wurde in
es desto peinlicher, wenn er selbst von einem „trauten Werde¬
Deutschland durch seinen aufsehenerregenden Streit mit dem
schauer“ spricht (mit dem Paracelsus „Natur empfing“), oder gar
Reichsverkehrsministerium bekannt. Als „Welt¬
von einer „regen Schmeidigung der Sprache“.
verkehrsreformator“ stellte sich Bobe einen „Freifahrt¬
Daß die geisteswissenschaftliche Schau, die Charakterisierung und
schein“ aus, der oben links mit seinem Lichtbild versehen war
Deutung ganzer Zeitströmungen von einer ganz außerordentlichen
und die gedruckte Ueberschrift trug: Freifahrtschein zur Benutzung
Klarheit, daß der Paracelsus in anspruchsvoll Gundolfschem Sinne
alle bestehenden und noch entstehenden Verkehrsmittel innerhalb
„gestaltet“ ist: das bewundern wir wieder an diesem verhältnis¬
des Weltalls. Mit diesem Schein fuhr Bobe, wohin er wollte.
mäßig schmalen Zwischen=Werk. Und sollte es wahr sein, daß es
„Bald hagelte es Strafbefehle, ich bezahlte sie nicht, sondern reimte
ein eigenes Krankheitserlebnis war, das Gundolf zu dem Arzt
die Behörden humorvoll an. Bei der Eisenbahn=Verkehrs=Inspektion
Paracelsus geführt hat, so wünschen wir uns, daß er bald die
Vielefeld beschwerte ich mich über meine eigene unzulässige Maß¬
volle Gesundheit finde zu dem großen Shakespeare=Buch, das er
nahme und verlangte gesetzliche Bestrafung. Man sagte mir, das
Heinrich Mühsam
versprach.
Gericht könne mich nicht als zurechnungsfähig ansehen und lehne
ein Strafverfahren glattweg ab. Ich fuhr lustig weiter und setzte
mich mit mehr oder minder ernst und heiteren Hindernisszenen
überall bahnfrei durch. Mein Kampf ging froh und heiter, stets
zielbewußt weiter.
Georg Kaisers „Präsident“
Am 8. Januar 1920 fuhr ich nach Berlin und kündigte den
Stationen Oerlinghausen sowie Bielefeld meine Freifahrtreise
Komödienhaus
tags zuvor schriftlich an, traf mit Sack und Pack auch glatt in
Die Kritik respektiert Georg Kaisers Namen, indem sie seine
Berlin ein, drückte meinen Schein dem Schaffner am Bahn¬
hof Friedrichstraße, unter den Augen der Polizei, mit Friedens¬
Premieren selbst im Schmelzofen der Julibül besucht. Aber sie
ministeriumstempel versehen, als „amtlichen Ausweis“ in die
erweist diesem Namen die tiefste Reverenz, wenn sie möglichst
Hand nebst den Worten, er habe den Schein zu behalten.
wenig über den „Präsidenten“ spricht. Ein frühes Werk aus un¬
Einige Tage später ging ich in das Reichseisenbahn¬
reifer Schaffenszeit, mühsam modernisiert, das ist diese Komödie
ministerium, stellte mich Herrn Geheimrat Knebel als Welt¬
ohne Komik.
verkehrsreformator vor, erzählte ihm, daß ich die Eisenbahn kon¬
Sie spottet über einen Wichtigmacher mit dem Lebensprogramm:
trolliert hatte und gegen die Gültigkeit meines Freifahrtscheins
man muß von irgend etwas Präsident sein, ganz egal wovon.
wegen Unachtsamkeit des Fahrdienstpersonals Beschwerde führen
Ein Pariser Advokat, so gesonnen, wird Vorsitzender eines Kon¬
müsse. Gegen solche Lotterwirtschaft wolle ich zwang¬
gresses zur Bekämpfung des Mädchenhandels. Er spricht nicht
läufige Kontrollen darbieten, und um die bisher vergeblich nach¬
wie die Sozialisten: das Ziel ist nichts, die Bewegung alles.
gesuchte Gelegenheit zu Reformvorschlägen ihn persönlich bitten.
Nein er sagt: die Sache ist nichts, die Präsidentenglocke alles.
Schnell bekam ich dann den erwarteten abschlägigen Bescheid
Hätte Kaiser diese Situation aus ihrem eigenen Gesetz ent¬
und die Ankündigung, daß man mich wegen des Freifahrtscheins
wickelt, so wären wir um eine schöne Posse reicher. Aber in
gerichtlich belangen wolle und vom Eisenbahnverkehr völlig aus¬
schwachen Stunden seiner Inspiration ist ihm nur eine morali¬
schließe. Am 28. Februar 1920 fand das Verfahren statt, und
sierende Tochter des Präsidenten eingefallen, frisch aus dem Kloster
am 6. März erhielt ich folgenden Beschluß: „Sie werden hiermit
entlassen. Weil sie ihres Vaters Mangel an Ernst ausgleichen will,
in Kenntnis gesetzt, daß das gegen Sie eingeleitete Verfahren
fällt sie zwei Hoteldieben ins Retz, und der Präsident muß den
wegen Betruges, begangen durch wiederholtes Fahren auf der
Glanz seines Amtes mit seinem Vermögen bezahlen. Seine Narr¬
Eisenbahn ohne Fahrkarte, eingestellt wird, da eine schuldhafte
heit begeht also keinen Selbstmord, sondern sie wird von außen
Tat nicht vorliegt.“
her erschlagen.
Erneut trat ich nun an das Reichseisenbahnministerium heran
Wie reich ist die Theaterstadt Berlin noch im Hochsommer! Wie
und bat nochmals um Gelegenheit zu Reformvorschlägen, indem
opfermutig sind ihre Schauspieler! Julius Falkenstein
ich gleichzeitig die gerichtliche Verkündung wegen meiner als
hat das Schicksal des Präsidenten sicher genug geahnt, um sich mit
schuldlos abgeurteilten Freifahrtmaßnahme als ein mir nun zu¬
dem Erlernen seiner Worte keine überflüssige Mühe zu bereiten.
stehendes Recht begründete. In Berlin legte man sich aufs Still¬
Aber er legte, der Arme, am tropischen Schiffbauerdamm Geh¬
schweigen. Ich fuhr aber lustig weiter auf der Eisenbahn und
rock, Zylinder, Handschuhe an, und er krächzte auf sein rauhes
ordnete als Diktator beim Ministerium an, daß sämtliche
Falkensteinisch jenen Furor, den Georg Kaiser diesmal beizu¬
Beamten von der Gültigkeit meines Freifahrtscheines in
steuern versäumt hat.
Kenntnis zu setzen wären, bei Beanstandungen würde i
Das Diebespaar: Hedwig Wangel und Oskar Sima —
sofort die Rotbremse ziehen. Bald hielt mich
also der Humor der Zweideutigkeit und die scharf zuschnappende
dann im Zuge ein Schaffner ganz energisch an. Ich schritt zur
Präzision der Kaltblütigkeit.
— und ein Ruck: der Zug stand mittels Natbremsel
Tat
Endlich die Tochter mit der idealen Forderung: ein neues
Drohungen und Fluchworte drangen auf mich ein, doch im Herzen
Gesicht, Marianne Hoppe. Schlanke Jugend und ein Blick
leuchtete mir Sonnenschein. Auf der nächsten Station, in Biele¬
aus dem tiefen Brunnen kindlicher Illusionen heraus. Dieses
feld, verlangte ich meine Verhaftung, aber sie wurde abgelehnt,
unbekannte Fräulein weiß ihren Körper noch nicht zu halten.
man ließ mich weiterfahren. Ich teilte nun der Eisenbahn¬
Aber sie scheint zu den Berufenen zu gehören, die gefördert wer¬
direktion jede Bremsung telegraphisch mit, z. B.: „Notbremse
M. J.
den müssen.
und Ziererei, schied sie ein wenig von den übrigen Be¬
wohnern der Pension; aber dennoch konnte, ehrlich gesagt,
E
dem Taubenglück dieses harmlosen Paares niemand ernst¬
Lommt</Unicode>
            </TextEquiv>
        </TextRegion>
        <TextRegion orientation="0.0" id="r2" custom="readingOrder {index:1;}">
            <Coords points="2977,769 2977,3378 3161,3378 3161,769"/>
            <TextLine id="r2l1" custom="readingOrder {index:0;}">
                <Coords points="2977,804 3004,805 3011,799 3018,805 3039,806 3043,801 3051,805 3085,791 3080,733 3064,737 3053,750 3038,757 3030,756 3025,762 3014,759 2989,765 2973,763"/>
                <Baseline points="2985,799 3015,796 3046,793 3077,791"/>
                <TextEquiv>
                    <Unicode>gester</Unicode>
                </TextEquiv>
            </TextLine>
            <TextLine id="r2l2" custom="readingOrder {index:1;}">
                <Coords points="3022,851 3030,851 3037,843 3050,848 3052,846 3056,851 3078,837 3086,843 3094,843 3094,801 3085,801 3072,794 3056,810 3044,810 3041,807 3034,813 3022,813"/>
                <Baseline points="3030,837 3058,837 3086,837"/>
                <TextEquiv>
                    <Unicode>hre</Unicode>
                </TextEquiv>
            </TextLine>
            <TextLine id="r2l3" custom="readingOrder {index:2;}">
                <Coords points="2979,930 2988,932 3022,926 3036,931 3045,927 3054,937 3059,937 3075,923 3086,924 3087,898 3073,898 3053,888 3047,891 3042,887 3033,892 3025,886 3009,891 3003,887 2993,892 2981,889"/>
                <Baseline points="2987,924 3017,923 3047,925 3078,927"/>
                <TextEquiv>
                    <Unicode>Nei</Unicode>
                </TextEquiv>
            </TextLine>
            <TextLine id="r2l4" custom="readingOrder {index:3;}">
                <Coords points="2985,975 2997,976 3006,972 3017,974 3027,982 3046,980 3050,985 3055,982 3071,987 3075,938 3058,935 3054,938 3046,929 3042,932 3030,931 3022,926 3006,931 2989,928"/>
                <Baseline points="2993,964 3029,967 3065,970"/>
                <TextEquiv>
                    <Unicode>daß</Unicode>
                </TextEquiv>
            </TextLine>
            <TextLine id="r2l5" custom="readingOrder {index:4;}">
                <Coords points="2970,1019 2985,1013 2996,1021 3012,1014 3026,1020 3040,1017 3058,1023 3061,1020 3078,1022 3078,982 3062,986 3047,976 3034,983 3029,978 3021,980 3013,973 2987,989 2980,984 2969,985"/>
                <Baseline points="2977,1012 3008,1009 3039,1008 3071,1012"/>
                <TextEquiv>
                    <Unicode>zur</Unicode>
                </TextEquiv>
            </TextLine>
            <TextLine id="r2l6" custom="readingOrder {index:5;}">
                <Coords points="2982,1066 3011,1054 3027,1052 3035,1056 3038,1053 3046,1060 3068,1054 3066,1023 3048,1019 3038,1024 3010,1015 2995,1024 2990,1022 2979,1025"/>
                <Baseline points="2988,1052 3024,1049 3060,1048"/>
                <TextEquiv>
                    <Unicode>Ert</Unicode>
                </TextEquiv>
            </TextLine>
            <TextLine id="r2l7" custom="readingOrder {index:6;}">
                <Coords points="2975,1099 2986,1098 3007,1109 3024,1105 3049,1085 3052,1088 3055,1085 3066,1086 3065,1054 3048,1061 3038,1054 3033,1057 3027,1053 3010,1055 2986,1068 2974,1066"/>
                <Baseline points="2982,1092 3007,1091 3032,1089 3058,1090"/>
                <TextEquiv>
                    <Unicode>Ge</Unicode>
                </TextEquiv>
            </TextLine>
            <TextLine id="r2l8" custom="readingOrder {index:7;}">
                <Coords points="2977,1144 2991,1142 2996,1137 3007,1142 3010,1139 3015,1144 3024,1139 3034,1143 3051,1138 3068,1141 3068,1088 3049,1086 3021,1107 3016,1104 3010,1109 2986,1098 2976,1098"/>
                <Baseline points="2985,1135 3010,1133 3035,1133 3060,1134"/>
                <TextEquiv>
                    <Unicode>wi</Unicode>
                </TextEquiv>
            </TextLine>
            <TextLine id="r2l9" custom="readingOrder {index:8;}">
                <Coords points="2982,1190 3019,1182 3032,1185 3043,1178 3048,1183 3060,1183 3059,1138 3050,1137 3043,1144 3028,1139 3024,1143 3018,1141 3015,1145 3009,1145 2997,1137 2990,1144 2980,1143"/>
                <Baseline points="2990,1178 3021,1174 3052,1176"/>
                <TextEquiv>
                    <Unicode>ter</Unicode>
                </TextEquiv>
            </TextLine>
            <TextLine id="r2l10" custom="readingOrder {index:9;}">
                <Coords points="2980,1230 2989,1227 2994,1229 2997,1225 3009,1233 3022,1225 3034,1225 3039,1218 3056,1228 3064,1228 3061,1185 3053,1186 3045,1180 3036,1180 3033,1184 2996,1184 2986,1195 2978,1195"/>
                <Baseline points="2987,1219 3021,1217 3055,1215"/>
                <TextEquiv>
                    <Unicode>G</Unicode>
                </TextEquiv>
            </TextLine>
            <TextLine id="r2l11" custom="readingOrder {index:10;}">
                <Coords points="2980,1264 2992,1262 3009,1270 3021,1269 3029,1262 3059,1265 3056,1220 3042,1221 3039,1218 3028,1225 3022,1225 3014,1232 2998,1228 2995,1231 2989,1229 2978,1233"/>
                <Baseline points="2988,1262 3019,1258 3050,1258"/>
                <TextEquiv>
                    <Unicode>ur</Unicode>
                </TextEquiv>
            </TextLine>
            <TextLine id="r2l12" custom="readingOrder {index:11;}">
                <Coords points="2976,1315 2986,1317 2992,1314 2997,1319 3005,1311 3008,1314 3014,1311 3022,1316 3030,1311 3039,1321 3058,1307 3066,1307 3067,1264 3045,1269 3037,1264 3030,1270 3018,1268 3015,1272 3005,1268 3000,1270 2990,1260 2977,1260"/>
                <Baseline points="2985,1304 3021,1300 3058,1305"/>
                <TextEquiv>
                    <Unicode>2</Unicode>
                </TextEquiv>
            </TextLine>
            <TextLine id="r2l13" custom="readingOrder {index:12;}">
                <Coords points="2994,1351 3005,1351 3006,1353 3019,1351 3023,1356 3030,1358 3036,1352 3052,1354 3053,1326 3044,1325 3027,1307 3024,1307 3018,1313 3012,1311 3008,1314 3005,1310 2996,1310"/>
                <Baseline points="3002,1341 3044,1343"/>
                <TextEquiv>
                    <Unicode>1</Unicode>
                </TextEquiv>
            </TextLine>
            <TextLine id="r2l14" custom="readingOrder {index:13;}">
                <Coords points="2989,1409 2998,1409 3001,1405 3006,1405 3024,1390 3042,1393 3051,1386 3062,1386 3061,1353 3045,1355 3042,1352 3030,1359 3020,1351 3013,1350 2996,1360 2987,1360"/>
                <Baseline points="2996,1386 3025,1386 3054,1384"/>
                <TextEquiv>
                    <Unicode>b</Unicode>
                </TextEquiv>
            </TextLine>
            <TextLine id="r2l15" custom="readingOrder {index:14;}">
                <Coords points="2977,1495 2987,1493 2990,1496 2996,1491 3004,1497 3015,1493 3025,1495 3038,1483 3051,1487 3064,1485 3062,1439 3051,1438 3043,1445 3037,1444 3027,1434 3010,1437 2998,1429 2988,1435 2975,1433"/>
                <Baseline points="2984,1472 3019,1467 3055,1469"/>
                <TextEquiv>
                    <Unicode>P</Unicode>
                </TextEquiv>
            </TextLine>
            <TextLine id="r2l16" custom="readingOrder {index:15;}">
                <Coords points="2999,1709 3007,1710 3018,1705 3021,1707 3028,1702 3031,1706 3040,1706 3048,1698 3059,1705 3072,1706 3073,1660 3065,1660 3061,1656 3059,1658 3055,1653 3047,1651 3034,1657 3029,1657 3025,1652 3017,1656 3011,1651 3001,1653"/>
                <Baseline points="3008,1681 3036,1681 3064,1683"/>
                <TextEquiv>
                    <Unicode>un</Unicode>
                </TextEquiv>
            </TextLine>
            <TextLine id="r2l17" custom="readingOrder {index:16;}">
                <Coords points="2987,1909 2998,1909 3006,1904 3017,1913 3021,1910 3034,1913 3044,1909 3056,1896 3073,1905 3085,1902 3085,1855 3059,1861 3051,1857 3036,1869 3029,1863 3009,1863 2987,1856"/>
                <Baseline points="2994,1902 3021,1899 3048,1899 3076,1902"/>
                <TextEquiv>
                    <Unicode>be</Unicode>
                </TextEquiv>
            </TextLine>
            <TextLine id="r2l18" custom="readingOrder {index:17;}">
                <Coords points="2988,1987 3004,1984 3011,1990 3016,1987 3035,1993 3049,1976 3054,1979 3063,1973 3076,1973 3068,1918 3044,1918 3032,1913 3018,1915 3014,1919 3006,1917 3002,1923 2998,1920 2979,1923"/>
                <Baseline points="2996,1984 3032,1978 3068,1974"/>
                <TextEquiv>
                    <Unicode>K</Unicode>
                </TextEquiv>
            </TextLine>
            <TextLine id="r2l19" custom="readingOrder {index:18;}">
                <Coords points="3009,2038 3044,2034 3055,2027 3077,2041 3089,2040 3092,1996 3075,1994 3071,1989 3064,1995 3056,1988 3039,1993 3012,1990"/>
                <Baseline points="3018,2023 3050,2025 3082,2027"/>
                <TextEquiv>
                    <Unicode>Ki</Unicode>
                </TextEquiv>
            </TextLine>
            <TextLine id="r2l20" custom="readingOrder {index:19;}">
                <Coords points="3001,2243 3033,2245 3044,2254 3055,2247 3071,2253 3088,2241 3102,2244 3100,2190 3070,2199 3049,2188 3033,2206 3023,2201 2999,2199"/>
                <Baseline points="3008,2239 3036,2237 3065,2234 3094,2237"/>
                <TextEquiv>
                    <Unicode>19.</Unicode>
                </TextEquiv>
            </TextLine>
            <TextLine id="r2l21" custom="readingOrder {index:20;}">
                <Coords points="2993,2280 3002,2280 3012,2289 3018,2285 3040,2289 3078,2269 3095,2278 3113,2278 3113,2256 3103,2256 3088,2242 3070,2253 3040,2245 2993,2245"/>
                <Baseline points="3001,2281 3027,2277 3053,2278 3079,2279 3105,2279"/>
                <TextEquiv>
                    <Unicode>Be¬</Unicode>
                </TextEquiv>
            </TextLine>
            <TextLine id="r2l22" custom="readingOrder {index:21;}">
                <Coords points="2985,2348 2999,2345 3014,2331 3035,2342 3044,2333 3079,2333 3103,2318 3111,2322 3119,2317 3156,2333 3151,2273 3109,2275 3094,2286 3057,2281 3042,2291 3021,2284 2992,2314 2982,2315"/>
                <Baseline points="2992,2334 3018,2329 3044,2325 3070,2322 3096,2320 3122,2320 3148,2320"/>
                <TextEquiv>
                    <Unicode>Hc.</Unicode>
                </TextEquiv>
            </TextLine>
            <TextLine id="r2l23" custom="readingOrder {index:22;}">
                <Coords points="3000,2379 3012,2372 3025,2374 3038,2367 3047,2372 3057,2364 3068,2366 3077,2361 3103,2366 3113,2356 3133,2352 3129,2321 3121,2322 3113,2331 3092,2321 3078,2334 3070,2329 3059,2334 3052,2331 3035,2342 3014,2330 3007,2338 2995,2341"/>
                <Baseline points="3006,2368 3035,2366 3065,2361 3095,2356 3125,2353"/>
                <TextEquiv>
                    <Unicode>10</Unicode>
                </TextEquiv>
            </TextLine>
            <TextLine id="r2l24" custom="readingOrder {index:23;}">
                <Coords points="2999,2425 3027,2415 3037,2424 3044,2421 3065,2439 3076,2439 3104,2419 3144,2425 3149,2359 3130,2361 3121,2354 3101,2367 3084,2366 3076,2359 3044,2374 3002,2376"/>
                <Baseline points="3008,2413 3033,2410 3059,2408 3084,2409 3110,2414 3136,2423"/>
                <TextEquiv>
                    <Unicode>erle</Unicode>
                </TextEquiv>
            </TextLine>
            <TextLine id="r2l25" custom="readingOrder {index:24;}">
                <Coords points="3012,2464 3030,2463 3042,2470 3059,2459 3088,2467 3124,2462 3148,2450 3169,2451 3167,2418 3132,2426 3098,2408 3085,2421 3066,2424 3051,2417 3037,2424 3008,2414"/>
                <Baseline points="3019,2455 3047,2454 3075,2452 3104,2451 3132,2449 3161,2445"/>
                <TextEquiv>
                    <Unicode>6r</Unicode>
                </TextEquiv>
            </TextLine>
            <TextLine id="r2l26" custom="readingOrder {index:25;}">
                <Coords points="3001,2501 3032,2505 3057,2500 3081,2514 3143,2490 3141,2457 3123,2463 3094,2458 3087,2466 3061,2461 3044,2471 3031,2462 3016,2469 3000,2468"/>
                <Baseline points="3009,2493 3034,2491 3059,2490 3084,2488 3109,2488 3135,2487"/>
                <TextEquiv>
                    <Unicode>340</Unicode>
                </TextEquiv>
            </TextLine>
            <TextLine id="r2l27" custom="readingOrder {index:26;}">
                <Coords points="3007,2544 3013,2544 3018,2540 3026,2540 3031,2545 3037,2540 3043,2544 3057,2539 3086,2540 3085,2513 3066,2514 3050,2501 3033,2504 3028,2501 3018,2506 3006,2506"/>
                <Baseline points="3014,2538 3046,2534 3078,2536"/>
                <TextEquiv>
                    <Unicode>Al¬</Unicode>
                </TextEquiv>
            </TextLine>
            <TextLine id="r2l28" custom="readingOrder {index:27;}">
                <Coords points="3001,2585 3012,2588 3019,2584 3024,2591 3036,2586 3052,2596 3075,2593 3092,2611 3104,2616 3121,2611 3127,2551 3110,2550 3104,2544 3099,2548 3086,2536 3045,2544 3038,2540 3031,2544 3006,2541"/>
                <Baseline points="3009,2580 3035,2581 3062,2584 3088,2588 3115,2590"/>
                <TextEquiv>
                    <Unicode>litz.</Unicode>
                </TextEquiv>
            </TextLine>
            <TextLine id="r2l29" custom="readingOrder {index:28;}">
                <Coords points="3038,2664 3046,2666 3048,2673 3065,2665 3072,2668 3090,2621 3083,2618 3075,2622 3070,2620 3063,2621 3056,2618"/>
                <Baseline points="3052,2652 3068,2658"/>
                <TextEquiv>
                    <Unicode></Unicode>
                </TextEquiv>
            </TextLine>
            <TextLine id="r2l30" custom="readingOrder {index:29;}">
                <Coords points="3002,2705 3039,2704 3058,2722 3075,2724 3098,2707 3118,2709 3125,2703 3134,2704 3135,2641 3127,2641 3115,2652 3102,2645 3083,2647 3056,2670 3037,2672 3026,2666 3013,2678 3002,2677"/>
                <Baseline points="3010,2701 3039,2698 3068,2699 3097,2701 3126,2701"/>
                <TextEquiv>
                    <Unicode>te</Unicode>
                </TextEquiv>
            </TextLine>
            <TextLine id="r2l31" custom="readingOrder {index:30;}">
                <Coords points="3001,2755 3034,2758 3050,2743 3070,2740 3080,2743 3096,2758 3107,2750 3123,2755 3122,2707 3093,2706 3068,2721 3059,2721 3035,2702 3022,2703 3008,2714 3001,2714"/>
                <Baseline points="3009,2743 3035,2738 3062,2738 3088,2739 3115,2739"/>
                <TextEquiv>
                    <Unicode>86=</Unicode>
                </TextEquiv>
            </TextLine>
            <TextLine id="r2l32" custom="readingOrder {index:31;}">
                <Coords points="3020,2959 3033,2960 3037,2955 3045,2952 3053,2955 3068,2940 3071,2943 3073,2941 3079,2947 3087,2947 3087,2925 3077,2924 3066,2913 3056,2920 3044,2917 3036,2924 3028,2916 3018,2917"/>
                <Baseline points="3028,2948 3054,2944 3080,2946"/>
                <TextEquiv>
                    <Unicode>die</Unicode>
                </TextEquiv>
            </TextLine>
            <TextLine id="r2l33" custom="readingOrder {index:32;}">
                <Coords points="3012,3001 3021,2999 3025,3002 3040,2998 3046,2993 3067,2997 3072,3002 3086,3000 3084,2943 3071,2943 3068,2940 3053,2955 3045,2952 3026,2966 3010,2963"/>
                <Baseline points="3019,2992 3048,2991 3077,2990"/>
                <TextEquiv>
                    <Unicode>g16</Unicode>
                </TextEquiv>
            </TextLine>
            <TextLine id="r2l34" custom="readingOrder {index:33;}">
                <Coords points="3028,3115 3042,3115 3065,3094 3073,3100 3080,3099 3084,3093 3091,3092 3086,3052 3074,3055 3070,3052 3066,3058 3063,3056 3058,3059 3043,3074 3022,3072"/>
                <Baseline points="3033,3099 3058,3094 3084,3092"/>
                <TextEquiv>
                    <Unicode>E</Unicode>
                </TextEquiv>
            </TextLine>
            <TextLine id="r2l35" custom="readingOrder {index:34;}">
                <Coords points="3007,3395 3028,3391 3037,3397 3044,3395 3048,3398 3058,3397 3072,3389 3091,3391 3091,3332 3080,3335 3074,3332 3069,3337 3060,3335 3053,3342 3045,3340 3034,3351 3019,3343 3007,3343"/>
                <Baseline points="3015,3367 3049,3367 3083,3367"/>
                <TextEquiv>
                    <Unicode>215</Unicode>
                </TextEquiv>
            </TextLine>
            <TextEquiv>
                <Unicode>gester
hre
Nei
daß
zur
Ert
Ge
wi
ter
G
ur
2
1
b
P
un
be
K
Ki
19.
Be¬
Hc.
10
erle
6r
340
Al¬
litz.

te
86=
die
g16
E
215</Unicode>
            </TextEquiv>
        </TextRegion>
    </Page>
</PcGts>
