3392 4352
1242 130 1675 221 box 14/7
616 132 1109 205 Gefaehrtin
424 136 577 211 Die
191 142 1116 246 9. 2   e enene e
563 452 1255 549 „UDSERTER
386 510 1471 593 I. Seterr. behördl. konz. Unternehmen für Zeitungs-Ausschaltte
567 571 1295 663 Wien, I., Concordiaplatz 4.
774 636 1086 698 Vertretungen
393 671 1486 745 in Berlin, Basel, Budapest, Chicago, Cleveland, Christiania,
392 714 1472 784 Oenf, Kopenhagen, London, Madrid, Mailand, Minneapolls,
382 751 1477 835 New-Vork, Paris, Rom, San Francisco, Stockholm, St. Petess¬
791 803 1080 859 burg, Toronto.
709 841 1150 907 Gasimanrabe ehne denfhr.
852 853 1250 940 rTag, Berlis
906 920 998 961 „
398 884 889 990 Ausschnitt aus
398 1015 575 1078 vom:
661 1001 848 1071 12.815
580 1030 673 1116 Sen
544 1174 1399 1226 P. Im Lessing=Theater ging gestern (Sonn¬
496 1225 1400 1279 abend) Hauptmanns Traumdichtung „Hanne¬
498 1259 1394 1304 les Himmelfahrt“ neueinstudiert in
499 1299 1398 1351 Szene und hatte wiederum einen großen Erfolg.
495 1326 1405 1380 Es war ein Erfolg fast wie bei einer Novität,
498 1369 1401 1418 denn ebenso atemlos und voll Spannung wie
504 1401 1412 1468 seinerzeit bei der wirklichen Premiere folgte das
501 1448 1395 1502 zahlreiche Publikum den Vorgängen auf der
500 1476 1404 1536 Bühne, und der gedämpfte Beifall, in dem so oft
506 1515 1410 1581 die Achtung vor dem Werke und seinem Autor
506 1567 1410 1611 zum Ausdruck kommt, sprach eine beredtere
519 1603 1400 1654 Sprache als lautes Beifallsgetöse. Mit welcher
511 1642 1417 1697 Sorgfalt, mit welcher Liebe Hauptmanns Werke
518 1674 1417 1724 an dieser Bühne gepflegt werden, ist eine zu be¬
515 1718 1419 1768 kannte Tatsache, als daß sie noch besonders her¬
518 1753 1419 1808 vorgehoben werden müßte, und so ist eigentlich
516 1789 1417 1838 nur festzustellen, daß die Traumdichtung in
522 1830 1424 1891 stimmungsvoller Inszenierung und vollendeter
530 1875 1427 1925 Darstellung bis in die kleinste Rolle gegeben
517 1904 1419 1967 wurde. Die verschiedenen Stimmungen flossen
523 1945 1428 2003 wundervoll ineinander über, und die wirren
527 1983 1422 2040 Fieberträume der armen Hannele auf dem dürf¬
530 2019 1424 2079 tigen Lager des düsteren Armenhauses gestalte¬
523 2062 1386 2117 ten sich trotz ihres sprunghaften Wechsels z
532 2113 1423 2153 einem einzigen harmonischen dichterischen Gan¬
1316 2132 1426 2180 Ver¬
530 2139 1317 2202 zen. Hierin lag die Kunst der Regie, das
535 2173 1432 2236 ständnis für die Intentionen des Dichters. Daß
527 2209 1430 2274 aber dieses alles so vollendet zum Ausdruck kam,
532 2269 1434 2306 lag an der glänzenden Besetzung der einzelnen
542 2288 1433 2352 Rollen. Ida Orloff verkörperte die Titelrolle in
536 2326 1433 2389 geradezu idealer Weise. Wie sie die Fieberstim¬
537 2366 1439 2424 mungen des geängstigten Kindes schilderte, wie
538 2406 1432 2477 sie den Traumerscheinungen gegenüberstand, war
537 2442 1433 2499 ebenso glänzend in der naturgetreuen Darstellung
519 2468 1470 2560 wie ergreifend in der Wirkung. Die Rolle des
516 2628 1417 2679 Lehrers Gottwald und des Fremden hatte in
520 2677 1419 2724 Heinz Monnard einen ausgezeichneten Ver¬
528 2723 1431 2769 treter, der das Doppelseitige, das die Figur des
524 2755 1427 2798 angebeteten Lehrers in der Fieberphantasic des
531 2800 1422 2851 Kindes erhält, verständnisvoll auseinanderzuhal¬
530 2839 1427 2878 ten wußte. Die vielen Chargen, von denen Irene
529 2869 1420 2921 Triesch als Mutter Hanneles, der Mattern
520 2906 1423 2951 Reichers, Marrs Waldarbeiter sowie die Armen¬
535 2957 1430 2998 häusler der Damen Albrecht und Wüst und der
521 2985 1433 3031 Herren Forest und Ziener mit besonderer Aner¬
532 3026 1423 3084 kennung zu nennen sind, waren, wie bereits be¬
525 3062 1424 3111 merkt, glänzend besetzt. — Dieser Aufführung
528 3116 1434 3148 ging noch eine andere Neueinstudierung, Schnitz¬
523 3138 1418 3189 lers einaktiges Schauspiel „Die Gefährtin“
524 3180 1433 3225 voraus, das vor etwa 10 Jahren unter der Direk¬
530 3217 1430 3259 tion Brahm im Deutschen Theater zum ersten
531 3255 1428 3303 Male gegeben wurde. Das Stück, das die Un¬
527 3289 1438 3343 treue einer plötzlich gestorbenen Frau behandelt,
526 3342 1425 3375 zeichnet sich weniger durch eine besonders inter¬
530 3366 1430 3408 essante und vor allem glaubhaft erfundene Hand¬
537 3402 1439 3454 lung aus als durch einen glänzend durchgeführ¬
537 3444 1431 3492 ten Dialog. Aber dieser letztere Umstand war
533 3473 1440 3528 wohl schwerlich der Grund zu der Neueinstudie¬
534 3518 1437 3568 rung, man geht wohl in der Vermutung nicht fehl,
527 3558 1439 3613 daß Oscar Sauer Gelegenheit gegeben werden
538 3598 1440 3658 sollte, die Rolle des Professors Pilgram zu
540 3634 1430 3679 spielen. Und das war allerdings Grund genug,
532 3674 1436 3719 denn was der Künstler hierin leistete, war groß,
541 3710 1442 3758 war künstlerisch vollendet. Die Anlage des
536 3747 1438 3796 Charakters, die strikte Durchführung, die Behand¬
539 3788 1443 3831 lung des Dialogs brachten eine unendlich fesselnde
547 3836 1435 3875 Figur zustande. Es gab Momente, die von emi¬
538 3855 1446 3915 nent packender Wirkung waren. Denkt man sich
543 3905 1442 3950 aber diese Leistung fort, so bleibt nicht viel
543 3940 1437 3993 übrig, und deshalb gebührt der lebhafte Beifall
546 3988 1436 4030 auch lediglich Sauers Leistung, in der er durch
536 4017 1438 4067 Mathilde Sussin und Kurt Stieler gut unterstützt
544 4060 698 4119 wurde.
2283 52 2658 109 en
1934 89 2993 147 #nderlin, Budapest, Chicago, Christiania, Genf, Kopen¬
1936 148 2997 205 hagen, London, Madrid, Mailand, Minneapolis, New-Vork,
1981 182 2959 236 Paris, Rom, San Francisco, Stockholm, St. Petersburg.
2262 225 2668 281 (Quellenangabe ehne Gewähr).
2510 256 3079 351 eisen Courier, Berlin
1927 278 2290 340 Ausschnitt aus:
2434 317 2868 414 Morgenausgabe
2147 358 2421 437 2. 862.10009
1924 388 2058 439 vom:
2037 416 2242 469 TEATNTERG
2383 433 2428 476 7
2228 488 2839 574 Vor den Kulissen.
2081 559 3063 624 Das Lessing=Theater vermittelte gestern Abend
2032 611 3055 665 zwei starke Eindrücke. Stark über das Theater
2233 644 3066 711 - so, daß sie noch in der Seele nachhallen,
2028 657 2201 711 Finaus
2034 698 3064 737 wenn längst wieder das bunte Leben der Umwelt
2027 725 3064 780 brausend und schäumend dahinzieht: mit knatternden
2033 765 3065 815 Autos, mit läutenden Straßenbahnen, mit gleich¬
2029 815 3077 871 giltigem Geschwätz, von dem man im Vorüberschreiten
2031 858 2930 914 hier ein Fetzchen und da ein Fetzchen auffängt.
2095 866 3076 953 Zwei starke Eindrücke. Den ersten bot Schnitzlers
2936 926 3069 981 Das
2036 933 2938 988 einaktiges Schauspiel „Die Gefährtin“
2032 969 3066 1035 kleine, feingefügte Werk, das durch die Freiheit und
2038 1009 3069 1061 Größe der in ihm verfochtenen Moralanschauung
2035 1055 3073 1104 ungewöhnlich anzieht, offenbart so recht des Dichters
2028 1087 3073 1143 Können. In diesem Drama der inneren Vorgänge
2038 1131 3077 1191 zeigt er sein Vermögen der psychischen Analyse. Sein
2036 1175 3073 1228 Professor Pilgram — der mit dem Geliebten der ver¬
2031 1210 3077 1261 storbenen Gattin Abrechnung hält; der ihm die Liebe
2036 1256 3089 1311 verziehen hätte, ihm aber nicht verzeiht, daß die Tote
2037 1307 3074 1355 ihm nichts, als eine kurze Episode gewesen ist — mag
2028 1352 3073 1398 nicht mit dem üblichen Maße zu messen sein. Er er¬
2034 1386 3070 1445 hebt sich über das Durchschnittsmenschentum und
2031 1425 3072 1480 wuchtet empor, und doch erscheint er nicht fremd, nicht
2035 1466 3076 1516 wie ein Ausnahmewesen — Schnitzler schaltet ihn
2030 1513 3074 1572 mühelos in den Kreis unserer Anschauungen ein.
2033 1541 3076 1602 Oder vielmehr: unmerklich macht er aus seiner An¬
2031 1591 2471 1656 schauung die unsere.
2089 1621 3073 1674 Sauer gab den Pilgram, und er war der
2037 1662 3071 1720 Pilgram. Er breitete über die Gestalt des Gelehrten
2761 1710 2817 1739 111
2603 1708 2694 1742 TErt
2028 1705 3074 1775 philosophische Ruhe und Abge####theit, unter der doch
2046 1755 3075 1800 das zuckende Herz immer wieder aufbegehrte:
2038 1792 3075 1837 Resignation im Kampfe mit unerfülltem und nie zu
2034 1827 3079 1891 erfüllendem Wünschen. Stieler spielte die nicht
2038 1866 3085 1927 angenehme und nicht leichte Rolle des Dr. Hausmann
2032 1919 3079 1960 mit bemerkenswertem Takt, und Frl. Sussin hatte
2042 1949 3091 2007 für die Olga Merholm, die Freundin des Hauses
2039 1997 2529 2067 Pilgram, frauliche Güte.
2107 2023 3076 2108 Eine abermalige Neueinstudierung von Haupt¬
2030 2062 3083 2123 imanns „Hanneles Himmelfahrt beschloß
2035 2114 3071 2184 den Abend. Es gibt kaum eine zweite Bühne, die
2037 2168 3081 2213 mit solcher Liebe, mit solchem innigen Erfassen diese
2035 2189 3074 2255 wie aus Mondenschein gewobene, zarte und in all
2041 2233 3092 2287 ihrem Mystizismus so realistische Dichtung uns vor¬
2048 2287 3079 2334 führen könnte. Das Letzte freilich, bas, was uns die
2036 2319 3082 2392 beflügelte Phantasie schenkt, wenn wir „Hannele“ in
2050 2366 3076 2415 der Lektüre auf uns wirken lassen, vermögen die
2820 2397 3083 2452 — hier wird
2038 2405 2790 2460 Mittel der Szene nicht zu gewähren
2040 2446 3078 2498 doch immer ein Wenn und ein aber bleiben. Allein,
2039 2493 3089 2550 das Lessing=Theater erreicht die Grenze des irgend¬
2034 2527 2762 2591 möglichen, und das ist viel, sehr viel.
2101 2551 3095 2621 Es bedeutet ein Großes, wenn man das Funktio¬
2041 2603 3083 2666 nieren des Apparats nicht sieht, ihn nicht als
2042 2655 3115 2699 Apparat empfindet. Auf der Brahm=Bühne
2036 2685 3082 2741 legt er den Worten des Dichters keine
2042 2715 3086 2788 Fesseln an; er begleitet sie, ordnet sich ihnen
2040 2765 3083 2816 unter und dient dazu, sie sinnfällig zu illustrieren.
2039 2808 3089 2866 Und mit seiner Hilfe ersteht in leuchtender Pracht
2042 2851 2783 2904 das ergreifende Martyrium Hanneles.
2107 2874 3084 2942 Ida Orloffs Hannele ist bekannt. Bekannt
2039 2930 3085 2976 mit der schnürenden Angst des gehetzten, gequälten
2042 2966 3087 3023 Kindes, bekannt mit dem brünstigen Begehren nach
2051 3018 3082 3065 Frieden und Erlösung, mit der rührenden Schlichtheit
2040 3055 3080 3103 und mit der wehen Sehnsucht nach weichen, streichelnden
2035 3093 3083 3143 Händen. Herr Monnard vertrat den Lehrer
2033 3136 3085 3191 Gottwald voll wirklicher Gemütswärme, mit einem
2823 3168 3086 3227 Die früher
2043 3169 2818 3223 Ton, der nichts Gekünsteltes hatte.
2049 3207 3094 3264 von Else Lehmann verkörperte Schwester Marthal
2041 3252 3087 3310 hat Frl. Sussin übernommen; ihre mütter¬
2039 3300 3090 3345 liche, sanfte, wohltuende Art ließ sie an der
2039 3340 3090 3392 rechten Stelle erscheinen. Irene Triesch sprach die
2039 3376 3094 3431 Mutter Hanneles mild und schön, Reicher als!
2051 3423 3083 3475 Stiefvater hatte den Höhepunkt seiner charakteristischen
2051 3468 3086 3515 Darstellung in der Szene, da Mattern gegen den ver¬
2045 3494 3079 3558 kannten Heiland trotzt und unter der Anklage des
2047 3538 2526 3617 Mordes zusammenbricht.
2097 3578 3095 3634 Die Damen Wüst, Albrecht, die Herren
2037 3612 3074 3677 Forest und Ziener als Armenhäusler, Marr
2039 3665 3076 3714 als Waldarbeiter Seidel, Froböse, der sich mit
2052 3698 3082 3760 dem Amtsvorsteher wieder in Berlin einführte,
2036 3752 3082 3812 Rickelt als Arzt und Stieler, dessen schwarzer Engel!
2055 3796 3090 3847 auch ohne Worte tief eindringlich spricht, halsen, anf
2045 3816 3077 3874 ihrem Teil zu der Wirkung der Traumdichtung, der
2844 3861 3007 3931 N. W.
2049 3864 2648 3922 die Zuschauer ergriffen folgten.
