3392 4352
681 50 1018 118 aehrtin
355 49 450 124 D i
117 56 1060 163 9. 2  n unenene e
1195 44 1613 128 box 14/7
1779 -35 2854 31 die sie bei ihrem Garten nicht fand und die stach dieser bei
1775 24 2861 69 ihr gesucht hatte. Die freundschaftlich einander entgegen¬
1767 62 2856 102 gestreckten Hände hatten einander nicht gefunden. Und
1769 93 2544 138 doch war sie ihm Gefährtin gewesen; sie
2547 91 2863 145 hatte ihn von
1769 130 2857 173 seiner Wissenschaft nicht ferngehalten. Sie hatte sich
2573 165 2857 221 Die Darsteller
1767 176 2508 222 seiner Liebe zur Wissenschaft geopfert.
1776 215 2864 256 ließen das Stück bei der Lektüre voll zur Geltung kommen
1775 252 2859 303 und verstanden es auch mit dem Buch schauspielerisch zu
1770 284 2855 325 interpretieren. — Die Komödie von Gustav Wied „Eine
1775 336 2861 381 Abrechnung“ versetzt uns in ein Greisenheim. Wir glauben
1767 372 2864 416 einen Max Liebermann vor uns zu haben. Ein schönes
1775 412 2857 457 naturalistisches Werk, Hellmalerei, literarisch sich an
1794 439 2870 488 Dickens anlehnend, ein lebenswarmer Humor. Nur einige
1789 486 2859 527 kleine Anachronismen. An 60 Jahre lang sind der
1777 509 2872 569 ältere Helms und der jüngere Krakau Freunde. Zu¬
1776 556 2864 606 letzt leben sie in einem Zimmer im Greisenheim, in
1766 605 2856 654 einem Zimmer, das durch eine gedachte Scheidewand, die
1775 648 2859 687 „Neutrale“, in zwei Zimmer geteilt ist. So lange sie
1766 677 2863 720 Freunde sind, zieht sich auch durch ihre Freundschaft eine
1775 725 2865 772 Neutrale“; etwas liegt in der Luft; je näher sie dem
2156 742 2871 805 sensibler und zänkischer sie werden,
1764 743 2132 808 Grabe kommen, je
1774 800 2862 841 um so mehr wetterleuchtets in der Freundschaft. Endlich,
1768 848 2863 881 am 80. Geburtstage Helms schlägt der Blitz ein. Fast
1781 864 2865 924 60 Jahre lang hat sich Krakau „in dem Thema nicht
1774 912 2873 950 vertiefen“ wollen. Endlich reißt ihm die Geduld. Halb
1770 950 2865 991 von Wunsche gedrängt, das Geheimnis nicht mit in sein
1771 990 2861 1032 GBrab zu nehmen, zum Teil auch ##s Gereiztheit über die
1773 1022 2867 1079 geeisenhaften Schikanen Helms' plaet er mit der Wahr¬
1770 1063 2855 1125 hilt heraus: Knud, des Geheimrats und der Tochter
1768 1114 2862 1156 Helms' Sohn, der Stolz des alten Helms', ist nicht der
1775 1146 2863 1187 Enkel Helms'. Der Herr Geheimrat, die Ehre und das
1773 1184 2865 1234 Renommee Helms' im Greisenheim, ist nicht der Schwieger¬
1768 1231 2867 1280 sohn Helms'. Denn seine Tochter ist nicht seine Tochter,
1774 1269 2862 1316 sondern die seines Freundes Krakau. Helms' Gattin
1764 1316 2870 1354 hatte, durch die Filzigkeit Helms' zur Verzweiflung ge¬
1768 1341 2871 1383 trieben, bei dessen Freunde Krakau Trost gesucht und ge¬
1774 1382 2875 1440 funden; die beiden Liebenden hatten keinen freien Willen
1766 1430 2863 1473 gehabt: Wir sehen die Folgen des Blitzschlags. Der alte
1768 1451 2873 1503 Helms kann die Situation nicht mehr erfassen; er fühlt,
1772 1498 2870 1543 daß etwas Fürchterliches gescheben ist, daß Krakau sein
1772 1531 2881 1594 Freund nicht mehr sein kann; er treibt ihn über die
1780 1572 2867 1624 Neutrale. Aber die Gewohnheit der Freundschaft ist
1772 1613 2886 1665 stärker. Zum Hassen ist Helms zu schwach; und Krakau
1769 1657 2866 1703 hat an seinem Geheimnis gelitten und gebüßt; er ist
1774 1694 2878 1743 seinem Freunde aufrichtig zugetan. Und es weichen
1774 1727 2865 1775 die Schatten der Vergangenheit. Der alte Krakau ist so
1771 1773 2874 1821 taktvoll, seinem Freunde die bittere Pille zu versüßen.
1767 1810 2873 1849 Es kommt zu einem Ausgleich. Krakau lägt alle Ehren,
1774 1850 2871 1889 die seitens des Greisenheims dem Schwiegervater des
1778 1882 2862 1930 Geheimrats zuteil werden, neidlos Helms zukommen.
1776 1928 2867 1979 Wegen längst vergangener Zeiten wollen sich die Alten
1772 1968 2875 2019 nicht aufregen. Die „Tochter“ ist die rechtmäßige Tochter
1766 2004 2861 2048 Helms' und die natürliche Tochter Krakaus. Und in der
1769 2053 2861 2098 Freude, daß ihre Freundschaft, der Inhalt ihres Daseins,
1781 2087 2871 2148 nicht gelitten, werden die beiden Alten die besten Freunde.
1775 2121 2862 2171 Der Blitz hat die Luft gereinigt. Alle Zankäpfel
1768 2166 2875 2220 schaffen die Alten aus ihrem Zimmer, und die Neutrale
2136 2207 2869 2253 Die feinen, naturwarmen Farben¬
1770 2204 2067 2255 wird beseitigt.
1765 2242 2867 2290 töne des Stücks stellen große Ansprüche an die
1776 2290 2864 2333 Darsteller. Wit können mit Freuden konstatieren, daß
1766 2321 2862 2369 die Darsteller der beiden Hauptfiguren auf das natur¬
1770 2359 2863 2417 getreuste gespielt haben. Vom Buche merkte man nichts;
1766 2399 2867 2448 es wäre auch schade gewesen, wenn dieses das meisterhafte
1765 2434 2873 2492 Stimmungsbild gestört hätte. Auch die Tarsteller der
1775 2477 2859 2523 übrigen Insassen des Greisenheims blieben prächtig natur¬
1774 2519 2859 2569 wahr, vom 92=jährigen Senior bis auf den „bloß“
1764 2552 2859 2594 60=jährigen Jüngsten. Einen schönen Kontrast bildete
1773 2586 2871 2644 das Erscheinen der Repräsentanten der „gegenwätigen
1767 2630 2880 2670 Zeit“ der Studenten, deren kunstvoller Chor in die Stätte
1774 2675 2859 2719 des Absterbens den Schall des frischen Lebens brachte.
1775 2716 2857 2763 Es war das schönste Stück des Abends. — Das Lustspiel
1766 2762 2860 2803 von Raoul Auernheimer „In festen Händen“ versetzt uns
1774 2785 2863 2838 in die Welt des Schmutzes der modernen „guten Gesell¬
1766 2834 2862 2882 schaft“ in die Atmosphäre des Ehebruchs, in der die Ehe
1776 2853 2861 2929 „rechtlos“ ist und nur das „außereheliche Verhältnis“
1776 2912 2871 2963 respektiert wird. Die „Provinzpomeranze“ Emma ver¬
1771 2943 2872 2998 steht es, sich ihre Liebe zum Gatten auch im Schmutze zu
1779 2988 2874 3047 bewahren. Sie „wimmelt“ alle „Jäger“, die ihr nach¬
1775 3007 2868 3074 stellen, alle „Ehrenmänner" und „Freunde“ ihres Gatten
1777 3064 2872 3111 mit der Lüge ab, daß sie bereits in „festen Händen“ sei,
1769 3100 2880 3147 d. h. schon einen Geliebten habe. Ehrerbietig zieht sich
1771 3142 2858 3184 der „Freund“ ihres Gatten, Julius, in die Reserve und
1769 3178 2879 3239 verrät dem Gatten Alfred, nachdem er Emma Schweigen
1781 3228 2862 3271 gelobt, daß seine Gattin bereits in festen Händen sei. Es
1779 3251 2870 3312 kommt zu einer Szene, bei der Alfred einsehen muß, daß
1776 3296 2865 3344 er auf dem besten Wege war, durch „vikante“ Lektüre
1779 3333 2874 3403 und die Versuche, die „Provinzialin“ der Großstadtluft zu
1778 3388 2866 3432 akklimatisieren, seine Gattin in den Sumpf herein¬
1778 3415 2867 3467 zuziehen, daß es seine kluge Gattin im Kampfe gegen
1770 3454 2863 3503 den Schmutz gelernt hat, am Tage „nur" Gattin, gegen
1776 3496 2869 3530 Abend aber Geliebte ihres Gatten zu sein, ohne untreu
1771 3531 2869 3571 zu werden. Die Farben sind dick aufgetragen, die Hand¬
1764 3569 2862 3615 lung kurz gefaßt und konsequent durchgeführt. Ein
1769 3611 2867 3662 Schlager, ein scharfer Witz neben dem anderen. Eine
1765 3659 2864 3702 geistvolle Satire, die uns mit dem Anblicke des Schmutzes
1768 3691 2865 3731 nicht verschont, aus Schmutz aufgebaut ist und doch zu
1768 3727 2874 3772 einem glücklichen Ende führt. — Die Darsteller ließen den
1775 3771 2863 3816 prickelnden Dialog keinen Augenblick fallen; es wurde
1772 3804 2869 3845 flott und weltgewandt gespielt. Und auch der Dar¬
1780 3843 2870 3897 stellerin der Emma, einer Brettlnovize, merkte man es
1773 3882 2870 3927 nicht an., daß sie debütierte. — An Beifall ließ keins der
1766 3922 2681 3977 Stücke des Leseabends etwas zu wünschen übrig.
