3392 4352
435 181 913 252 Paracelsus
1053 185 1497 279 box 14/6
191 177 909 290 9.1.
919 481 1493 576 eogesaussenner-ecse
860 550 1480 651 16. RUNGESTRASSE 22-24
510 594 1550 700 Benchengnutsche und ausländische Presse auch auf Inserate.
507 636 1561 742 Lictert Listen über geplante Bauten aller Art. Geschäftseröffnungen.
853 694 1186 763 Pestlichkeiten usw.
566 784 1457 942 Berliner Morgenpost
859 887 1163 967 Berlin SW. 10
754 933 1237 1006 Ausschnit aus der Nummer vom:
1002 1030 1402 1120 54. MAl W24
764 1193 1563 1346 Theater=Kunst
819 1353 1485 1463 Wissensench.
752 1456 1395 1589 Schnitzler und Tolstoi
911 1513 1562 1674 im Deutschen Thealer.
858 1651 1487 1739 Gastspiel Alexander Moissi.
776 1738 1600 1789 Ja, es ist nicht leicht, durch Erfolge in aller
722 1772 1597 1827 Welt verwöhnt zu werden und doch einfach zu
721 1806 1603 1877 bleiben. Unser lieber, bewunderter, glänzend kon¬
719 1863 1611 1923 servierter und so unendlich begabter Moissi hat
726 1909 1598 1970 auf seinen langen Gastspielfahrten nun allmäh¬
723 1943 1606 1998 lich eine Art angenommen, die zum Widerspruch
726 1994 1607 2057 herausfordert. Der einst so Stürmische, Feurige,
719 2038 1610 2093 in dem immer ein zitterndes Gefühl sich bis zur
726 2081 1611 2139 Explosionsgefahr zusammenzuballen schien, ist
724 2126 1604 2185 mehr und mehr ganz bewußt, berechnend, solo¬
710 2153 1619 2228 spielerhaft geworden. Er scharmiert mit dem
727 2210 1610 2274 Publikum, in das er betonte Stellen, oft gar
721 2245 1602 2309 selbstgefällig, hineinspricht. Er zerdehnt Sätze,
709 2300 1610 2359 um einen Effekt wie Pfefferkörner euszubreiten.
717 2346 1611 2405 Er legt seine Wirkungen gleichsam auf den Teller,
716 2379 1614 2441 schmiert ein Brot erst mit Butter, dann mit Mar¬
722 2430 1617 2484 melade, dann mit Gelee, und legt noch eine
727 2476 1617 2530 Butterschicht darüber. Das muß einmal gans
720 2508 1608 2571 klar ausgesprochen werden. Gerade wer die alte
723 2562 1603 2623 Neigung zu diesem feinen Sprecher, diesem phan¬
718 2599 1605 2656 tasiereichen Schauspieler bewahrt hat, muß am
720 2653 1608 2704 dringlichsten wünschen, daß er die Stargewohn¬
717 2692 1607 2739 heiten, die sich eingeschlichen haben, wieder zum
721 2734 1131 2791 Fenster hinauswirft.
777 2778 1609 2834 Schnitzlers reizvoller und geistreicher Ein¬
723 2813 1601 2880 akter „Paracelsus“ stellt dar, wie der Wun¬
721 2880 1614 2923 derdoktor, Abenteurer und Menschenkenner des
723 2914 1603 2969 16. Jahrhunderts in ein Patrizierhaus kommt,
714 2953 1612 3011 dessen Herrin er einst geliebt hat. Durch das
713 2993 1607 3045 Philistertum des Gatten gereizt, entfaltet er
725 3038 1605 3104 seine hypnotischen Zauberkünste und leuchtet in
723 3083 1615 3133 allerlei Rätsel und Unsicherheiten der braven
719 3125 1611 3179 Bürgerehe hinein. Der Schauspieler würde den
725 3168 1608 3218 stärksten Eindruck machen, wenn er zuerst als
720 3212 1605 3264 schlichter Mensch unter Menschen auftreten und
724 3264 1606 3308 dann erst seinen Dämon loslassen würde. Aber
717 3298 1609 3352 Moissi kann nicht abwarten. Er muß sofort mit
717 3344 1603 3400 der Miene eines in Trance befindlichen Geister¬
720 3380 1607 3435 menschen hereintreten, weil das anscheinend die
727 3427 1615 3475 Aufmerksamkeit stärker fesselt. So bleibt alles
722 3469 1610 3519 im gleichen Ton, es fehlt an Steigerung und Be¬
710 3519 1590 3572 wegung. Und doch fühlt man, wie außerordent¬
715 3557 1596 3617 lich der Künstler in dieser Rolle sein könnte. Denn
718 3603 1599 3648 er hat die magische Kraft des Blicks, das Lächeln
719 3646 1602 3690 der Ueberlegenheit, die gebietende Sicherheit des
712 3690 1607 3746 Wesens, die dem Paracelsus angemessen sind.
726 3728 1602 3789 Das Ensemble der übrigen kommt nur recht und
713 3771 1601 3832 schlecht mit. Grete Mosheim in einer Neben¬
711 3819 1608 3868 rolle, hatte am ehesten einen persönlichen Umriß.
771 3872 1610 3922 In Tolstois wunderschöner kleiner Ko¬
1629 1196 2504 1267 mödie aus dem Nachlaß, die unter dem Titel
1636 1247 2502 1300 „Er ist an allem schuld“ die Verderblich¬
1635 1297 2506 1357 keit des Branntweins annagelt, spielt Moissi den
1647 1340 2498 1391 Wanderburschen, der in das Bauernhaus hüpft,
1627 1384 2507 1423 artig und manierlich ist, bis der Schnaps ihn zu
1706 1431 2499 1483 m kleinen Diebstahl verleitet, und nachher als
1637 1465 2509 1523 ein schluchzender Büßer fortwankt. Solche ent¬
1627 1515 2513 1558 gleisten Exiftenzen und schwachen Seelen, an denen
1628 1550 2514 1613 die russische Literatur reich ist, haben ihm von
1621 1601 2507 1648 jeher am besten gelegen. In diesen Rollen war
1643 1638 2509 1698 er mir immer lieber, als wenn er deklamato¬
1627 1723 2502 1781 liebenswürdiger Bursch von de Landstraße, voll
1630 1774 2503 1824 von Schnurren, mit der komischen Grandezza
1627 1814 2505 1870 eines kleinen proletarischen Hochstaplers. Aber
1622 1858 2505 1904 auch da hört das Liebäugeln mit den Zuschauern
1624 1903 2505 1950 nicht auf und verdirbt ganze Partien. Teurer
1629 1938 2513 2003 Alexander Moissi, such' ein Obdach, geh' ein in
1627 1980 2512 2036 irgendeinen festen Kreis, wo du auch einmal
1632 2031 2510 2084 zurückzutreten verstehst, hinter den Mitspielern,
1633 2072 2502 2120 hinter dem Gesamtwerk einer Dichtung, und
1628 2115 2508 2175 unsere Liebe zu dir wird wieder ihre ganze alte
1624 2162 2151 2230 Zärtlichkeit zurückgewinnen.
2171 2181 2480 2269 Max Oeborn.
2074 2362 2819 2497 sear Scnwerressden
1909 2471 2356 2606 T
2395 2487 2922 2609 G
1968 2591 2849 2673 eadairee euratnee Tiirrnes-Aussemmer-acao
1982 2653 2844 2733 BERLIN SO 16, RUNGESTRASSE 22-24
1877 2730 2906 2787 Bearbeitet die deutsche und ausländische Presse suck auf la##erste.
1886 2778 2907 2855 Liefert Listen über geplante Bauten aller Art. Geschäftseröffnungen.
2222 2820 2555 2868 Festlichkeiten usw.
1966 2906 2823 3033 Neue Dreußische=Zeitung
1932 2999 2837 3078 (Kreuz=Zeitung) Morgenausgabe — Berlin SW. 48
2149 3055 2622 3117 Ausschnitt aus der Nummer vom:
2428 3109 2836 3210 =.A. MAl W28
2215 3280 2541 3368 Kunstchronik.
1830 3342 3002 3419 Deutsches Theater. Zum erstenmal spielte Moissi den
1774 3381 2983 3446 Paracelsus in Schnitzlers gleichnamigen einaktigen Vers¬
1778 3444 2989 3493 spiel, der zu dem Schluß kommt: Wir spielen immer, wer es weiß,
1785 3482 2983 3533 ist klug. Es wal eine gewandte darstellerische Leistung, die den
1777 3514 2161 3573 klingenden Verseh
2232 3516 2978 3569 cht wurde; jene überragende, seelisch¬
1776 3523 2985 3608 geistige Eindrisglich freilich, die Paracelsus braucht, um an
1774 3591 2984 3646 einem schönen Hunin#rgen in Basel um 1500 im Hause des
1769 3619 2994 3684 Waffenschmiedes Cypsian Dinge und Erlebnisse — freilich nur
1774 3673 2986 3723 im Traum — auf den Kopf zu stellen, fehlte freilich. Den Schluß
1768 3710 2984 3749 des Abends machte eine Neubelebung der Tolstoischen Komödie:
1761 3746 2993 3806 Er ist an allem Schuld womit bekanntlich der Alkohol
1770 3784 2986 3846 gemeint ist; hier wiederholte Moissi seinen namentlich in den
1775 3818 2991 3876 Szenen des Zusammenbruches erschütternden Wanderburschen, der
1769 3857 2968 3929 in die Galerie seiner Tolstoi=Gestalten mit Recht gehört.
