3392 4352
149 227 889 316 9. 1. Paracelsus
687 293 873 350 —0—
1019 226 1466 331 box 14/6
2160 163 2584 248 Telephion 12301.
1792 247 2989 343 Alex. Weigl’s Unternehmen für Zeitungs-Ausschnitte
2767 323 2994 388 Ausschnitt
2568 334 2742 419 Dee
1995 346 2664 461 „OBSLHVE.
2820 378 3078 480 Nr. 84
1670 436 3094 526 I. österr. behördl. conc. Bureau für Zeitungsberichte u. Personalnachrichten
1877 503 2893 607 Wien, IX/, Türkenstrasse 17.
2066 564 2704 659 Filiale in Budapest: „Figyelö“ —
1660 631 3083 727 Vertretungen in Berlin, Chicage, Genf, London, Newyork, Paris, Rom, Stockholm.
1652 756 2169 843 Ausschnitt aus:
2165 712 2931 866 Watralschr algen. Teltung Berig
1655 895 2178 1015 vom: 7 #27
1882 1046 3003 1122 -t. „Wer Vieles bringt, wird Manchem etwas bringen,
1790 1115 3008 1175 und Jeder geht zufrieden aus dem Haus“ — meint der
1779 1157 2999 1230 Theaterdireltor im Vorspiel zum „Faust“. So dachte auch
1787 1209 3021 1278 Herr Raphael Löwenfeld und setzte im Schiller=Theater am
1784 1262 3007 1309 Mittwoch Abend gleich vier Stucke, allerdings lauter Einakter,
1795 1313 3003 1357 auf den Zettel. Da kam zuerst Max Dreyers Komödie
1791 1352 3015 1414 „Unter blonden Bestien". Die blonden Bestien
1791 1374 3002 1459 sind ein holsteinischer Gutsbesitzer und seine Frau, die
1793 1434 3008 1480 einen schwarzlockigen Geiger, der sich mit Liebesantragen lästig
1788 1465 3012 1541 macht, ohne viel Umstände zur Thür hinaus werfen. Herr
1788 1524 3014 1586 Pategg besorgte das in einer eindr##svollen Maske so recht
1778 1549 3011 1628 —con amore. Seine Parinerin Else Wasa unterstützte ihn
1785 1577 3018 1665 aufs Wackerste. Das zweite Stöck war melancholische Nah¬
1794 1662 3017 1726 rung, gereicht von dem Wiener Hugo v. Hofmanns¬
1632 1644 1741 1730 Für
2372 1682 3018 1753 und der Tod“ lautet
1939 1692 2353 1761 „Der Thor
1730 1698 1942 1759 #0 thal.
1734 1742 3023 1788 20 der Titel des Versspiels. Der Thor — so belehrt uns
1721 1764 3020 1824 50 ein Kommentar, mit dem die Direktion des „volksthümlichen
1644 1836 1712 1878 „
1714 1834 2991 1894 100 Schauspielhauses“ dem Verständniß der Besucher nachhilft —
1739 1849 3017 1928 Ii der Thor ist ein junger Edelmann, der in weltferner Ein¬
1630 1896 3016 1981 Abonnen—sämkeit lebend, sich in melancholischen Grübeleien verliert und
1615 1949 1813 2012 Abonnen
1814 1957 3015 2016 mit einem räthselhaften Fluche beladen zu sein glaubt. Wie es
1802 1989 3023 2060 sich für einen Aestheten ziemt, spricht er sich über diesen
1741 2030 1791 2082 D
1613 2048 3020 2113 Inhaltsa, einigermaßen bedenklichen Geisteszustand in einer langen Reihe
1610 2094 3019 2146 blätte flüssiger Verse aus, die aus der Form des Selbstgesprächs in
1617 2123 3021 2183 wodureh die dialogische übergehen, als aus der vierten Dimension
1622 2167 3025 2236 Leben de einige Gestalten — der Tod, eine verstorbene Geliebte, ein
1614 2223 3021 2299 theilungel verstorbener Freund — sich ebenfalls auf der Bühne ein¬
1821 2256 3033 2317 stellen, um einiges Metrische vorzutragen. Durch die auf¬
1821 2314 3028 2365 lärenden Bemerkungen des Todes und der Todten wird der
1820 2346 3038 2420 „Thor zur Einsicht gebracht, daß das Leben ihm des¬
1811 2393 3038 2462 wegen zwischen den Händen zerronnen sei, weil er
1810 2428 3038 2502 Keinem etwas gewesen und Keiner ihm. „Hand wird nur von
1814 2473 3039 2553 Hand gew'schen wenn Du nehmen willst, so gieb“, sagt
1830 2527 3023 2589 Goethe. Die Mahnung würde auch in Prosa nichts schaden,
1813 2566 3030 2642 mag also um so eher in Versen gelten. Aber, offen gestanden,
1818 2608 3029 2667 wir würden so etwas lieber im Buch lesen, als daß es auf der
1819 2649 3038 2722 Bühne vorgetragen wird mit einem Apparat, der einigermaßen
1819 2697 3045 2761 an spiritistischen Hokuspokus erinnerte. Die Darstellung bot
1817 2740 3056 2794 weder im Ganzen noch im Einzelnen c.was Bemerkenswerthes."
1820 2794 3067 2854 Um so mehr der folgende Einakter „Paracelsus“ von Artburg
1826 2847 3031 2901 Schnitzler. Der berühmte Gelehrte, Heilkünstler und Char¬
1834 2897 3053 2948 latan Theophrastus Bombastus Paracelsus von Hohenheim tritt
1831 2925 3059 2987 als Hypnotiseur auf. Indem er der Gattin des Waffenschmieds
1829 2982 2963 3036 Cypriau, Justina, bald eine Trugvorstellung als erlebte Wa
2999 3006 3053 3075 t,
1831 3016 2987 3079 heit suggerirt und dann wieder ihren Willen dahin bestimn
1830 3073 3056 3135 daß sie in Allem die reine lautere Wahrheit sagen muß.
1837 3105 3051 3170 bringt er auf geistreiche Weise zur Anschauung, wie das Leben
1838 3149 3049 3208 zwischen Ernst und Spiel, zwischen Trug und Wahrheit hin
1833 3212 3045 3257 und her pendelt. „Wer es weiß, ist klug“, sagt Paracelsus.
1830 3236 3059 3295 Gespielt wurde durchweg mit frischem Humoc und kräftiger
1939 3286 3047 3336 akteristik. Max Pategg war ein prächtiger Cyprian;
1881 3326 3054 3380 Narianne Wulf als Justina wußte ihre Rolle außergewöhnlich
1834 3376 3046 3436 interessant zu gestalten. Max Kirschner als Stabtarzt Dr.
1835 3415 3052 3482 Copus und Rudolf Lettinger als Paracelsus verdienen
1843 3451 3055 3515 ebenfalls anerkennende Erwähnung Ende gut, Alles gut.
1834 3505 3055 3568 Zum Schluß kam der Wichertsche Emakter „Post
1843 3558 3055 3602 festum“, die Geschichte von dem vergeßlichen, oder, nach
1844 3585 3063 3649 heute beliebtem Sprachgebrauch, übervergeßlichen Professor, der
1846 3639 3051 3689 beim Weggehen vom Ball den Ueberzieher verwechselt, in dem
1838 3674 3045 3735 fremden Rock natürlich nicht seinen Hausschlüssel findet, dann,
1845 3730 3055 3785 um diesen zu suchen, in das Haus zurückkehrt, wo die
1842 3765 3079 3829 festlichen Lichter eben erlöschen, und schließlich die günstige
1857 3827 3052 3866 Gelegenheit benützt, um mit dem Töchterchen des Generals,
1841 3853 3053 3915 der er bisher aus Vergeßlichkeit die Liebeserklärung schuldig
1844 3903 3054 3965 geblieben war, sich rite zu verloben. Das Stück bietet nur
1848 3937 3049 3998 eine einzige Rolle von Bedeutung, die des Professors der Ver¬
1843 3969 3070 4057 geßlichkeit Walter Stern. Diese Burde von Hans Kuhnert
1844 4028 2470 4106 ganz vortrefflich durchgeführt.
