3344 4352
564 181 826 256 ruene
188 180 502 256 9. Der
839 176 1166 258 Kakadu
1306 181 2253 274 box 14/6 — box 16/1
340 203 1161 298 na Ga an mnen un  en aen ud G
470 487 942 561 aracelsus
193 484 1521 604 9.1. „% box 14/6
866 998 1275 1073 Telefon 12801.
563 1112 1586 1187 Unternehmen für Zeitungs-Ausschnitte.
1456 1149 1648 1225 Ausschnilt
326 1192 1724 1323 c. 105 „OBSERVER“ Nr. 65
356 1301 1800 1383 I. österr. behördl. conc. Bureau für Zeitungsberichte u. Personalnachrichten
528 1375 1625 1462 Wien, IX/1, Türkenstrasse 17.
747 1455 1394 1549 Filiale in Budapest: „Figyelé“
449 1541 1713 1610 Vertretungen in Berlin, Chicago, London, Newyork, Paris, Stockholm.
357 1656 1486 1764 Ausschnitt aus: Neue Züricher Zeitung
359 1801 711 1916 vom 3/1.30
1460 1923 1780 2050 Sn
556 1981 1508 2058 * Die Pièce de résistance des Abends, auf die
549 2042 1509 2097 männiglich gespannt gewesen, war der Einakter „Pa¬
540 2082 1518 2124 racelsus“ von Arthur Schnitzler. Das Text¬
544 2125 1531 2197 buch sei in den hiesigen Buch handlungen fast vergriffen
544 2174 1511 2244 worden, habe ich andern Morgens vernommen, als ich
541 2212 1509 2283 das Versäumnis, mich mit demselben zu bewaffnen,
544 2267 1511 2315 nachträglich ausglich. Trotzdem der berühmte Wunder¬
545 2311 1512 2354 doktor des siebzehnten Jahrbunderts viele Schriften
536 2352 1513 2415 hinterlassen und über ihn noch mehr geschrieben worden,
532 2406 1509 2460 gelegentlich auch auf Stempelpapier, ermangelt sein
545 2441 1504 2494 Charakterbild noch sehr der Klarheit. Es hat schon
541 2484 1514 2545 verschiedene Poeten verführt, an ihm ihre Psychologie
530 2533 1516 2597 zu stählen. Schulzlers Einakter ist geschickt, in ein¬
540 2568 1506 2632 zelnen Teilen sehr geschickt und fein gearbeitet, das
544 2618 1509 2682 wird ihm niemand abstreiten wollen. Wenn ich höre,
538 2659 1510 2721 daß das kleine Opus auf einigen Bühnen Furore
531 2712 1514 2761 gemacht habe, dann applaudiere ich aus der Ferne den
534 2758 1505 2822 Darstellern, sicher, daß sie ganz fein gespielt, denn ohne
538 2799 1511 2865 das wäre ein packender Eindruck nicht verständlich.
538 2845 1516 2892 Der Dichter führt uns nach Basel, wo eben Paracelsus
542 2893 1513 2941 auf dem Markt seine Faxen macht oder Wunder thut,
531 2925 1507 2995 daß sogar der ehrenfeste Waffenschmied Cyprian, dessen
535 2970 1509 3041 robustes Denken nicht von Wunderglauben angekränkelt
540 3013 1511 3080 ist, seine Freude hat an diesem „Schwindler" und
532 3055 1505 3122 „Lump“ und den alten Nebenbuhler um Frau Justina
536 3113 1511 3174 in sein ehrbares Bürgerhaus heimbringt, um ihm seine
370 3130 472 3196 Für
1548 3117 1745 3201 inclusive
530 3157 1521 3214 Künste mit einem Trunk zu lohnen und seiner Gattin
450 3170 487 3218 1
542 3196 1514 3246 eine Ueberraschung zu bereiten. „Ich bring heut einen
447 3215 511 3260 20
1552 3203 1746 3278 Zahlbar
534 3240 1504 3300 wunderlichen Gast, an dem wir unsere Kurzweil haben:
1495 3239 1771 3335 im Voraus.
540 3289 1504 3346 werden. Mein guter Paracelsus tretet ein. Ein einfach
387 3288 525 3359 „ 1000
535 3311 1820 3375 bürgerliches Haus — doch denk ich, wenn man gewohnt, schnitte ist das
540 3364 1818 3437 im Frei'n zu übernachten, so kann sichs sehen lassen.“uch steht es den
363 3377 528 3442 Abonne
1486 3417 1663 3478 ändern.
546 3421 1480 3482 Auf welche protzige Vorstellung der „Doktor“ repliziert:
368 3429 527 3497 Abonne
534 3460 1488 3529 „Nicht ganz verächtlich ist des Himmels Dach.“ Gerade
528 3502 1498 3574 vorher hatte Junker Anselm, der nach Basel gekommen,
520 3556 1491 3610 um bei Meister Thomas — das Orgelspiel zu erlernen,
519 3601 1489 3662 die Gattin des Waffenschmieds mit einem letzten Liebes¬
521 3634 1504 3703 antrag bestürmt. Der Justina ging der holde Jüngling.
522 3683 1502 3737 nahe, sie erwehrte sich aber tapfer. Cyprian lacht des
526 3726 1501 3788 Knaben, bombensicher im Besitze seines schönen Weibes:
519 3776 1503 3827 „Was gilts, daß er von Liebe dir gesprochen?“ Sie
524 3812 1495 3874 leugnet. „Sie schämt sich ihrer stumien Mach,=, die
521 3855 1491 3927 jeder fühlen muß, der sich ihr naht, Ihr wißt ja auch
521 3909 1494 3972 ein Lied davon zu singen, Doktor.“ Und dann hypno¬
523 3943 1488 4007 tisiert Paracelsus die Justina und sagt ihr was ins
516 3989 1496 4056 Ohr und wie er sie erweckt, flieht sie entsetzt vor ihrem
515 4032 1495 4081 Mann. Der Doktor hat ihr den Wahn eingegeben,
529 4082 1491 4137 sie hätte sich vom Junker bethören lassen, und be¬
528 4122 1486 4163 hauptet, sie Zeit ihres Lebens in diesem Wahne er¬
