3392 4352
688 131 904 203 aehr
617 150 676 203 e
948 123 1054 202 in
146 133 1062 236 9. 2. D ieace.
1196 124 1625 216 box 14/7
1474 1394 1890 1501 Telephon 12801.
1102 1497 2246 1573 Alex. Weigls Unternehmen für Zeitungs-Ausschnitte
1303 1568 2063 1699 „OBSERVER“
1109 1676 2239 1776 L. österr. behördl. konz. Bureau für Zeitungsberichte u. Personalnachrichten
1303 1748 2074 1829 Wien, I., Concordiaplatz 4.
1534 1817 1829 1886 Vertretungen
1126 1865 2230 1925 in Berlin, Budapest, Chicago, Genf, London, New-York,
1113 1920 2232 1995 Paris; Rom, Mailand, Stockholm, Christiania, St. Petersburg.
1405 1958 1962 2030 (Quellenangabe ohne Gewähr.)
1133 2057 1480 2133 Ausschnitt
1467 2075 2294 2214 Deütsches Volksblatt, Wien
1498 2146 1576 2223 74
1137 2166 1311 2234 vom:
1536 2177 1786 2283 # Stssesnn
1118 2284 1222 2369 Fee
1311 2279 2079 2367 Die Matinee im Hofburgtheater!
1201 2349 2255 2415 Für Nachmittag waren die Kongreßteilnehmer in das
1118 2397 2242 2455 Burgtheater geladen. Der Zuspruch war jedoch nicht be¬
1130 2439 2257 2492 deutend und die Vorstellung verlief sehr flau. Die Ursache
1125 2483 2251 2551 hiefür lag wohl hauptsächlich in der unglücklichen Wahl
1122 2525 2265 2605 der Stücke. Während man Gelegenheit gehabt hätte, den
1114 2566 2252 2633 Ruf unseres Burgtheaters als erste deutsche Bühne vor
1127 2613 2262 2667 einem internationalen Publikum von Kennern zu rechte
1122 2663 2288 2705 fertigen, folgte man anderen Rücksichten und Breitete d##
1112 2684 2270 2762 Geladenen durch die Aufführung von Schnitzlers banalem
1120 2751 2269 2811 Einalter „Die Gefährtin“ und Molières veratterem „Mitan¬
1993 2796 2265 2844 ndan Küate
1124 2782 2255 2876 Ayrot in der Verdichtung von Fulda meiig Bergungen.
1138 2840 2257 2928 Wollte m#n wienerisch bleiben, dann hätts wohl unserem
1133 2885 2259 2954 bedeutendsten Dramatiker Grillparzer der Platz gebührt,
1130 2922 2254 3016 wollte man international sein, dann wäre des größte Dra¬
1133 2971 2278 3061 matiker der Weltliteratur Shakespeare am Platze gewesen.
1123 3019 2248 3105 Von beiden stehen am Burgtheater einige Stücke, die zu
1130 3060 2269 3146 den hervorragendsten Glanzleistungen unserer Bühne gezählt
1125 3096 2272 3180 werden müssen. Die Matinee verlief denn auch ohne be¬
1127 3144 2268 3225 sondere Beifallsbezeugungen. Viele verließen schon vor
1134 3183 1572 3271 Schluß das Theater.
