3392 4352
527 170 910 249 racelsus
1037 165 1482 271 box 14/6
163 170 908 292 9. 1. Paruesraus
1923 1436 1980 1504 „.
1998 1426 2901 1498 —stun, iee Wiersauleeie ercsuel, beltin.
609 1426 1921 1524 Grrs- Sitzung om 4. 0. Für das Jahr 1902 wird dem
963 1488 2886 1559 internationalen Friedensbureau Die Unterstützungskasse für kurbedürftige
985 1560 2925 1594 Bern wie frühere Jahre ein Beitrag von Fr.] Lehrer weist auf 31. Dezember 1901 ein
971 1595 1283 1663 900 bewilligt.
1912 1592 2905 1663 Vermögen von Fr. 4690 auf; dasselbe hat
971 1706 2898 1768 biise vermeintliche Erinnerung an begangene ihre Tugend bewahrt hatte. Und für Paracelsits
792 1761 2896 1816 s statter Untreue herumtragen soll. Der Qual macht Para= ist das späte Liebesgeständnis Justinens eine
799 1791 2883 1848 und alsfeellus durch eine neue Probe seiner Kunst ein Genugthuung, die ihm ihr gegenüber ein schmerz¬
846 1848 2895 1900 von Eude. Noch einmal versenkt er Frau Justine in liches Glücksgefühl, dem begünstigteren Neben¬
907 1893 2898 1951 Hochschlaf und gebietet ihr diesmal, wenn siel buhler Cyprian gegenüber vollen Stolz verleiht.
918 1931 1914 1990 eserwache, nur die reine Wahrheit zu sagen, aber
1897 1931 2890 1995 So kann er denn als der höher stehende Geist
881 1975 1908 2030 de dabei auch ihre geheimsten seelischen Regungen
1907 1976 2903 2057 aus diesem Kreise scheiden nachdem er seine
859 2013 1910 2074 eich-aufzudecken. Auch dies wird für Cyprian ziem¬
1909 2009 2641 2091 Kunst in jedem Sinne bewährt hat.
858 2067 1922 2135 Qualflich aufregend, wenn auch lange nicht so peinlich
1939 2049 2884 2125 In diese Haupthandlung greifen ein paar
808 2109 1909 2158 Er ver= wie der vorherige Zustand. Frau Justine bekennt
1913 2106 2884 2157 Nebenpersonen ein, die köstliche Figur des
833 2147 1918 2209 atten, Inämlich jetzt, daß ihr der Junker Anselm keines¬
1908 2144 2894 2205 Stadtarztes Copus, der den fremden reisenden
770 2193 1913 2254 Hypnose wegs gleichgültig gewesen sei und daß nicht viel
1903 2196 2886 2271 Heilkünstler mit aller Verachtung zünftiger
439 2234 566 2293 r die
570 2238 2893 2304 Suggestion ins Ohr, gefehlt habe, so wäre sie seinem unaufhörlichen Wissenschaft behandelt, wozu ja Mediziner be¬
405 2289 2896 2339 ls Hausfreund in der Fa=] Werben erlegen; doch sei sie froh, daß es nicht sonders veranlagt sein sollen; ferner der Junker
356 2330 2895 2388 njungen Ritter Anselm die so meit gekommen, und sie wünsche ihm glückliche! Anselm, in den Cäcilie, die junge Schwester des
338 2366 2901 2430 rletzt, ihr Gatte wisse es und R se. Weiter bekennt sie, daß einst Paracelsus Waffenschmiedes, verliebt ist. Diese Personen
328 2413 2890 2489 übrig, als es zu gestehen. Da ihre erste wahre Jugendliebe war. Wenn er da= fübrigens und ihre Beziehungen zur Handlung
312 2457 2765 2511 Anselm thatsächlich der schönen mals nicht die Stadt verlassen hätte so würde sind für den Zuschauer leicht verständlich.
305 2490 1920 2550 en Hof machte und auch von ihr Cyprian nie ihr Jawort erhalten haben; lieber!
1932 2499 2883 2584 Und die Idee des ganzen dramatischen Ge¬
261 2553 1904 2604 gesehen wurde, so wird Cyprian hätte sie dem andern sich heimlich hingegeben.
1912 2560 2897 2639 dichtes liegt wohl in den von Paracelsus zu
219 2588 962 2657 Schuldbekenntnisse, das seine Frau
944 2596 1144 2664 Jedoch:
1908 2610 2542 2681 Cyprian gesprochenen Versen:
201 2637 958 2702 Erwachen aus der Hypnose ablegt,
971 2629 1919 2714 Wer weiß, wie viele Fenster in der Stadt
1942 2657 2859 2726 Von neuem immer seh' ich solche Frauen,
196 2667 956 2737 ste beunruhigt, obschon ihm Paracel¬
990 2683 1911 2759 Allnächtlich offen stehn für Einen, der — nicht
1907 2689 2769 2761 Geschaffen, hoher Menschen Glück zu sein,
149 2727 956 2785 ichert, er habe ihr dies alles nur als
1656 2738 1871 2807 kommt!“
1905 2746 2877 2831 An einen Gauch, wie Ihr seid, weggeworfen.
164 2753 968 2828 Traum eingegeben, von dem nun ihre
986 2786 1910 2852 So war es auch damals gegangen und Para¬
141 2816 949 2866 sie nicht mehr loskönne. Es kommen dem
1911 2817 2773 2895 Verschwendet seh' ich zu viel Lieblichkeit
950 2827 1915 2897 celsus verschwunden. Und so wurde sie die
130 2862 952 2910 #ne hierüber immer bedenklichere Zwei¬
1909 2891 2782 2959 An eine satte Frechheit, die sich brüstet.“
947 2892 1406 2956 Hausfrau Cyprians.
156 2904 957 2966 auch, wenn keine Thatsünde sollte statt¬
131 2946 953 3001 haben, so ist es schrecklich genug, daß
1953 2923 2898 2998 Schnitzler bleibt also auch in diesem Stücke,
973 2934 1911 2999 Der hat nun genug von den Wahrheiten seiner
135 2992 2903 3070 ne Frau in ihrer befleckten Einbildung schönen Frau, obwohl sie in diesen Anfechtungen wie meistens in seinen Dichtungen, der Anwalt
