3344 4352
564 186 954 257 racelsus
214 186 944 280 9. 1 P.ie
1090 171 1517 263 box 14/6
2088 231 3065 321 gischen Systems war allerdings nicht sehr slach
1903 280 3087 359 g. Wie kann man — fragte er — Krankheiten, die in
1852 348 3124 401 Deutschland auftreten, mit Arzeneimitteln heilen, die Gott am
1865 385 3074 430 Nil wachsen läßt? Noch bedenklicher aber, als die nationale
1861 430 3070 490 Apotheke an sich, war die Methode, nach welcher der
1863 470 3076 522 „hochgelart und tiefsinnig naturkundige beider Artzeneien
1851 513 2443 578 Doctor“, seine Heilmittel
2442 519 2655 576 wählte.
2655 515 3074 581 Seiner Ansicht
1863 553 2412 611 nach hatte Gott den
2424 557 2949 618 ganzen Kosmos nur
2961 562 3072 620 für
1854 613 3068 665 die Zwecke des Menschen geschaffen, und daher auch die
1854 645 3072 703 Pflanzen mit gewissen Zeichen versehen, nach denen man ihre
1863 699 3082 752 eigenthümliche Heilkraft errathen kann. So hat die Wallnuß
1864 742 3068 803 die Signatur des Hauptes, denn ihre Schale gleicht der Hirn¬
1857 772 3052 847 schale, ihr behäuteter Kern der Hirnhaut und dem Hirn. Folgs
1852 819 3072 878 lich muß sie gegen topfkrankheiten wirksam sein. Bei den
1874 868 3083 928 Stengeln des Storchschnabels und bei dem Gnadenkraute
1859 918 3086 986 fand Paracelsus eine Aehnlichkeit mit dem Schienbein, daher
1862 962 3086 1035 verwendete er das Pulver dieser Kräuter als Heilmittel bei
1854 995 2138 1068 Beinbrüchen.
1943 1049 3073 1131 Wie stolz Paracelsus auf dieses naive Heilsystem war, be¬
1866 1092 2333 1169 zeugt sein Sinngedicht:
2095 1129 2824 1225 „Auf diese gegenwertige Zeit.“
2058 1198 2688 1269 Nach meinem Dot bej 20 Jarn
2055 1249 2747 1317 Werden beid alt und jungk erfarn
2044 1295 2748 1349 Was gewesen sei all meine Kunst,
2040 1335 2684 1387 Die jetzuntz leidet aus ungunst.
2053 1379 2728 1449 Die Warheit geben wirts an tag
2050 1431 2671 1487 Was sie in ihr allzeit vermag.
2058 1466 2639 1529 Zerreißen wird falsch artzenei
2056 1500 2615 1573 Darzu all andre stümplerei
2050 1554 2825 1613 Dieweil man mein wahrhafte schrifften
2049 1600 2870 1654 Befindt von Erd und Himmels Krefften.“
1945 1650 3104 1720 Wenn Paracelsus die Meningitis mit Wallnüssen zu heilen
1853 1694 3034 1757 vermochte und andere Wunderkuren dieser Art vollbrachte, so
1849 1733 3070 1809 ist es klar, daß seine Erfolge nicht auf die physiologische Wir¬
1846 1777 3055 1841 kung seiner Heilmittel, sondern auf die Suggestion zurückzu¬
1846 1802 3107 1872 führen waren, die seine Persönlichkeit und sein Ruf ausübten. B
1848 1871 3098 1930 Diesen Wink verdankt der Dichter Schnitzler dem Arzt Schnitzler##
1842 1915 2962 1986 und er benutzte ihn, um uns Theophrast, der sich in Wir
1847 1952 3003 2021 keit dem Trunke ergeben und als fahrender Arzt ein was
1845 2000 3010 2086 beneidenswerthes Dasein führte, in magischem Lichte
1840 2046 2016 2118 zeigen.
1932 2115 3061 2200 „Odi et arceo vulgus profanum“. Den Spruch ha#
1856 2188 3061 2249 auch Eberhard König in seinem „Gevatter Tod“ dem Arzt#
1850 2230 3052 2287 Balthasar in den Mund gelegt, einer der wenigen gelungenen
1852 2272 3055 2327 Figuren seiner nebelhaften Dichtung. In seinem Aerger über
1850 2310 3070 2362 die Wunderkuren, die der Holzhauersohn Hans vollzieht, will¬
1836 2359 3050 2420 der Doktor beweisen, daß eine von ihm aufgegebene und vor
1835 2399 3042 2471 Hans gerettete Frau nach den Regeln der Kunst nicht mehr
1837 2432 2099 2502 leben darf:
1931 2482 2964 2570 „S'ist wissenschaftlich falsch, daß sie am Leben blieb,
1940 2545 2565 2608 Genau genommen, ist sie todt“.
1929 2579 3067 2662 Das ist das Fünkchen bewußten Humors in dem Stücks
1840 2623 3068 2709 Wenn man trotzdem öfters gelächelt, ja sogar laut
1840 2680 2169 2745 aufgelecht hat,
2174 2692 3054 2745 so ist das auf die reiche Dosis unbe¬
1827 2726 3039 2786 wußter Komik zurückzuführen, die im „Gevatter Tod“#
1838 2772 3073 2826 steckt. Der zweite Akt insbesondere gehört zu dems
1836 2825 3049 2884 Köstlichsten, was man an Primaner=Dichtung auf der Bühne
1838 2862 3042 2933 sehen kann. Prinzessin Elsa liegt im Sterben. Man erwartet
1828 2913 3051 2962 den neuen Wunderdoktor. Bevor er kommt, besingt ein Spiel¬
1830 2954 3056 3010 mann in Strophen, die sich fortschleppen wie die biblischen
1836 2988 3039 3058 Stammbäume, die Thaten des wunderbaren Mannes. Ein¬
1840 3030 2150 3105 Schneider sei
2153 3046 3040 3110 en Vortrag noch eine halbe Stunde for
1840 3075 2112 3140 Endlich, als
2176 3082 3001 3143 Ungeduld der Zuschauer aufs Höchste #
1824 3122 2110 3192 stiegen ist, er
2165 3121 2212 3173 it
2210 3130 3016 3194 der Menschheitserlöser in weißem Gewandi
1828 3165 2092 3226 einen Kranz
2171 3171 3012 3234 Rosen im goldenen Haar. Nun, meint mar
1831 3207 2093 3265 wird er i
2168 3211 3025 3281 önigsschloß eilen und die Prinzessin retten
1815 3248 2083 3316 Weit gese
2153 3258 3025 3330 Die neue Bühnentechnik, die mit dem red
1824 3298 2076 3356 seligen M
2140 3306 3034 3364 rama aufgekommen, hat es nicht so eilig
1821 3341 2056 3402 Hans lä
2159 3347 3018 3409 zunächst mit einer Deputation von Raths
1826 3387 2052 3443 herren
2144 3395 3046 3452 langes Gespräch über Tod und Leben, über
1828 3430 2054 3485 Menscher
2126 3445 3035 3497 id Erdenschicksal ein. Und drinnen im Königs¬
1835 3472 2049 3532 schloß sti¬
2126 3486 3031 3540 Prinzessin ruhig weiter. Dann wird Hans
1831 3512 2048 3574 vom älte
2076 3521 3029 3576 lathsherrn auf den unanständigen Gedanken ges
1820 3552 2066 3615 bracht, d
2065 3564 3037 3612 ungen Mädchen, die ihm mit Blumen entgegen¬
1821 3615 3032 3671 gekommer Eine nach der Anderen abzuküssen. Auch das geht
1819 3653 3027 3703 nicht ohn bedeutende Reden von Statten. Und drinnen stirbt
1814 3687 3036 3765 noch immer die Prinzessin=Elsa. Endlich wird es dem alten
1821 3741 3035 3794 König zu viel, er kommt in Krone und Purpur aus dem
1827 3782 3030 3829 Schloß heraus und wendet sich mit einer energischen Be¬
1814 3825 3019 3884 wegung an den gesprächigen Doktor: Aber ich bitte Sie, um
1820 3865 2155 3936 Himmelswillen —
1899 3905 3031 3994 Und doch, man sollte, wie hier schon von anderer Seite
1809 3967 3014 4012 hervorgehoben, diesen Dichter nicht entmuthigen, denn er
1816 4004 3029 4075 meint es gut. Er will ernstlich Großes schaffen, und wenn
1811 4053 3020 4122 man ihn mit der Plejade der Stückeschmiede vergleicht,
1795 4093 3012 4147 welche die moderne Bühne gepachtet haben, so empfindet man
