3392 4352
1004 209 1440 296 box 14/6
381 217 855 283 Paracelsus
116 220 847 325 9.1. 1
618 454 1082 535 Telephon 12801.
228 535 1466 618 Alex. Weigl’s Unternehmen für Zeitungs-Ausschnitte
472 605 1471 752 „OBSERVEP“ 1
1302 661 1549 745 Nr. 91
1098 688 1165 754 1
133 738 1556 816 I. österr. behördi. conc. Bureau für Zeitungsberichte u. Personalnachrichtt
364 816 1371 899 Wien, IX/1, Türkenstrasse 17.
544 873 1194 957 - Filiale in Erdapest: „Figyelö“ —
139 960 1551 1014 Vertretungen in Berlin, Chicago, Geuf, London, Newyork, Paris, Rom, Stockhol
792 998 1369 1139 bis . Sr), Dolzan
143 1083 663 1170 Ausschnitt aus:
151 1226 675 1312 1 779 2
561 1524 1124 1610 Schiller=Theater.
445 1594 1317 1665 Dus Schiller=Theater veranstaltete gestern, dem
371 1652 1300 1702 Zuge der Zeit folgend, einen Einakter=Abend, der
356 1686 1317 1736 iim Großen und Ganzen einen schönen Verlauf
353 1717 1303 1779 fnahm. Die auserwählten Stücke sind sämmtlich an
372 1769 1301 1811 anderer Stelle schon mebrfach aufgeführt und auf
371 1799 1304 1846 ihre Wirksamkeit erprobi, und so konnte auch die
364 1837 1304 1887 Inscenirung und Darstellung eine bereits vorge¬
369 1867 1318 1916 zeichnete Bahn einschlagen. Die Komödie von
370 1905 1302 1967 Max Dreyer, „Unter blonden Bestien",
368 1952 1289 1994 machte den Anfang, verpuffte aber unter der un¬
267 1987 1300 2035 50; gezogenen Unruhe des Hauses und an der Unzu¬
157 1991 253 2054 Für
1361 1986 1556 2059 inclusive
374 2008 1308 2085 länglichkeit des Herr Georg Paeschke, der das
1383 2041 1542 2091 Porto.
366 2063 1297 2115 thöricht verliebte Zappelmännchen und Geigeelein
255 2076 368 2120 200
1368 2075 1548 2129 Zahlbar
379 2092 1306 2138 zu spielen hatte. Sehr peinlich berührte dieses un¬
262 2111 361 2158 500
365 2092 1552 2197 reif würgende Spielen mit der zeschmeidig geist= I] im Veram
191 2142 367 2214 „ 1000
367 2183 1517 2244 reichen Rolle und das höchst durftige Sprecher= sehnitte ist
280 2196 364 2253 Im
372 2217 1292 2253 talent besagten Darstellers, der überhaupt gestern
1288 2217 1543 2288 ich steht es g
152 2248 1284 2300 Abennemer einen unglücklichen Abend hatte. Nur die blond¬
1297 2267 1485 2331 ändern.
159 2285 1293 2338 Abonnente mächtige Holstenfigur des Herrn Pategg kam dem
367 2320 1301 2382 Geist der scherzhaft frischen Komödie nahe. Dann
1306 2328 1540 2403 enthaltend
282 2367 1298 2409 Der wurde es besser. Zwar wurde auch der weich¬
1299 2388 1557 2440 r Morge
154 2399 1293 2454 Inhaltsan, säuselnde Stimmungsgehalt von Hugo von Hof¬
1304 2428 1546 2479 iener Zeitun
171 2437 1291 2488 blätte mannsthals Todtentanzdichtung „Der Thorund
1303 2468 1546 2521 wirthschaftli
372 2472 1284 2523 der Tod“ nicht zur Genüge ausgeschöpft, aber
169 2486 364 2536 wodurch
1295 2510 1549 2568 ird. Diese M
375 2515 1289 2562 es wehte doch wenigstens ein geheimnßvolles Etwas
170 2518 365 2572 Leben de
374 2542 1299 2586 durch die Scene, ahndevoll vom Todesschauer um¬
169 2558 359 2623 theilunger
373 2585 1295 2635 raunt. Herr Lettinger sprach die zartschmelzenden
364 2623 1296 2683 Verse schön und würdig, doch das war nur ein
368 2663 1299 2723 Sprechen, dem die Untertöne des dekadenten Em¬
363 2692 1299 2753 pfindens nicht voll zu Gebote standen. So eine
369 2735 1305 2799 Dichtung liest sich übrigens besser im stillen Kämmer¬
363 2763 1295 2819 lein, als sie sich leibhaftig darstellen läßt. Herr
371 2811 1294 2875 Albert Steinruck erreichte als Fiedler Tod beinahe
369 2844 1297 2909 den großen stillen Zug und Fräulein Mallinger
361 2892 1297 2945 zauberte im somnambulen Gretchenton den hold¬
368 2925 1289 2971 seligen Liebreiz des todten Mädchens herbei in ihrer
363 2956 1294 3020 schwermuthsvollen Naivetät. Nun aber gings auf
363 2995 1297 3056 die Höhe des Abends. Ein volles Gelingen um¬
1247 3043 1294 3080 1
361 3034 1274 3093 blühte das geistvolle Versspiel „Paracelsus“
361 3067 1300 3131 von Arthur Schnitzler, die weitans werthvollste
355 3106 1296 3172 Gabe des Einakter=Cyklus. Herr Lettinger führte
365 3138 1294 3209 das geistesüberlegene Spielen des Wunderdoktors
357 3187 1289 3245 mit dem Basler Spießbürgerthum mit fester Hand
356 3227 1281 3284 zum Ziel. Herr Pategg gab sich in dem breit¬
353 3260 1287 3324 behäbigen Waffenschmied Cyprian aus seiner ganzen
358 3297 1289 3347 vierschrötig humorvollen Natur, Fräulein Marianne
358 3328 1288 3382 Wulf entschleierte mit zarten lichten Pulsen den
368 3369 1291 3434 Seelenreiz des hochgearteten Eheweibes Justina
359 3415 1291 3482 und Herr Kirschner, der Stadtarzt, spreizte die
356 3445 1272 3502 selbstgefällige Dummheit des approbirten Quack¬
357 3483 1280 3550 salbers in der entsprechend grobkörnigen Bravour.
350 3523 1281 3588 Ueberhaupt war das ganze Bühnenbild von einer
349 3562 1285 3628 klaren Schönheit. Das liebenswürdige Lustspiel
355 3611 1283 3669 „Post festum“ von Ernst Wichert machte den
349 3631 1283 3708 Beschluß und fröhlichen Kehraus. Da waren die
364 3673 1282 3743 Schillertheaterleute in ihrem eigensten Fahrwasser.,
350 3714 1256 3770 Herr Rickelt polterte den alten General in all
352 3741 1276 3826 seiner brummstimmigen Behäbigkeit, Elisabets
367 3788 1282 3859 Scholz sekundirte harmonisch als Generalin, Else
357 3810 1282 3892 Wasa plauderte und Marie Mallinger zwiischerte
359 3860 1288 3926 sich in die Verlobung hinein und Hans Kuhnert
361 3900 1273 3967 gab den eckigen, allmählich aufthauenden Professor
355 3936 1282 4015 aus dem Brustton seines besten Könnens. Es war
350 3962 713 4032 wirklich sehr nett.
2058 642 2530 734 Telephon 12801.
1689 751 2903 821 Alex. Weigl’s Unternenmen für Zeitungs-Ausschnitte
2511 789 2918 894 Dee Ausschultt
2725 851 2979 940 Nr. 89
1915 857 2574 947 „OBSENVEN
1574 921 3014 1017 I. österr. behördl. conc. Bureau für Zeitungsberichte u. Personalnachrichten
1801 995 2802 1070 Wien, IX/1, Türkenstrasse 17.
1990 1071 2632 1148 Filiale in Budepest: „Figyelö“.-
1585 1107 3029 1221 Vertretungen in Berlin, Chicago, Genf, Lendon, Newyork, Paris, Rom, Stockholn,
2277 1180 2888 1291 Serhnerageblatt
1579 1280 2126 1361 Ausschnitt aus:
1890 1402 2209 1486 –—20 2
1598 1438 1882 1501 vom:
1730 1743 2903 1828 *. P. Der Einakterabend des Schiller=Theaters bot gestern
1664 1765 2904 1861 eine bunte Schüssel, in der für jeden Geschmack etwas zu finden
1668 1812 1798 1856 war.
1798 1818 2907 1900 Freilich Max Dreyer, Hugo v. Hofmannsthal. Arthur
1671 1853 2899 1945 Schnitzler und Ernst Wichert hinter einander, das ist ein bischen
1663 1887 2897 1972 viel des Euten, und ein Zuviel für unsere Eindrucksfähigkeit. Wicherts
1669 1926 2895 2013 „Post festum“ war auch in Anbetracht der vorgerückten Stunde wirklich
1666 1961 2898 2053 ein überflässiger Spätling. Aber gelacht wurde im Publikum herzlich
1664 1994 2901 2087 darüber, Hans Kuhnert gab den zerstreuten Professor mit
1663 2027 2898 2122 liebenswürdiger Glaubhaftigkeit, Gustav Rickelt und Elisabeth
1669 2077 2888 2159 Scholtz war ein sehr würdiges und gemüthliches Elternypaar
1656 2106 2894 2189 und Marie Mallinger eine anmuthige schalkhafte Tochter.
1660 2145 3024 2234 Auch Dreyers „Unter hlonden Bestien“ wurde flott heruntergespielt. lusive
1617 2192 2993 2266 „ Else Wasa gab die junge Frau mit Geist und Feinheit, in ihrer orto.
1656 2220 3009 2316 Lektion an den zudringlichen Liebhaber (Georg Paeschke) vergaß sie zhlbar
1650 2255 3032 2358 nicht ihre Würde und Vornehmheit, und Max Pategg als ihr Voraus.
1653 2292 2880 2382 vertrauensseliger Ehegatte hatte bei dem Bericht vom Attentat des
1642 2331 3054 2410 heißblütigen Musikers auf seine Hausehre ein so herzhaftes, gesundes ist das
1641 2375 2626 2436 Lachen, wie es nur den wahrhaft Glücklichen eigen ist.
2844 2401 3065 2469 ht es den
1704 2410 2927 2503 Zwischen diesen beiden realistischen Stücken nun Hofmannsthals ru.
1611 2438 2881 2532 Akeingestimmtes romantisch=philosophisches Versdrama „Der Thor und
1621 2482 2859 2566 eder Tod.“ Gewiß läßt sich über die Aufführbarkeit streiten,
1647 2520 3073 2599 Manche werden den höheren Genuß nur im Lesen des Werkez iltend die
1635 2561 3059 2642 finden. Aber wenn auch Rudolph Lettinger, der mit Verständniß die orgen¬
1628 2594 3057 2675 „Berse sprach, vielleicht durch die Schuld seines etmas spröden Zeitung")
1764 2633 3064 2714 s die poetische Wirkung nicht ganz auszuschöpfen schattliche
1768 2667 3065 2750 hte, so war doch Albert Steinrück trefflich als Tod in seinem Diese Mit¬
1763 2711 2865 2794 igen schlichten Pathos und die Inszenesetzung des Stückes eine
1760 2743 2960 2842 rbar stimmungsvolle so vaß ein tiefer Eindruck blieb.
1703 2785 2870 2881 Schnitzlers anmuthiges satirisches Versspiel „Paracelsus“ weckte
1626 2840 2856 2922 gleichfalls reichen Beifall. Max Pategg als biderber, auf
1639 2856 2132 2921 sein häusliches Glück
2143 2884 2864 2960 pochender Waffenschmied Cyprian,
1638 2898 2105 2960 Marianne Wulf als
2106 2918 2860 2983 seine anmuthsvolle Gattin Justina,
1625 2926 2865 3006 Margarethe Horwitz als liebliche Cäcilia und Max Kirschner
1632 2975 2869 3068 als aufgeblasener Medikus waren alle an ihrem Platze. Georg
1631 3008 2847 3097 Paeschke hätte den verliebten Junker leichtblütiger auflassen können.
1633 3046 2837 3127 Alles, was Rudolph Lettinger als Clandio schuldig geblieben
1622 3089 2831 3171 war, gab er reichlich als Paracelsus, eine Gestalt voll innerer
1617 3131 2855 3218 Kraft, voll Feinheit im Spott und geistiger Ueberlegenheit, wirklich
1615 3154 2844 3237 der Arzt bis in die Fingerspitzen, der die Seelen wie, die Körper
1626 3190 2863 3297 heilt und die Beleidigungen nur mit dem leisen Spott des Weisen
1603 3233 2865 3338 straft. Von dem vielen Beifall des Abends kam daher der reichste
1617 3262 2027 3328 au' Schnitzlers Werk.
