<?xml version="1.0" encoding="UTF-8" standalone="yes"?>
<PcGts xmlns="http://schema.primaresearch.org/PAGE/gts/pagecontent/2013-07-15" xmlns:xsi="http://www.w3.org/2001/XMLSchema-instance" xsi:schemaLocation="http://schema.primaresearch.org/PAGE/gts/pagecontent/2013-07-15 http://schema.primaresearch.org/PAGE/gts/pagecontent/2013-07-15/pagecontent.xsd">
    <Metadata>
        <Creator>prov=University of Rostock/Institute of Mathematics/CITlab/Gundram Leifert/gundram.leifert@uni-rostock.de:name=ONB_Newseye_GT_M1+(htr_id=10810)::::v=2.4.2
prov=University of Rostock/Institute of Mathematics/CITlab/Tobias Gruening/tobias.gruening@uni-rostock.de:name=de.uros.citlab.module.baseline2polygon.B2PSeamMultiOriented:v=2.4.2
prov=University of Rostock/Institute of Mathematics/CITlab/Tobias Gruening/tobias.gruening@uni-rostock.de:name=/mnt/transkribus/LA/DEA/URO/LA_news_onb_att.pb:de.uros.citlab.segmentation.CITlab_LA_ML:v=2.4.2
Transkribus</Creator>
        <Created>2019-10-07T11:44:35.355+02:00</Created>
        <LastChange>2019-10-08T17:28:52.893+02:00</LastChange>
        <TranskribusMetadata docId="223989" pageId="9502448" pageNr="67" tsid="16604176" status="IN_PROGRESS" userId="40391" imgUrl="https://files.transkribus.eu/Get?id=COXFOFORJPRDYXTLNGICGEJT&amp;fileType=view" xmlUrl="https://files.transkribus.eu/Get?id=AJCTXAENURFOGFFFWAQGMWFT" imageId="6192666"/>
    </Metadata>
    <Page imageFilename="223989_0067.jpeg" imageWidth="3392" imageHeight="4352">
        <ReadingOrder>
            <OrderedGroup id="ro_1711446997292" caption="Regions reading order">
                <RegionRefIndexed index="0" regionRef="r1"/>
                <RegionRefIndexed index="1" regionRef="r2"/>
            </OrderedGroup>
        </ReadingOrder>
        <TextRegion orientation="0.0" id="r1" custom="readingOrder {index:0;}">
            <Coords points="186,179 186,4122 2740,4122 2740,179"/>
            <TextLine id="r1l1" custom="readingOrder {index:0;}">
                <Coords points="1227,205 1324,212 1375,234 1414,211 1460,209 1480,224 1511,210 1551,234 1584,212 1674,211 1674,156 1634,138 1574,152 1462,136 1440,152 1330,166 1275,140 1226,165"/>
                <Baseline points="1237,207 1262,206 1287,206 1312,205 1337,204 1362,204 1387,204 1412,204 1437,204 1462,204 1487,204 1512,204 1537,204 1562,203 1587,203 1612,202 1637,201 1663,199"/>
                <TextEquiv>
                    <Unicode>box 14/7</Unicode>
                </TextEquiv>
            </TextLine>
            <TextLine id="r1l2" custom="readingOrder {index:1;}">
                <Coords points="592,207 717,222 1070,217 1069,155 1039,164 1016,144 900,167 856,150 803,172 741,146 702,162 591,161"/>
                <Baseline points="602,207 627,208 652,209 678,209 703,209 728,209 754,209 779,209 805,209 830,208 855,208 881,208 906,207 932,207 957,206 982,206 1008,206 1033,206 1059,206"/>
                <TextEquiv>
                    <Unicode>Gefaehrtin</Unicode>
                </TextEquiv>
            </TextLine>
            <TextLine id="r1l3" custom="readingOrder {index:2;}">
                <Coords points="443,220 511,220 511,145 500,145 482,159 478,156 476,159 465,150 443,152"/>
                <Baseline points="453,210 501,210"/>
                <TextEquiv>
                    <Unicode>1</Unicode>
                </TextEquiv>
            </TextLine>
            <TextLine id="r1l4" custom="readingOrder {index:3;}">
                <Coords points="175,227 558,265 600,239 1111,241 1112,166 1013,205 890,185 610,211 549,168 455,209 295,149 258,180 176,159"/>
                <Baseline points="186,209 231,215 277,219 323,223 368,226 414,229 460,230 505,232 551,233 597,233 643,233 688,233 734,233 780,232 825,232 871,231 917,230 962,230 1008,229 1054,229 1100,229"/>
                <TextEquiv>
                    <Unicode>9.2  an</Unicode>
                </TextEquiv>
            </TextLine>
            <TextLine id="r1l5" custom="readingOrder {index:4;}">
                <Coords points="954,557 2739,542 2710,472 955,489"/>
                <Baseline points="966,537 1054,535 1142,534 1230,533 1318,533 1406,532 1494,532 1582,533 1670,533 1758,534 1846,534 1934,535 2022,535 2110,536 2198,537 2286,537 2374,537 2462,537 2550,537 2638,537 2727,536"/>
                <TextEquiv>
                    <Unicode>Chor, nur das tote Objekt, gegen weichen Ton, aber auch nicht durchweg.</Unicode>
                </TextEquiv>
            </TextLine>
            <TextLine id="r1l6" custom="readingOrder {index:5;}">
                <Coords points="956,578 1844,588 1844,544 1700,527 1582,550 1515,527 956,538"/>
                <Baseline points="968,578 1011,578 1054,578 1097,578 1141,578 1184,578 1227,577 1270,577 1314,577 1357,577 1400,576 1443,576 1487,575 1530,575 1573,574 1616,574 1660,573 1703,573 1746,572 1789,572 1833,571"/>
                <TextEquiv>
                    <Unicode>das hin Sauer sprechen mußte. Eine über¬</Unicode>
                </TextEquiv>
            </TextLine>
            <TextLine id="r1l7" custom="readingOrder {index:6;}">
                <Coords points="1857,586 2738,592 2718,537 1857,547"/>
                <Baseline points="1869,577 1914,578 1959,579 2004,579 2049,580 2095,580 2140,580 2185,580 2230,580 2275,580 2321,580 2366,580 2411,579 2456,579 2501,579 2547,579 2592,578 2637,578 2682,578 2728,578"/>
                <TextEquiv>
                    <Unicode>Ida Orloff aber, die der Hannele Qual</Unicode>
                </TextEquiv>
            </TextLine>
            <TextLine id="r1l8" custom="readingOrder {index:7;}">
                <Coords points="948,637 1838,627 1838,586 1756,597 1719,573 948,578"/>
                <Baseline points="959,623 1002,623 1045,623 1089,623 1132,623 1176,623 1219,623 1262,622 1306,622 1349,621 1393,621 1436,620 1479,620 1523,620 1566,619 1610,618 1653,618 1696,618 1740,617 1783,617 1827,617"/>
                <TextEquiv>
                    <Unicode>##flüsige und schädliche Person also auf die</Unicode>
                </TextEquiv>
            </TextLine>
            <TextLine id="r1l9" custom="readingOrder {index:8;}">
                <Coords points="1858,628 2739,637 2739,593 2675,582 1858,580"/>
                <Baseline points="1869,623 1912,623 1955,622 1998,622 2041,622 2084,622 2127,622 2170,622 2213,622 2256,622 2299,622 2342,622 2385,622 2428,622 2471,622 2514,622 2557,622 2600,621 2643,621 2686,620 2729,619"/>
                <TextEquiv>
                    <Unicode>und Erdenschwere und Verzweiflung meisterte,</Unicode>
                </TextEquiv>
            </TextLine>
            <TextLine id="r1l10" custom="readingOrder {index:9;}">
                <Coords points="957,670 1841,685 1840,628 1772,619 957,635"/>
                <Baseline points="969,665 1012,666 1055,667 1098,667 1141,667 1184,668 1227,667 1270,667 1313,667 1356,667 1399,666 1442,666 1485,665 1528,664 1571,664 1614,663 1657,662 1700,662 1743,661 1786,660 1829,660"/>
                <TextEquiv>
                    <Unicode>Dichtung hin betrachtet. Nur Gelegenheit und</Unicode>
                </TextEquiv>
            </TextLine>
            <TextLine id="r1l11" custom="readingOrder {index:10;}">
                <Coords points="1850,681 2028,665 2120,689 2272,660 2722,685 2735,641 1849,619"/>
                <Baseline points="1861,666 1904,667 1947,668 1990,669 2033,669 2076,670 2119,670 2162,670 2205,669 2248,669 2292,669 2335,668 2378,668 2421,667 2464,667 2507,667 2550,667 2593,667 2636,667 2679,667 2723,667"/>
                <TextEquiv>
                    <Unicode>versagte völlig in den heiteren Gefilden. Ein</Unicode>
                </TextEquiv>
            </TextLine>
            <TextLine id="r1l12" custom="readingOrder {index:11;}">
                <Coords points="950,721 1844,721 1844,690 1802,666 949,670"/>
                <Baseline points="961,711 1004,712 1048,712 1091,712 1135,712 1179,712 1222,712 1266,711 1309,711 1353,710 1397,709 1440,709 1484,708 1527,707 1571,707 1615,707 1658,707 1702,707 1745,708 1789,709 1833,710"/>
                <TextEquiv>
                    <Unicode>also Verlegenheit. Als Schauspielerin ganz</Unicode>
                </TextEquiv>
            </TextLine>
            <TextLine id="r1l13" custom="readingOrder {index:12;}">
                <Coords points="1861,716 2747,726 2746,671 1861,680"/>
                <Baseline points="1873,709 1916,710 1959,712 2002,713 2045,713 2088,713 2131,713 2175,713 2218,712 2261,711 2304,711 2347,710 2390,709 2433,708 2477,708 2520,707 2563,707 2606,708 2649,708 2692,709 2736,711"/>
                <TextEquiv>
                    <Unicode>gleichmäßiges, quarrendes Kleinkindersingen, ein</Unicode>
                </TextEquiv>
            </TextLine>
            <TextLine id="r1l14" custom="readingOrder {index:13;}">
                <Coords points="955,770 1814,764 1842,757 1842,713 954,722"/>
                <Baseline points="966,757 1009,756 1052,756 1095,756 1139,755 1182,755 1225,754 1269,754 1312,753 1355,753 1399,752 1442,751 1485,751 1528,751 1572,750 1615,750 1658,750 1702,749 1745,749 1788,749 1832,750"/>
                <TextEquiv>
                    <Unicode>braver Durchschnitt (bis auf die unerträglichen</Unicode>
                </TextEquiv>
            </TextLine>
            <TextLine id="r1l15" custom="readingOrder {index:14;}">
                <Coords points="1860,758 2003,777 2049,753 2653,752 2739,778 2739,717 2688,712 1860,718"/>
                <Baseline points="1871,751 1913,752 1956,752 1999,753 2042,753 2085,753 2128,753 2170,753 2213,753 2256,753 2299,753 2342,752 2385,752 2428,752 2470,752 2513,752 2556,751 2599,751 2642,752 2685,752 2728,752"/>
                <TextEquiv>
                    <Unicode>starrer, bildhafter Reigenschritt vermögen die</Unicode>
                </TextEquiv>
            </TextLine>
            <TextLine id="r1l16" custom="readingOrder {index:15;}">
                <Coords points="1857,807 2672,798 2749,822 2749,776 2652,752 2535,776 2487,752 1857,757"/>
                <Baseline points="1869,795 1912,795 1956,795 1999,795 2043,795 2086,795 2130,795 2173,795 2217,795 2260,795 2304,795 2347,795 2391,795 2434,795 2478,795 2521,795 2565,795 2608,795 2652,795 2695,794 2739,794"/>
                <TextEquiv>
                    <Unicode>frohen, erhabenen, teilweise sogar erotischen</Unicode>
                </TextEquiv>
            </TextLine>
            <TextLine id="r1l17" custom="readingOrder {index:16;}">
                <Coords points="941,813 1844,801 1844,757 1033,773 941,749"/>
                <Baseline points="951,798 995,799 1039,799 1083,799 1127,799 1171,799 1215,798 1259,798 1303,797 1347,797 1391,796 1435,795 1479,795 1523,794 1567,794 1611,793 1655,793 1699,793 1743,793 1787,793 1832,794"/>
                <TextEquiv>
                    <Unicode>Mundverzerrungen), aber ewiges Unterstreichen.</Unicode>
                </TextEquiv>
            </TextLine>
            <TextLine id="r1l18" custom="readingOrder {index:17;}">
                <Coords points="1843,842 2746,856 2746,816 2672,798 2581,820 2544,798 1843,809"/>
                <Baseline points="1855,835 1899,835 1943,835 1987,835 2031,835 2075,835 2119,835 2163,836 2207,836 2251,836 2295,836 2339,836 2383,836 2427,836 2471,836 2515,837 2559,837 2603,837 2647,837 2691,837 2736,837"/>
                <TextEquiv>
                    <Unicode>Märchen= und Christusphantasien nicht zu be¬</Unicode>
                </TextEquiv>
            </TextLine>
            <TextLine id="r1l19" custom="readingOrder {index:18;}">
                <Coords points="954,847 1850,846 1837,800 954,801"/>
                <Baseline points="965,843 1008,842 1052,842 1096,841 1139,840 1183,840 1227,839 1270,839 1314,839 1358,839 1402,838 1445,838 1489,838 1533,838 1576,837 1620,837 1664,837 1707,836 1751,836 1795,835 1839,834"/>
                <TextEquiv>
                    <Unicode>Wenn das Gewitter in schwüler Spannung eben</Unicode>
                </TextEquiv>
            </TextLine>
            <TextLine id="r1l20" custom="readingOrder {index:19;}">
                <Coords points="1856,894 2748,894 2748,857 2682,841 1856,845"/>
                <Baseline points="1868,876 1911,877 1954,877 1998,877 2041,878 2085,878 2128,878 2171,879 2215,879 2258,879 2302,880 2345,880 2388,880 2432,880 2475,880 2519,880 2562,880 2605,879 2649,879 2692,879 2736,878"/>
                <TextEquiv>
                    <Unicode>leben. Am schlimmsten sündigte Heinz Mo¬</Unicode>
                </TextEquiv>
            </TextLine>
            <TextLine id="r1l21" custom="readingOrder {index:20;}">
                <Coords points="961,904 1822,889 1839,840 960,845"/>
                <Baseline points="972,887 1014,887 1057,886 1100,886 1143,886 1186,885 1229,885 1271,884 1314,884 1357,883 1400,883 1443,882 1486,881 1529,881 1571,880 1614,879 1657,878 1700,877 1743,876 1786,875 1829,874"/>
                <TextEquiv>
                    <Unicode>sich anbahnt, hebt sie die Augen auf und faltet</Unicode>
                </TextEquiv>
            </TextLine>
            <TextLine id="r1l22" custom="readingOrder {index:21;}">
                <Coords points="1855,928 2611,921 2747,951 2747,894 2668,883 1855,893"/>
                <Baseline points="1866,919 1909,920 1953,920 1996,921 2040,922 2083,923 2127,923 2170,923 2214,923 2257,923 2301,923 2344,923 2388,923 2431,923 2475,922 2518,922 2562,921 2605,921 2649,920 2692,919 2736,919"/>
                <TextEquiv>
                    <Unicode>nard. Er verstand es, den Christus aller</Unicode>
                </TextEquiv>
            </TextLine>
            <TextLine id="r1l23" custom="readingOrder {index:22;}">
                <Coords points="963,949 1810,935 1843,930 1843,897 962,903"/>
                <Baseline points="973,929 1016,929 1059,928 1102,928 1145,928 1188,927 1231,927 1274,927 1317,927 1360,926 1403,926 1446,925 1489,925 1532,925 1575,924 1618,924 1661,923 1704,923 1747,922 1790,921 1833,920"/>
                <TextEquiv>
                    <Unicode>die Hände: „Paßt auf! Jetzt schlägt's gleich</Unicode>
                </TextEquiv>
            </TextLine>
            <TextLine id="r1l24" custom="readingOrder {index:23;}">
                <Coords points="1853,966 2747,976 2747,925 2095,921 1996,946 1853,926"/>
                <Baseline points="1865,964 1908,964 1952,964 1995,964 2039,964 2082,965 2126,965 2169,965 2213,965 2256,965 2300,965 2344,965 2387,965 2431,965 2474,965 2518,965 2561,964 2605,964 2648,964 2692,963 2736,962"/>
                <TextEquiv>
                    <Unicode>Milde und demütigen Herrscherkraft zu ent¬</Unicode>
                </TextEquiv>
            </TextLine>
            <TextLine id="r1l25" custom="readingOrder {index:24;}">
                <Coords points="963,988 1060,964 1109,988 1849,973 1848,931 1791,927 963,929"/>
                <Baseline points="974,973 1017,971 1060,970 1103,969 1146,969 1190,968 1233,968 1276,968 1319,968 1362,968 1406,968 1449,968 1492,968 1535,968 1578,968 1622,968 1665,968 1708,967 1751,966 1794,965 1838,964"/>
                <TextEquiv>
                    <Unicode>ein!“ Aber Stimmungen, wie sie hier geboten</Unicode>
                </TextEquiv>
            </TextLine>
            <TextLine id="r1l26" custom="readingOrder {index:25;}">
                <Coords points="1854,1007 2744,1018 2744,961 1854,965"/>
                <Baseline points="1865,1006 1908,1005 1951,1005 1995,1005 2038,1006 2081,1006 2125,1006 2168,1006 2211,1007 2255,1007 2298,1007 2341,1007 2385,1008 2428,1008 2471,1008 2515,1008 2558,1008 2601,1007 2645,1007 2688,1006 2732,1006"/>
                <TextEquiv>
                    <Unicode>kleiden und setzte die Zipfelmütze des behäbigen</Unicode>
                </TextEquiv>
            </TextLine>
            <TextLine id="r1l27" custom="readingOrder {index:26;}">
                <Coords points="960,1036 1825,1023 1847,970 959,972"/>
                <Baseline points="971,1014 1014,1013 1057,1012 1100,1011 1144,1011 1187,1011 1230,1011 1274,1011 1317,1011 1360,1011 1404,1011 1447,1011 1490,1011 1533,1011 1577,1011 1620,1011 1663,1010 1707,1009 1750,1008 1793,1006 1837,1004"/>
                <TextEquiv>
                    <Unicode>wurden, lassen sich selbst mit tölpelhaften Keulen</Unicode>
                </TextEquiv>
            </TextLine>
            <TextLine id="r1l28" custom="readingOrder {index:27;}">
                <Coords points="1853,1061 2742,1049 2742,1018 2707,1014 1853,1014"/>
                <Baseline points="1863,1049 1906,1049 1949,1049 1993,1049 2036,1050 2080,1050 2123,1050 2166,1051 2210,1051 2253,1052 2297,1052 2340,1052 2383,1052 2427,1053 2470,1052 2514,1052 2557,1052 2600,1051 2644,1050 2687,1049 2731,1048"/>
                <TextEquiv>
                    <Unicode>Spießbürgertums an Stelle der schmerzhaft</Unicode>
                </TextEquiv>
            </TextLine>
            <TextLine id="r1l29" custom="readingOrder {index:28;}">
                <Coords points="956,1054 1152,1074 1850,1049 1849,1014 1772,1010 1279,1034 955,1014"/>
                <Baseline points="967,1059 1010,1058 1054,1057 1097,1057 1141,1056 1185,1055 1228,1055 1272,1055 1315,1054 1359,1054 1403,1054 1446,1054 1490,1054 1533,1053 1577,1053 1621,1053 1664,1053 1708,1052 1751,1051 1795,1051 1839,1050"/>
                <TextEquiv>
                    <Unicode>nicht ermorden. Die täppisch=brutale Realistin</Unicode>
                </TextEquiv>
            </TextLine>
            <TextLine id="r1l30" custom="readingOrder {index:29;}">
                <Coords points="1859,1101 2418,1117 2746,1092 2720,1054 1859,1052"/>
                <Baseline points="1869,1094 1912,1094 1955,1095 1999,1095 2042,1095 2085,1095 2129,1095 2172,1095 2215,1095 2259,1095 2302,1095 2345,1095 2389,1095 2432,1095 2475,1095 2519,1095 2562,1095 2605,1096 2649,1096 2692,1097 2736,1098"/>
                <TextEquiv>
                    <Unicode>heiligen Dörnenkrone. Von gleicher Dürftigkeit!</Unicode>
                </TextEquiv>
            </TextLine>
            <TextLine id="r1l31" custom="readingOrder {index:30;}">
                <Coords points="966,1115 1827,1107 1849,1052 966,1060"/>
                <Baseline points="976,1100 1019,1100 1062,1100 1105,1100 1148,1100 1191,1099 1234,1099 1277,1099 1320,1099 1363,1098 1406,1098 1449,1098 1492,1097 1535,1097 1578,1096 1621,1096 1664,1095 1707,1094 1750,1094 1793,1093 1837,1092"/>
                <TextEquiv>
                    <Unicode>vermochte dem fast mystisch wirkenden Propheten</Unicode>
                </TextEquiv>
            </TextLine>
            <TextLine id="r1l32" custom="readingOrder {index:31;}">
                <Coords points="1854,1151 2301,1142 2330,1164 2618,1137 2739,1159 2740,1117 1854,1096"/>
                <Baseline points="1866,1141 1909,1140 1952,1139 1995,1139 2038,1138 2081,1138 2124,1138 2167,1138 2210,1138 2253,1139 2297,1139 2340,1139 2383,1140 2426,1140 2469,1141 2512,1141 2555,1141 2598,1142 2641,1142 2684,1142 2728,1142"/>
                <TextEquiv>
                    <Unicode>war die Ausstättung. Wenn Ludwig von</Unicode>
                </TextEquiv>
            </TextLine>
            <TextLine id="r1l33" custom="readingOrder {index:32;}">
                <Coords points="969,1151 1117,1159 1174,1132 1311,1157 1659,1135 1846,1156 1846,1099 969,1113"/>
                <Baseline points="980,1146 1022,1146 1065,1145 1108,1144 1150,1144 1193,1143 1236,1143 1278,1142 1321,1142 1364,1142 1407,1142 1449,1141 1492,1141 1535,1141 1577,1141 1620,1141 1663,1141 1705,1141 1748,1141 1791,1141 1834,1140"/>
                <TextEquiv>
                    <Unicode>der Lehre des Schweigens ernstlich nicht zu</Unicode>
                </TextEquiv>
            </TextLine>
            <TextLine id="r1l34" custom="readingOrder {index:33;}">
                <Coords points="1857,1197 2623,1179 2742,1201 2742,1159 2497,1138 1856,1155"/>
                <Baseline points="1867,1185 1910,1184 1953,1183 1996,1183 2039,1182 2083,1182 2126,1182 2169,1182 2212,1182 2255,1182 2299,1182 2342,1182 2385,1182 2428,1182 2471,1182 2515,1181 2558,1181 2601,1180 2644,1179 2687,1178 2731,1177"/>
                <TextEquiv>
                    <Unicode>Hofmanns Mitarbeit, von der die Vor¬</Unicode>
                </TextEquiv>
            </TextLine>
            <TextLine id="r1l35" custom="readingOrder {index:34;}">
                <Coords points="953,1207 1600,1180 1852,1201 1851,1146 1208,1157 1170,1131 1144,1158 1034,1160 952,1139"/>
                <Baseline points="965,1193 1008,1191 1052,1190 1096,1189 1140,1188 1183,1186 1227,1186 1271,1185 1315,1184 1358,1183 1402,1183 1446,1182 1490,1182 1533,1181 1577,1181 1621,1181 1665,1181 1708,1180 1752,1180 1796,1180 1840,1180"/>
                <TextEquiv>
                    <Unicode>schaden. Nur der letzte Sinn des Stückes zer¬</Unicode>
                </TextEquiv>
            </TextLine>
            <TextLine id="r1l36" custom="readingOrder {index:35;}">
                <Coords points="1862,1227 2710,1241 2750,1188 1862,1196"/>
                <Baseline points="1874,1227 1917,1227 1960,1227 2003,1227 2047,1227 2090,1227 2133,1227 2177,1226 2220,1226 2263,1226 2307,1226 2350,1225 2393,1225 2436,1225 2480,1225 2523,1224 2566,1224 2610,1224 2653,1224 2696,1224 2740,1224"/>
                <TextEquiv>
                    <Unicode>notizen sprachen, nichts anderes zuwege bringen</Unicode>
                </TextEquiv>
            </TextLine>
            <TextLine id="r1l37" custom="readingOrder {index:36;}">
                <Coords points="955,1237 1814,1237 1849,1230 1849,1184 955,1204"/>
                <Baseline points="965,1234 1008,1233 1052,1232 1096,1231 1139,1230 1183,1229 1227,1229 1270,1228 1314,1227 1358,1227 1402,1226 1445,1226 1489,1226 1533,1225 1576,1225 1620,1225 1664,1225 1707,1225 1751,1225 1795,1225 1839,1225"/>
                <TextEquiv>
                    <Unicode>Prach in ihren Händen. Die letzte Weihe der</Unicode>
                </TextEquiv>
            </TextLine>
            <TextLine id="r1l38" custom="readingOrder {index:37;}">
                <Coords points="1858,1270 2732,1284 2732,1245 2690,1231 1858,1224"/>
                <Baseline points="1868,1267 1910,1268 1953,1268 1995,1268 2038,1269 2081,1269 2123,1269 2166,1269 2209,1269 2251,1269 2294,1269 2337,1270 2379,1270 2422,1270 2465,1269 2507,1269 2550,1269 2593,1269 2635,1269 2678,1268 2721,1268"/>
                <TextEquiv>
                    <Unicode>konnte, als die Papierblumenpracht der zappeln¬</Unicode>
                </TextEquiv>
            </TextLine>
            <TextLine id="r1l39" custom="readingOrder {index:38;}">
                <Coords points="969,1283 1674,1263 1718,1284 1854,1274 1854,1243 1257,1223 968,1246"/>
                <Baseline points="979,1274 1022,1274 1065,1274 1108,1274 1151,1273 1195,1273 1238,1272 1281,1272 1324,1271 1367,1270 1411,1269 1454,1269 1497,1268 1540,1267 1583,1267 1627,1267 1670,1267 1713,1267 1756,1267 1799,1268 1843,1269"/>
                <TextEquiv>
                    <Unicode>Kunst aber blieb uns durch Sauer. — Aber</Unicode>
                </TextEquiv>
            </TextLine>
            <TextLine id="r1l40" custom="readingOrder {index:39;}">
                <Coords points="1854,1312 2350,1333 2647,1309 2742,1345 2742,1276 2002,1269 1943,1291 1855,1264"/>
                <Baseline points="1865,1309 1908,1309 1951,1309 1995,1309 2038,1309 2081,1310 2125,1310 2168,1310 2211,1311 2255,1311 2298,1311 2341,1312 2385,1312 2428,1312 2471,1313 2515,1313 2558,1313 2601,1313 2645,1314 2688,1314 2732,1314"/>
                <TextEquiv>
                    <Unicode>den Kinderengel, die Pfefferkuchenfiguren der</Unicode>
                </TextEquiv>
            </TextLine>
            <TextLine id="r1l41" custom="readingOrder {index:40;}">
                <Coords points="963,1327 1577,1309 1831,1332 1855,1277 963,1283"/>
                <Baseline points="973,1316 1016,1315 1060,1315 1103,1314 1147,1314 1191,1314 1234,1314 1278,1314 1321,1313 1365,1313 1409,1313 1452,1313 1496,1313 1539,1313 1583,1313 1627,1313 1670,1313 1714,1312 1757,1312 1801,1312 1845,1311"/>
                <TextEquiv>
                    <Unicode>warum Mathilde Sussin. Warum nicht</Unicode>
                </TextEquiv>
            </TextLine>
            <TextLine id="r1l42" custom="readingOrder {index:41;}">
                <Coords points="1860,1373 1955,1347 2157,1375 2241,1343 2399,1377 2432,1355 2591,1378 2743,1360 2743,1331 2646,1311 1860,1311"/>
                <Baseline points="1870,1350 1913,1351 1956,1352 1999,1353 2042,1353 2085,1354 2128,1354 2171,1355 2214,1355 2257,1355 2300,1356 2343,1356 2386,1356 2429,1357 2472,1357 2515,1357 2558,1357 2601,1357 2644,1357 2687,1357 2731,1357"/>
                <TextEquiv>
                    <Unicode>drei Lichtgestalten und den Schlafrock Jesu</Unicode>
                </TextEquiv>
            </TextLine>
            <TextLine id="r1l43" custom="readingOrder {index:42;}">
                <Coords points="967,1367 1700,1356 1848,1380 1828,1318 966,1327"/>
                <Baseline points="978,1358 1023,1358 1068,1358 1113,1358 1158,1358 1204,1358 1249,1358 1294,1358 1339,1358 1384,1358 1430,1358 1475,1358 1520,1358 1565,1358 1610,1357 1656,1357 1701,1357 1746,1356 1791,1355 1837,1354"/>
                <TextEquiv>
                    <Unicode>die ebenbürtige Gefährtin für diesen Professor</Unicode>
                </TextEquiv>
            </TextLine>
            <TextLine id="r1l44" custom="readingOrder {index:43;}">
                <Coords points="1867,1400 2701,1416 2750,1387 2750,1359 2433,1355 2402,1379 2252,1352 2019,1381 1957,1345 1867,1356"/>
                <Baseline points="1877,1396 1920,1397 1963,1397 2006,1398 2049,1398 2092,1398 2135,1398 2178,1398 2221,1398 2264,1398 2308,1399 2351,1399 2394,1399 2437,1399 2480,1399 2523,1400 2566,1400 2609,1400 2652,1401 2695,1402 2739,1403"/>
                <TextEquiv>
                    <Unicode>Christi, dann hätte auch diesmal Emil</Unicode>
                </TextEquiv>
            </TextLine>
            <TextLine id="r1l45" custom="readingOrder {index:44;}">
                <Coords points="963,1431 1210,1408 1287,1436 1403,1409 1505,1433 1555,1402 1734,1430 1791,1418 1791,1363 963,1372"/>
                <Baseline points="973,1405 1013,1403 1053,1402 1093,1401 1134,1401 1174,1401 1214,1401 1255,1401 1295,1401 1335,1402 1376,1402 1416,1402 1456,1402 1496,1402 1537,1402 1577,1402 1617,1401 1658,1400 1698,1398 1738,1397 1779,1394"/>
                <TextEquiv>
                    <Unicode>Pilgram, warum nicht Irene Triesch?</Unicode>
                </TextEquiv>
            </TextLine>
            <TextLine id="r1l46" custom="readingOrder {index:45;}">
                <Coords points="1866,1452 2745,1445 2745,1414 2578,1395 2505,1427 2408,1397 1866,1399"/>
                <Baseline points="1877,1436 1919,1436 1962,1437 2005,1437 2048,1438 2091,1438 2133,1439 2176,1440 2219,1440 2262,1441 2305,1441 2347,1442 2390,1442 2433,1443 2476,1443 2519,1444 2561,1444 2604,1445 2647,1445 2690,1445 2733,1446"/>
                <TextEquiv>
                    <Unicode>Lessing der Hilfe nicht bedurft. Im sieben¬</Unicode>
                </TextEquiv>
            </TextLine>
            <TextLine id="r1l47" custom="readingOrder {index:46;}">
                <Coords points="1008,1488 1845,1492 1845,1443 1783,1417 1424,1452 1345,1428 1008,1435"/>
                <Baseline points="1019,1484 1059,1484 1100,1484 1141,1484 1181,1484 1222,1484 1263,1484 1303,1485 1344,1485 1385,1485 1426,1485 1466,1485 1507,1486 1548,1485 1588,1485 1629,1485 1670,1485 1710,1484 1751,1483 1792,1482 1833,1481"/>
                <TextEquiv>
                    <Unicode>Dem Schnitzlerschen Einakter folgte das</Unicode>
                </TextEquiv>
            </TextLine>
            <TextLine id="r1l48" custom="readingOrder {index:47;}">
                <Coords points="1861,1484 2262,1513 2392,1481 2458,1508 2522,1485 2742,1498 2742,1452 2709,1447 1861,1449"/>
                <Baseline points="1872,1482 1915,1482 1958,1482 2001,1482 2044,1482 2087,1483 2130,1483 2173,1484 2216,1485 2259,1486 2302,1487 2345,1487 2388,1488 2431,1489 2474,1489 2517,1489 2560,1489 2603,1489 2646,1489 2689,1488 2732,1487"/>
                <TextEquiv>
                    <Unicode>ten Avmenhaushimmel hätte er sich auch allein</Unicode>
                </TextEquiv>
            </TextLine>
            <TextLine id="r1l49" custom="readingOrder {index:48;}">
                <Coords points="1859,1532 1947,1548 1984,1536 2008,1556 2068,1534 2209,1545 2279,1527 2359,1533 2359,1502 2345,1500 2319,1511 2290,1496 2264,1509 2140,1488 1859,1495"/>
                <Baseline points="1869,1531 1894,1531 1919,1530 1944,1529 1969,1529 1995,1528 2020,1528 2045,1528 2070,1528 2095,1527 2121,1527 2146,1527 2171,1527 2196,1527 2221,1527 2247,1528 2272,1528 2297,1529 2322,1530 2348,1531"/>
                <TextEquiv>
                    <Unicode>ganz wohl pefunden.</Unicode>
                </TextEquiv>
            </TextLine>
            <TextLine id="r1l50" custom="readingOrder {index:49;}">
                <Coords points="972,1543 1574,1551 1858,1521 1858,1491 1743,1478 1395,1500 972,1480"/>
                <Baseline points="984,1532 1027,1531 1070,1531 1113,1530 1156,1530 1199,1530 1242,1530 1285,1530 1328,1530 1371,1531 1415,1531 1458,1531 1501,1530 1544,1530 1587,1530 1630,1530 1673,1529 1716,1528 1759,1526 1802,1526 1846,1524"/>
                <TextEquiv>
                    <Unicode>Hannele. Mir war bange, ob seine Bühnen¬</Unicode>
                </TextEquiv>
            </TextLine>
            <TextLine id="r1l51" custom="readingOrder {index:50;}">
                <Coords points="963,1598 1239,1573 1846,1589 1864,1551 1826,1529 1703,1552 1675,1530 1175,1529 963,1554"/>
                <Baseline points="975,1573 1018,1573 1062,1573 1106,1574 1150,1574 1194,1574 1238,1574 1282,1574 1326,1574 1370,1574 1414,1574 1457,1574 1501,1574 1545,1573 1589,1573 1633,1573 1677,1572 1721,1572 1765,1571 1809,1570 1853,1570"/>
                <TextEquiv>
                    <Unicode>wirkung noch nicht veraltet sein würde, bange </Unicode>
                </TextEquiv>
            </TextLine>
            <TextLine id="r1l52" custom="readingOrder {index:51;}">
                <Coords points="965,1618 1666,1631 1773,1604 1844,1619 1844,1575 965,1598"/>
                <Baseline points="977,1619 1019,1618 1062,1617 1105,1617 1148,1616 1191,1616 1233,1616 1276,1616 1319,1616 1362,1616 1405,1616 1447,1616 1490,1616 1533,1616 1576,1616 1619,1615 1661,1615 1704,1614 1747,1613 1790,1612 1833,1610"/>
                <TextEquiv>
                    <Unicode>um ein mir teures Wesen. Denn hier und im</Unicode>
                </TextEquiv>
            </TextLine>
            <TextLine id="r1l53" custom="readingOrder {index:52;}">
                <Coords points="972,1676 1849,1668 1857,1619 972,1621"/>
                <Baseline points="982,1661 1025,1661 1068,1661 1111,1661 1155,1660 1198,1660 1241,1660 1284,1660 1328,1659 1371,1659 1414,1659 1457,1658 1501,1658 1544,1658 1587,1657 1630,1657 1674,1657 1717,1656 1760,1656 1803,1656 1847,1655"/>
                <TextEquiv>
                    <Unicode>Michael Kramer ist mir Hauptmann ein</Unicode>
                </TextEquiv>
            </TextLine>
            <TextLine id="r1l54" custom="readingOrder {index:53;}">
                <Coords points="971,1709 1863,1717 1863,1653 971,1674"/>
                <Baseline points="981,1705 1024,1705 1068,1705 1111,1705 1155,1704 1198,1704 1242,1704 1285,1704 1329,1704 1372,1704 1416,1704 1459,1703 1503,1703 1546,1702 1590,1702 1633,1701 1677,1700 1720,1700 1764,1699 1807,1697 1851,1696"/>
                <TextEquiv>
                    <Unicode>Dichter. Und ich war froh, bewegt, daß all die</Unicode>
                </TextEquiv>
            </TextLine>
            <TextLine id="r1l55" custom="readingOrder {index:54;}">
                <Coords points="960,1780 1239,1747 1563,1765 1646,1733 1836,1769 1853,1700 959,1723"/>
                <Baseline points="971,1753 1014,1751 1058,1750 1101,1749 1145,1748 1189,1747 1232,1746 1276,1746 1319,1746 1363,1746 1407,1745 1450,1745 1494,1745 1537,1745 1581,1745 1625,1744 1668,1744 1712,1743 1755,1742 1799,1741 1843,1739"/>
                <TextEquiv>
                    <Unicode>rührende Schöne des Werkes noch so frisch und</Unicode>
                </TextEquiv>
            </TextLine>
            <TextLine id="r1l56" custom="readingOrder {index:55;}">
                <Coords points="971,1793 1866,1801 1865,1755 1647,1735 1570,1762 971,1758"/>
                <Baseline points="982,1796 1025,1794 1069,1793 1112,1792 1156,1791 1200,1790 1243,1789 1287,1789 1331,1788 1374,1788 1418,1787 1462,1787 1505,1787 1549,1786 1593,1786 1636,1786 1680,1786 1724,1785 1767,1785 1811,1785 1855,1785"/>
                <TextEquiv>
                    <Unicode>naiv die Welt zu durchleuchten, noch so tiefe,</Unicode>
                </TextEquiv>
            </TextLine>
            <TextLine id="r1l57" custom="readingOrder {index:56;}">
                <Coords points="967,1857 1067,1835 1775,1842 1808,1837 1807,1799 965,1802"/>
                <Baseline points="977,1844 1018,1842 1059,1841 1100,1839 1141,1838 1182,1837 1223,1836 1264,1835 1305,1835 1346,1834 1387,1833 1428,1833 1469,1832 1510,1831 1551,1830 1592,1830 1633,1829 1674,1828 1715,1827 1756,1825 1797,1823"/>
                <TextEquiv>
                    <Unicode>feiertägliche Wirkung auszulösen vermochte, —</Unicode>
                </TextEquiv>
            </TextLine>
            <TextLine id="r1l58" custom="readingOrder {index:57;}">
                <Coords points="970,1881 1754,1896 1862,1870 1848,1837 1593,1830 970,1857"/>
                <Baseline points="980,1881 1023,1881 1067,1880 1110,1880 1154,1879 1197,1879 1241,1879 1284,1878 1328,1878 1371,1878 1415,1877 1459,1877 1502,1876 1546,1876 1589,1875 1633,1874 1676,1872 1720,1871 1763,1869 1807,1867 1851,1864"/>
                <TextEquiv>
                    <Unicode>trotzdem die Aufführung im wesentlichen ver¬</Unicode>
                </TextEquiv>
            </TextLine>
            <TextLine id="r1l59" custom="readingOrder {index:58;}">
                <Coords points="976,1938 1868,1915 1867,1882 1781,1872 1090,1904 975,1883"/>
                <Baseline points="988,1926 1031,1925 1074,1925 1118,1924 1161,1924 1205,1923 1248,1923 1291,1923 1335,1922 1378,1922 1422,1921 1465,1920 1508,1920 1552,1919 1595,1919 1639,1918 1682,1917 1725,1916 1769,1915 1812,1914 1856,1913"/>
                <TextEquiv>
                    <Unicode>fehlt wac. Zwar die Armenhausszenen sind!</Unicode>
                </TextEquiv>
            </TextLine>
            <TextLine id="r1l60" custom="readingOrder {index:59;}">
                <Coords points="971,1985 1422,1967 1700,1990 1867,1965 1867,1928 970,1935"/>
                <Baseline points="982,1976 1025,1974 1069,1973 1113,1972 1157,1972 1200,1971 1244,1970 1288,1970 1332,1969 1375,1969 1419,1968 1463,1968 1507,1967 1550,1967 1594,1966 1638,1965 1682,1965 1725,1964 1769,1962 1813,1961 1857,1959"/>
                <TextEquiv>
                    <Unicode>plastisch und lebenswahr herausgekommen. Ida</Unicode>
                </TextEquiv>
            </TextLine>
            <TextLine id="r1l61" custom="readingOrder {index:60;}">
                <Coords points="971,2013 1139,2041 1222,2013 1418,2035 1484,2007 1872,2005 1845,1964 970,1984"/>
                <Baseline points="982,2018 1028,2018 1074,2017 1120,2017 1167,2016 1213,2016 1259,2015 1305,2014 1352,2014 1398,2013 1444,2012 1490,2012 1537,2011 1583,2010 1629,2009 1675,2008 1722,2007 1768,2006 1814,2005 1861,2004"/>
                <TextEquiv>
                    <Unicode>Wüst, Karl Forest, besonders Hans</Unicode>
                </TextEquiv>
            </TextLine>
            <TextLine id="r1l62" custom="readingOrder {index:61;}">
                <Coords points="969,2089 1094,2061 1147,2083 1867,2049 1866,2001 1221,2013 1144,2039 968,2017"/>
                <Baseline points="979,2064 1022,2062 1066,2061 1110,2059 1154,2059 1198,2058 1242,2057 1285,2057 1329,2057 1373,2056 1417,2056 1461,2056 1505,2056 1549,2056 1592,2055 1636,2055 1680,2054 1724,2053 1768,2051 1812,2050 1856,2048"/>
                <TextEquiv>
                    <Unicode>Marr standen auf festen Füßen, ihnen</Unicode>
                </TextEquiv>
            </TextLine>
            <TextLine id="r1l63" custom="readingOrder {index:62;}">
                <Coords points="1737,2102 1753,2103 1763,2095 1773,2103 1786,2100 1793,2106 1817,2100 1854,2122 1869,2118 1863,2044 1852,2045 1840,2057 1818,2054 1810,2063 1805,2059 1801,2064 1787,2060 1735,2067"/>
                <Baseline points="1748,2100 1775,2095 1802,2092 1829,2091 1856,2092"/>
                <TextEquiv>
                    <Unicode>dem</Unicode>
                </TextEquiv>
            </TextLine>
            <TextLine id="r1l64" custom="readingOrder {index:63;}">
                <Coords points="971,2115 1181,2117 1244,2095 1447,2115 1464,2097 1535,2122 1656,2084 1655,2066 1562,2046 1494,2070 1294,2057 1001,2079 970,2062"/>
                <Baseline points="983,2115 1016,2112 1049,2110 1082,2107 1115,2106 1148,2104 1181,2102 1214,2101 1247,2100 1280,2099 1314,2098 1347,2098 1380,2097 1413,2097 1446,2097 1479,2097 1512,2097 1545,2097 1578,2098 1611,2098 1645,2098"/>
                <TextEquiv>
                    <Unicode>gesellte sich Willy Froböse</Unicode>
                </TextEquiv>
            </TextLine>
            <TextLine id="r1l65" custom="readingOrder {index:64;}">
                <Coords points="970,2147 1867,2161 1866,2117 1817,2100 969,2114"/>
                <Baseline points="980,2152 1023,2150 1067,2148 1111,2147 1155,2145 1198,2144 1242,2143 1286,2143 1330,2142 1373,2142 1417,2141 1461,2141 1505,2140 1548,2140 1592,2140 1636,2139 1680,2138 1723,2137 1767,2136 1811,2135 1855,2133"/>
                <TextEquiv>
                    <Unicode>knappen Ostelbiertum des Amtsvorstehers,</Unicode>
                </TextEquiv>
            </TextLine>
            <TextLine id="r1l66" custom="readingOrder {index:65;}">
                <Coords points="972,2195 1644,2181 1867,2207 1866,2146 1791,2140 972,2157"/>
                <Baseline points="984,2196 1027,2193 1071,2192 1114,2190 1158,2188 1202,2187 1245,2186 1289,2186 1332,2185 1376,2184 1420,2184 1463,2184 1507,2184 1550,2184 1594,2184 1638,2184 1681,2184 1725,2184 1768,2184 1812,2184 1856,2183"/>
                <TextEquiv>
                    <Unicode>in der prachtvollen Unbekümmertheit um eigene</Unicode>
                </TextEquiv>
            </TextLine>
            <TextLine id="r1l67" custom="readingOrder {index:66;}">
                <Coords points="981,2245 1142,2223 1199,2251 1862,2231 1861,2191 1828,2187 980,2199"/>
                <Baseline points="992,2240 1034,2238 1077,2236 1120,2235 1163,2233 1206,2232 1249,2231 1292,2230 1335,2230 1378,2229 1421,2229 1463,2229 1506,2228 1549,2228 1592,2228 1635,2228 1678,2228 1721,2227 1764,2227 1807,2226 1850,2226"/>
                <TextEquiv>
                    <Unicode>Schuld am fremden Elend. Aber daß das</Unicode>
                </TextEquiv>
            </TextLine>
            <TextLine id="r1l68" custom="readingOrder {index:67;}">
                <Coords points="967,2291 1861,2272 1860,2232 1768,2225 966,2249"/>
                <Baseline points="979,2284 1022,2281 1066,2280 1109,2278 1153,2276 1196,2275 1240,2274 1283,2273 1327,2273 1370,2273 1414,2272 1457,2272 1501,2272 1544,2271 1588,2271 1631,2270 1675,2270 1718,2269 1762,2268 1805,2266 1849,2264"/>
                <TextEquiv>
                    <Unicode>Instrument der nackten Lebenswahrheit im</Unicode>
                </TextEquiv>
            </TextLine>
            <TextLine id="r1l69" custom="readingOrder {index:68;}">
                <Coords points="985,2335 1729,2323 1756,2302 1820,2324 1870,2312 1870,2272 985,2291"/>
                <Baseline points="995,2324 1038,2323 1081,2322 1124,2321 1168,2320 1211,2319 1254,2319 1297,2318 1341,2318 1384,2317 1427,2317 1470,2317 1514,2316 1557,2316 1600,2315 1643,2315 1687,2314 1730,2314 1773,2312 1816,2311 1860,2310"/>
                <TextEquiv>
                    <Unicode>Lessingtheater virtuos gespielt wird, ist uns</Unicode>
                </TextEquiv>
            </TextLine>
            <TextLine id="r1l70" custom="readingOrder {index:69;}">
                <Coords points="984,2372 1827,2368 1862,2363 1861,2301 1815,2324 1405,2310 1254,2341 983,2337"/>
                <Baseline points="995,2367 1037,2366 1080,2365 1123,2364 1166,2363 1209,2363 1251,2362 1294,2362 1337,2361 1380,2361 1423,2361 1465,2360 1508,2360 1551,2359 1594,2358 1637,2357 1679,2356 1722,2354 1765,2352 1808,2350 1851,2347"/>
                <TextEquiv>
                    <Unicode>allen bewußt. Es galt den süßen, romantischen</Unicode>
                </TextEquiv>
            </TextLine>
            <TextLine id="r1l71" custom="readingOrder {index:70;}">
                <Coords points="981,2421 1865,2412 1864,2361 1839,2357 981,2370"/>
                <Baseline points="993,2411 1036,2410 1079,2408 1122,2407 1165,2406 1208,2406 1251,2405 1294,2404 1337,2404 1380,2403 1423,2403 1466,2402 1509,2402 1552,2401 1595,2400 1638,2400 1681,2399 1724,2397 1767,2396 1810,2394 1854,2392"/>
                <TextEquiv>
                    <Unicode>Harfenklang der Traumunweltlichkeit, den schau¬</Unicode>
                </TextEquiv>
            </TextLine>
            <TextLine id="r1l72" custom="readingOrder {index:71;}">
                <Coords points="973,2448 1779,2462 1880,2423 1879,2375 1796,2409 972,2408"/>
                <Baseline points="983,2455 1027,2453 1071,2450 1115,2448 1160,2447 1204,2446 1248,2446 1292,2445 1337,2445 1381,2445 1425,2444 1469,2444 1514,2444 1558,2444 1602,2443 1646,2442 1691,2441 1735,2439 1779,2437 1823,2435 1868,2431"/>
                <TextEquiv>
                    <Unicode>rigen, nervenquälenden Posaunenton der fieber¬</Unicode>
                </TextEquiv>
            </TextLine>
            <TextLine id="r1l73" custom="readingOrder {index:72;}">
                <Coords points="971,2492 1799,2500 1876,2476 1875,2428 1534,2467 970,2448"/>
                <Baseline points="981,2496 1025,2495 1069,2494 1113,2492 1157,2492 1202,2491 1246,2491 1290,2490 1334,2490 1378,2490 1423,2489 1467,2489 1511,2489 1555,2488 1599,2487 1644,2486 1688,2485 1732,2483 1776,2481 1820,2478 1865,2475"/>
                <TextEquiv>
                    <Unicode>heißen Schrecken zu erproben. Das zweite ge¬</Unicode>
                </TextEquiv>
            </TextLine>
            <TextLine id="r1l74" custom="readingOrder {index:73;}">
                <Coords points="982,2547 1881,2526 1880,2473 1834,2496 982,2496"/>
                <Baseline points="994,2539 1037,2538 1081,2537 1125,2536 1169,2535 1213,2534 1256,2533 1300,2532 1344,2531 1388,2530 1432,2530 1475,2529 1519,2528 1563,2528 1607,2527 1651,2527 1694,2527 1738,2526 1782,2526 1826,2526 1870,2526"/>
                <TextEquiv>
                    <Unicode>lang noch eher. Reicher als Maurer Mattern</Unicode>
                </TextEquiv>
            </TextLine>
            <TextLine id="r1l75" custom="readingOrder {index:74;}">
                <Coords points="984,2575 1106,2595 1174,2568 1823,2575 1880,2532 984,2544"/>
                <Baseline points="996,2577 1039,2576 1083,2574 1126,2574 1170,2573 1214,2572 1257,2572 1301,2571 1345,2570 1388,2570 1432,2570 1476,2569 1519,2569 1563,2568 1607,2568 1650,2567 1694,2567 1738,2566 1781,2565 1825,2564 1869,2563"/>
                <TextEquiv>
                    <Unicode>war zwar allzu undeutlich und nicht gewaltsam</Unicode>
                </TextEquiv>
            </TextLine>
            <TextLine id="r1l76" custom="readingOrder {index:75;}">
                <Coords points="971,2634 1645,2626 1702,2603 1872,2627 1871,2550 1823,2575 1274,2569 1138,2596 970,2571"/>
                <Baseline points="983,2625 1026,2623 1070,2620 1114,2618 1158,2617 1202,2616 1246,2614 1289,2614 1333,2613 1377,2613 1421,2612 1465,2612 1509,2611 1553,2611 1596,2610 1640,2610 1684,2609 1728,2608 1772,2607 1816,2606 1860,2604"/>
                <TextEquiv>
                    <Unicode>genug, immerhin eine ausreichende Bestie.</Unicode>
                </TextEquiv>
            </TextLine>
            <TextLine id="r1l77" custom="readingOrder {index:76;}">
                <Coords points="946,2672 1853,2667 1882,2660 1881,2611 1152,2614 945,2648"/>
                <Baseline points="957,2671 1002,2666 1048,2662 1093,2660 1139,2657 1185,2655 1230,2654 1276,2653 1322,2653 1367,2652 1413,2652 1459,2653 1504,2653 1550,2653 1596,2653 1641,2653 1687,2652 1733,2651 1778,2650 1824,2648 1870,2646"/>
                <TextEquiv>
                    <Unicode>„Kurt Stieler als Todesengel bot ein hin¬</Unicode>
                </TextEquiv>
            </TextLine>
            <TextLine id="r1l78" custom="readingOrder {index:77;}">
                <Coords points="971,2700 1870,2693 1869,2653 1766,2648 971,2671"/>
                <Baseline points="983,2709 1026,2707 1070,2704 1114,2703 1158,2701 1201,2700 1245,2699 1289,2698 1333,2697 1376,2697 1420,2697 1464,2697 1508,2696 1551,2696 1595,2696 1639,2696 1683,2695 1726,2695 1770,2694 1814,2693 1858,2691"/>
                <TextEquiv>
                    <Unicode>reißendes Bild, solange sein ekstatischer Kopf im</Unicode>
                </TextEquiv>
            </TextLine>
            <TextLine id="r1l79" custom="readingOrder {index:78;}">
                <Coords points="968,2773 1087,2747 1677,2757 1882,2732 1881,2685 1615,2712 967,2696"/>
                <Baseline points="979,2756 1023,2753 1068,2750 1112,2747 1157,2745 1202,2743 1246,2742 1291,2741 1335,2740 1380,2740 1425,2739 1469,2739 1514,2739 1558,2739 1603,2739 1648,2739 1692,2738 1737,2738 1781,2738 1826,2737 1871,2736"/>
                <TextEquiv>
                    <Unicode>gespenstischen Licht die schweigenden Schrecken</Unicode>
                </TextEquiv>
            </TextLine>
            <TextLine id="r1l80" custom="readingOrder {index:79;}">
                <Coords points="978,2793 1872,2783 1871,2739 1680,2731 978,2767"/>
                <Baseline points="989,2795 1032,2792 1076,2790 1119,2788 1163,2786 1207,2785 1250,2784 1294,2784 1337,2783 1381,2783 1425,2783 1468,2783 1512,2782 1555,2782 1599,2782 1643,2782 1686,2782 1730,2781 1773,2780 1817,2779 1861,2777"/>
                <TextEquiv>
                    <Unicode>der Nacht erweckte. Aber er verlor das Grau¬</Unicode>
                </TextEquiv>
            </TextLine>
            <TextLine id="r1l81" custom="readingOrder {index:80;}">
                <Coords points="981,2846 1835,2837 1875,2814 1855,2777 980,2793"/>
                <Baseline points="992,2838 1035,2836 1079,2833 1122,2832 1166,2830 1210,2829 1253,2827 1297,2827 1341,2826 1384,2826 1428,2825 1472,2825 1515,2825 1559,2825 1603,2825 1646,2825 1690,2824 1734,2824 1777,2824 1821,2823 1865,2823"/>
                <TextEquiv>
                    <Unicode>sige, als er mit Aerostatenflügeln schwerfällig</Unicode>
                </TextEquiv>
            </TextLine>
            <TextLine id="r1l82" custom="readingOrder {index:81;}">
                <Coords points="980,2892 1854,2878 1887,2866 1886,2818 979,2846"/>
                <Baseline points="990,2879 1034,2876 1078,2875 1122,2873 1167,2872 1211,2871 1255,2870 1299,2870 1344,2870 1388,2869 1432,2869 1476,2869 1521,2869 1565,2869 1609,2869 1653,2869 1698,2868 1742,2868 1786,2868 1830,2868 1875,2867"/>
                <TextEquiv>
                    <Unicode>stelzend über die Bühne zog. Und das lange</Unicode>
                </TextEquiv>
            </TextLine>
            <TextLine id="r1l83" custom="readingOrder {index:82;}">
                <Coords points="978,2916 1789,2925 1883,2904 1883,2869 978,2890"/>
                <Baseline points="989,2921 1033,2919 1077,2918 1121,2917 1165,2915 1210,2914 1254,2914 1298,2913 1342,2913 1386,2913 1431,2913 1475,2912 1519,2912 1563,2912 1607,2911 1652,2911 1696,2910 1740,2909 1784,2908 1828,2906 1873,2904"/>
                <TextEquiv>
                    <Unicode>Todesschwert wurde, wohl durch mangelhaften</Unicode>
                </TextEquiv>
            </TextLine>
            <TextLine id="r1l84" custom="readingOrder {index:83;}">
                <Coords points="986,2964 1825,2967 1871,2955 1871,2920 985,2917"/>
                <Baseline points="996,2964 1039,2963 1082,2962 1125,2961 1168,2960 1212,2959 1255,2959 1298,2958 1341,2958 1384,2958 1428,2957 1471,2957 1514,2957 1557,2956 1600,2956 1644,2955 1687,2955 1730,2954 1773,2953 1816,2952 1860,2951"/>
                <TextEquiv>
                    <Unicode>Beleuchtungseffekt, schließlich zu einer verzwei¬</Unicode>
                </TextEquiv>
            </TextLine>
            <TextLine id="r1l85" custom="readingOrder {index:84;}">
                <Coords points="963,3009 1886,3023 1886,2957 1852,2951 963,2958"/>
                <Baseline points="975,3015 1022,3013 1069,3011 1116,3009 1164,3007 1211,3006 1258,3006 1306,3005 1353,3004 1400,3004 1448,3004 1495,3004 1542,3003 1590,3003 1637,3003 1684,3003 1732,3003 1779,3003 1826,3002 1874,3002"/>
                <TextEquiv>
                    <Unicode>felten Riesenspicknadel. Der Alpdruck des Chores</Unicode>
                </TextEquiv>
            </TextLine>
            <TextLine id="r1l86" custom="readingOrder {index:85;}">
                <Coords points="990,3055 1889,3038 1888,2988 1809,3015 990,3015"/>
                <Baseline points="1002,3052 1045,3052 1089,3051 1133,3051 1177,3051 1220,3050 1264,3050 1308,3050 1352,3049 1395,3049 1439,3048 1483,3048 1527,3048 1570,3047 1614,3047 1658,3046 1702,3045 1745,3044 1789,3044 1833,3042 1877,3041"/>
                <TextEquiv>
                    <Unicode>der Armenhäusler und Bauern, die starr und</Unicode>
                </TextEquiv>
            </TextLine>
            <TextLine id="r1l87" custom="readingOrder {index:86;}">
                <Coords points="985,3092 1877,3090 1876,3037 1211,3069 984,3045"/>
                <Baseline points="995,3098 1038,3097 1082,3096 1125,3095 1169,3094 1212,3093 1256,3092 1299,3092 1343,3091 1386,3091 1430,3090 1474,3090 1517,3089 1561,3089 1604,3088 1648,3088 1691,3087 1735,3086 1778,3086 1822,3085 1866,3084"/>
                <TextEquiv>
                    <Unicode>stumm den Mörder mit ihren Blicken in den</Unicode>
                </TextEquiv>
            </TextLine>
            <TextLine id="r1l88" custom="readingOrder {index:87;}">
                <Coords points="969,3151 1886,3146 1885,3095 1854,3084 1050,3108 969,3082"/>
                <Baseline points="981,3141 1025,3139 1070,3139 1115,3138 1159,3137 1204,3137 1249,3137 1293,3137 1338,3136 1383,3136 1428,3136 1472,3136 1517,3135 1562,3135 1606,3134 1651,3133 1696,3132 1740,3131 1785,3130 1830,3127 1875,3125"/>
                <TextEquiv>
                    <Unicode>2 Tod jagen müßten, blieb aus. Das müßten</Unicode>
                </TextEquiv>
            </TextLine>
            <TextLine id="r1l89" custom="readingOrder {index:88;}">
                <Coords points="985,3181 1721,3192 1873,3166 1872,3133 985,3144"/>
                <Baseline points="997,3183 1040,3182 1083,3182 1126,3181 1170,3181 1213,3180 1256,3180 1299,3179 1343,3179 1386,3179 1429,3178 1472,3178 1516,3177 1559,3177 1602,3176 1645,3176 1689,3175 1732,3174 1775,3173 1818,3171 1862,3170"/>
                <TextEquiv>
                    <Unicode>vornüberbeugte, fahle, blutlechzende antike Ery¬</Unicode>
                </TextEquiv>
            </TextLine>
            <TextLine id="r1l90" custom="readingOrder {index:89;}">
                <Coords points="979,3212 1015,3235 1878,3226 1877,3162 1719,3189 979,3174"/>
                <Baseline points="991,3227 1034,3226 1078,3225 1122,3225 1166,3224 1210,3224 1253,3223 1297,3223 1341,3222 1385,3222 1429,3221 1472,3221 1516,3220 1560,3220 1604,3219 1648,3218 1691,3218 1735,3217 1779,3216 1823,3215 1867,3213"/>
                <TextEquiv>
                    <Unicode>mien sein, nicht neugierige Müssiggänger aus</Unicode>
                </TextEquiv>
            </TextLine>
            <TextLine id="r1l91" custom="readingOrder {index:90;}">
                <Coords points="949,3283 1881,3257 1880,3224 1823,3220 949,3250"/>
                <Baseline points="961,3270 1006,3269 1051,3267 1097,3266 1142,3265 1188,3265 1233,3264 1278,3263 1324,3263 1369,3263 1415,3263 1460,3263 1505,3262 1551,3262 1596,3262 1642,3261 1687,3261 1732,3260 1778,3259 1823,3258 1869,3257"/>
                <TextEquiv>
                    <Unicode>einem schlesischen Dorfe. Ganz verfehlt aber war</Unicode>
                </TextEquiv>
            </TextLine>
            <TextLine id="r1l92" custom="readingOrder {index:91;}">
                <Coords points="954,3309 1875,3301 1874,3270 1693,3259 954,3287"/>
                <Baseline points="966,3314 1010,3312 1055,3311 1100,3309 1145,3308 1190,3307 1235,3306 1280,3305 1325,3305 1370,3304 1415,3304 1459,3304 1504,3303 1549,3303 1594,3303 1639,3302 1684,3302 1729,3301 1774,3301 1819,3300 1864,3299"/>
                <TextEquiv>
                    <Unicode>Falles, was lieblich, märchenhaft und feierlich ge¬</Unicode>
                </TextEquiv>
            </TextLine>
            <TextLine id="r1l93" custom="readingOrder {index:92;}">
                <Coords points="965,3371 1480,3339 1833,3353 1876,3342 1876,3302 964,3309"/>
                <Baseline points="975,3355 1019,3353 1064,3350 1108,3348 1153,3346 1197,3346 1242,3345 1286,3344 1331,3344 1375,3344 1420,3344 1465,3344 1509,3344 1554,3344 1598,3344 1643,3344 1687,3344 1732,3343 1776,3342 1821,3341 1866,3339"/>
                <TextEquiv>
                    <Unicode>#staltet werden muß. Hier ist schon Hauptmann</Unicode>
                </TextEquiv>
            </TextLine>
            <TextLine id="r1l94" custom="readingOrder {index:93;}">
                <Coords points="969,3418 1023,3395 1887,3381 1851,3344 1483,3338 968,3374"/>
                <Baseline points="979,3399 1023,3396 1068,3394 1113,3392 1158,3391 1203,3390 1247,3389 1292,3388 1337,3387 1382,3387 1427,3387 1471,3386 1516,3386 1561,3386 1606,3386 1651,3386 1695,3385 1740,3384 1785,3384 1830,3383 1875,3381"/>
                <TextEquiv>
                    <Unicode>teilweise schwächer. Die Verse der drei Engel</Unicode>
                </TextEquiv>
            </TextLine>
            <TextLine id="r1l95" custom="readingOrder {index:94;}">
                <Coords points="964,3428 1861,3449 1887,3380 964,3392"/>
                <Baseline points="975,3443 1020,3440 1065,3438 1110,3436 1155,3434 1200,3433 1245,3432 1290,3431 1335,3430 1380,3430 1426,3429 1471,3429 1516,3429 1561,3429 1606,3428 1651,3428 1696,3428 1741,3428 1786,3428 1831,3428 1877,3428"/>
                <TextEquiv>
                    <Unicode>und der gereimte Schwulst in der Schilderung</Unicode>
                </TextEquiv>
            </TextLine>
            <TextLine id="r1l96" custom="readingOrder {index:95;}">
                <Coords points="959,3496 1073,3473 1875,3488 1875,3444 1333,3426 1031,3449 958,3419"/>
                <Baseline points="970,3484 1014,3481 1059,3479 1104,3477 1149,3475 1193,3475 1238,3474 1283,3474 1328,3474 1372,3474 1417,3474 1462,3475 1507,3475 1551,3475 1596,3474 1641,3474 1686,3473 1730,3472 1775,3470 1820,3468 1865,3465"/>
                <TextEquiv>
                    <Unicode>Ider ewigen Seeligkeit sind harte Knoten im Ge¬</Unicode>
                </TextEquiv>
            </TextLine>
            <TextLine id="r1l97" custom="readingOrder {index:96;}">
                <Coords points="963,3535 1881,3521 1881,3459 1667,3492 962,3491"/>
                <Baseline points="974,3523 1018,3521 1063,3519 1108,3518 1153,3517 1197,3517 1242,3517 1287,3517 1332,3517 1376,3517 1421,3518 1466,3518 1511,3518 1555,3518 1600,3518 1645,3517 1690,3516 1734,3514 1779,3512 1824,3510 1869,3506"/>
                <TextEquiv>
                    <Unicode>Zwebe der Dichtung. Hier lag auch die</Unicode>
                </TextEquiv>
            </TextLine>
            <TextLine id="r1l98" custom="readingOrder {index:97;}">
                <Coords points="985,3564 1791,3559 1895,3582 1894,3514 1856,3510 1687,3534 984,3513"/>
                <Baseline points="996,3564 1040,3563 1084,3563 1129,3563 1173,3562 1218,3562 1262,3562 1306,3561 1351,3561 1395,3561 1440,3560 1484,3560 1528,3559 1573,3559 1617,3558 1662,3558 1706,3557 1750,3556 1795,3555 1839,3554 1884,3552"/>
                <TextEquiv>
                    <Unicode>Hauptgefahr für das Lessingtheater. Lyrische</Unicode>
                </TextEquiv>
            </TextLine>
            <TextLine id="r1l99" custom="readingOrder {index:98;}">
                <Coords points="967,3620 1309,3616 1348,3587 1399,3622 1489,3596 1859,3614 1879,3558 1319,3554 1152,3581 967,3559"/>
                <Baseline points="979,3608 1023,3606 1068,3604 1112,3603 1157,3602 1201,3601 1246,3601 1290,3601 1335,3601 1379,3601 1424,3601 1468,3601 1513,3601 1557,3600 1602,3600 1646,3599 1691,3598 1735,3597 1780,3595 1824,3593 1869,3589"/>
                <TextEquiv>
                    <Unicode>*Poesie ist seine Stärke nicht. Und hier</Unicode>
                </TextEquiv>
            </TextLine>
            <TextLine id="r1l100" custom="readingOrder {index:99;}">
                <Coords points="1673,3654 1724,3640 1766,3650 1792,3636 1841,3646 1856,3639 1865,3647 1882,3642 1881,3609 1864,3612 1833,3600 1822,3606 1806,3600 1798,3609 1784,3603 1774,3610 1738,3591 1725,3605 1703,3599 1672,3606"/>
                <Baseline points="1684,3636 1710,3635 1737,3635 1764,3635 1790,3635 1817,3634 1844,3632 1871,3629"/>
                <TextEquiv>
                    <Unicode>Nur die</Unicode>
                </TextEquiv>
            </TextLine>
            <TextLine id="r1l101" custom="readingOrder {index:100;}">
                <Coords points="959,3666 1179,3638 1657,3652 1657,3610 1410,3613 1344,3592 1302,3613 1218,3598 959,3626"/>
                <Baseline points="970,3649 1003,3647 1037,3644 1071,3643 1105,3641 1138,3641 1172,3640 1206,3640 1240,3640 1273,3640 1307,3641 1341,3641 1375,3641 1408,3641 1442,3641 1476,3640 1510,3639 1543,3638 1577,3637 1611,3634 1645,3631"/>
                <TextEquiv>
                    <Unicode>##versagten auch die Schauspieler.</Unicode>
                </TextEquiv>
            </TextLine>
            <TextLine id="r1l102" custom="readingOrder {index:101;}">
                <Coords points="989,3689 1179,3706 1330,3671 1469,3714 1685,3674 1802,3710 1883,3676 1883,3643 989,3658"/>
                <Baseline points="1000,3690 1043,3688 1087,3687 1130,3685 1174,3684 1218,3683 1261,3683 1305,3682 1348,3682 1392,3682 1436,3682 1479,3682 1523,3681 1566,3681 1610,3681 1654,3680 1697,3680 1741,3679 1784,3678 1828,3676 1872,3675"/>
                <TextEquiv>
                    <Unicode>Triesch fand zuweilen einen sammet¬</Unicode>
                </TextEquiv>
            </TextLine>
            <TextLine id="r1l103" custom="readingOrder {index:102;}">
                <Coords points="1550,3715 1566,3720 1588,3713 1597,3719 1621,3717 1634,3728 1663,3710 1680,3719 1700,3716 1700,3670 1671,3672 1656,3686 1627,3695 1610,3695 1596,3686 1583,3691 1579,3686 1550,3689"/>
                <Baseline points="1562,3724 1587,3720 1612,3717 1638,3717 1663,3719 1689,3723"/>
                <TextEquiv>
                    <Unicode>#</Unicode>
                </TextEquiv>
            </TextLine>
            <TextLine id="r1l104" custom="readingOrder {index:103;}">
                <Coords points="1091,3734 1168,3724 1217,3735 1256,3718 1298,3731 1307,3722 1409,3734 1426,3722 1466,3726 1465,3689 1366,3697 1330,3671 1245,3697 1214,3680 1168,3696 1091,3692"/>
                <Baseline points="1103,3727 1128,3726 1153,3725 1178,3724 1203,3723 1228,3723 1253,3722 1278,3722 1303,3721 1328,3721 1353,3721 1378,3721 1403,3721 1428,3721 1454,3722"/>
                <TextEquiv>
                    <Unicode>at  </Unicode>
                </TextEquiv>
            </TextLine>
            <TextLine id="r1l105" custom="readingOrder {index:104;}">
                <Coords points="2346,4130 2368,4132 2385,4116 2399,4119 2403,4114 2432,4134 2445,4134 2445,4059 2399,4059 2392,4064 2388,4059 2374,4059 2370,4064 2346,4064"/>
                <Baseline points="2357,4112 2382,4112 2407,4112 2433,4112"/>
                <TextEquiv>
                    <Unicode>Aa</Unicode>
                </TextEquiv>
            </TextLine>
            <TextEquiv>
                <Unicode>box 14/7
Gefaehrtin
1
9.2  an
Chor, nur das tote Objekt, gegen weichen Ton, aber auch nicht durchweg.
das hin Sauer sprechen mußte. Eine über¬
Ida Orloff aber, die der Hannele Qual
##flüsige und schädliche Person also auf die
und Erdenschwere und Verzweiflung meisterte,
Dichtung hin betrachtet. Nur Gelegenheit und
versagte völlig in den heiteren Gefilden. Ein
also Verlegenheit. Als Schauspielerin ganz
gleichmäßiges, quarrendes Kleinkindersingen, ein
braver Durchschnitt (bis auf die unerträglichen
starrer, bildhafter Reigenschritt vermögen die
frohen, erhabenen, teilweise sogar erotischen
Mundverzerrungen), aber ewiges Unterstreichen.
Märchen= und Christusphantasien nicht zu be¬
Wenn das Gewitter in schwüler Spannung eben
leben. Am schlimmsten sündigte Heinz Mo¬
sich anbahnt, hebt sie die Augen auf und faltet
nard. Er verstand es, den Christus aller
die Hände: „Paßt auf! Jetzt schlägt's gleich
Milde und demütigen Herrscherkraft zu ent¬
ein!“ Aber Stimmungen, wie sie hier geboten
kleiden und setzte die Zipfelmütze des behäbigen
wurden, lassen sich selbst mit tölpelhaften Keulen
Spießbürgertums an Stelle der schmerzhaft
nicht ermorden. Die täppisch=brutale Realistin
heiligen Dörnenkrone. Von gleicher Dürftigkeit!
vermochte dem fast mystisch wirkenden Propheten
war die Ausstättung. Wenn Ludwig von
der Lehre des Schweigens ernstlich nicht zu
Hofmanns Mitarbeit, von der die Vor¬
schaden. Nur der letzte Sinn des Stückes zer¬
notizen sprachen, nichts anderes zuwege bringen
Prach in ihren Händen. Die letzte Weihe der
konnte, als die Papierblumenpracht der zappeln¬
Kunst aber blieb uns durch Sauer. — Aber
den Kinderengel, die Pfefferkuchenfiguren der
warum Mathilde Sussin. Warum nicht
drei Lichtgestalten und den Schlafrock Jesu
die ebenbürtige Gefährtin für diesen Professor
Christi, dann hätte auch diesmal Emil
Pilgram, warum nicht Irene Triesch?
Lessing der Hilfe nicht bedurft. Im sieben¬
Dem Schnitzlerschen Einakter folgte das
ten Avmenhaushimmel hätte er sich auch allein
ganz wohl pefunden.
Hannele. Mir war bange, ob seine Bühnen¬
wirkung noch nicht veraltet sein würde, bange 
um ein mir teures Wesen. Denn hier und im
Michael Kramer ist mir Hauptmann ein
Dichter. Und ich war froh, bewegt, daß all die
rührende Schöne des Werkes noch so frisch und
naiv die Welt zu durchleuchten, noch so tiefe,
feiertägliche Wirkung auszulösen vermochte, —
trotzdem die Aufführung im wesentlichen ver¬
fehlt wac. Zwar die Armenhausszenen sind!
plastisch und lebenswahr herausgekommen. Ida
Wüst, Karl Forest, besonders Hans
Marr standen auf festen Füßen, ihnen
dem
gesellte sich Willy Froböse
knappen Ostelbiertum des Amtsvorstehers,
in der prachtvollen Unbekümmertheit um eigene
Schuld am fremden Elend. Aber daß das
Instrument der nackten Lebenswahrheit im
Lessingtheater virtuos gespielt wird, ist uns
allen bewußt. Es galt den süßen, romantischen
Harfenklang der Traumunweltlichkeit, den schau¬
rigen, nervenquälenden Posaunenton der fieber¬
heißen Schrecken zu erproben. Das zweite ge¬
lang noch eher. Reicher als Maurer Mattern
war zwar allzu undeutlich und nicht gewaltsam
genug, immerhin eine ausreichende Bestie.
„Kurt Stieler als Todesengel bot ein hin¬
reißendes Bild, solange sein ekstatischer Kopf im
gespenstischen Licht die schweigenden Schrecken
der Nacht erweckte. Aber er verlor das Grau¬
sige, als er mit Aerostatenflügeln schwerfällig
stelzend über die Bühne zog. Und das lange
Todesschwert wurde, wohl durch mangelhaften
Beleuchtungseffekt, schließlich zu einer verzwei¬
felten Riesenspicknadel. Der Alpdruck des Chores
der Armenhäusler und Bauern, die starr und
stumm den Mörder mit ihren Blicken in den
2 Tod jagen müßten, blieb aus. Das müßten
vornüberbeugte, fahle, blutlechzende antike Ery¬
mien sein, nicht neugierige Müssiggänger aus
einem schlesischen Dorfe. Ganz verfehlt aber war
Falles, was lieblich, märchenhaft und feierlich ge¬
#staltet werden muß. Hier ist schon Hauptmann
teilweise schwächer. Die Verse der drei Engel
und der gereimte Schwulst in der Schilderung
Ider ewigen Seeligkeit sind harte Knoten im Ge¬
Zwebe der Dichtung. Hier lag auch die
Hauptgefahr für das Lessingtheater. Lyrische
*Poesie ist seine Stärke nicht. Und hier
Nur die
##versagten auch die Schauspieler.
Triesch fand zuweilen einen sammet¬
#
at  
Aa</Unicode>
            </TextEquiv>
        </TextRegion>
        <TextRegion orientation="0.0" id="r2" custom="readingOrder {index:1;}">
            <Coords points="3112,3991 3112,4145 3202,4145 3202,3991"/>
            <TextLine id="r2l1" custom="readingOrder {index:0;}">
                <Coords points="3101,4106 3114,4106 3118,4102 3125,4107 3134,4098 3147,4105 3165,4099 3184,4106 3193,4100 3213,4103 3215,4041 3160,4037 3151,4041 3138,4039 3118,4051 3103,4051"/>
                <Baseline points="3112,4091 3142,4093 3172,4093 3202,4095"/>
                <TextEquiv>
                    <Unicode>cersche</Unicode>
                </TextEquiv>
            </TextLine>
            <TextEquiv>
                <Unicode>cersche</Unicode>
            </TextEquiv>
        </TextRegion>
    </Page>
</PcGts>
