3392 4352
373 163 443 230 D
146 136 1638 269 9.2. Jie Gefaehrtin box 14/7
2057 224 2214 292 gzmanen
2038 281 2225 332 FRE BEHAA
2330 254 2495 346 NC
2053 282 2826 379 „ODUEIVER
2027 364 2918 452 österr. behördl konz. Unternehmen für Zeitungs-Au
2143 427 2945 519 Wien, I., Concordiaplatz 4.
2316 505 2763 580 Vertretungen
1988 547 3079 622 in Berlin, Budapest, Chicago, Christiania, Genf, Kopen¬
1989 599 3073 658 nigen, London, Madrid, Mailand, Minneapolis, New-Vork,
2033 648 3036 685 Paris, Rom, San Francisco, Stockholm, St. Petersburg.
2323 686 2758 746 (Quellenangabe ohne Gewähr).
1989 734 2376 825 Ausschnitt aus:
2350 765 3120 918 Sdeuische Allgemeine Zotungs
2001 842 2146 898 vom:
2299 854 2776 940 LS 1909
2253 1003 2803 1111 Theater und Musik.
2025 1066 3132 1183 B. Das Lessing=Theater hatte für Sonnabend ein
1921 1100 3131 1227 kälteres Stück aus seinem Repertoire hervorgeholt: Die Ge¬
1931 1164 3115 1259 fährtin, Schauspiel in einem Akt von Arthur
1933 1218 3118 1303 Schnitzler, und gab ihm mit allen Stimmungsmitteln,
2154 1264 3117 1355 Bühne für die moderne Dramatik verfügt, neues
1882 1312 3129 1409 Neben. Der Einakter ist durchaus auf den seelischen Kampf
1912 1353 3115 1435 eines einzelnen gestellt, eigentlich mehr retrospektiv als fort¬
1911 1381 3127 1492 schreitend, ohne besonderes äußeres Geschehen und duher
1910 1432 3116 1538 mehr Novelle in dialogisierter Form als scharf sich zu¬
1913 1480 3126 1580 spitzendes Drama. Wenn das kleine Werk dennoch eine
1906 1535 3117 1622 oftmals atemlose Spannung erweckte, so war das vor allem
1902 1561 3101 1667 der außerordentlichen Kunst des Herrn Oskar Sauer zu¬
1913 1601 3107 1705 danken, die, scheinbar ganz schlicht und gleichwohl auf
1907 1644 3096 1760 vollendete Technik gestützt, das Stück zu einem wahrhaft
1900 1684 3092 1796 erschütternden Erlebnis gestaltete. Herr Sauer hat gewisser¬
1899 1738 3129 1825 maßen nur einen Monolog zu sprechen, den zwei Personen
1890 1784 3096 1885 erläuternd und klärend unterbrechen. Am Ende bleibt sein
1889 1831 3102 1930 Spiel für etliche Minuten stumm und wird zu einer
2005 1873 3096 1959 von kurzer Pantomime; und gerade hier wirkt er
1896 1918 3093 2007 mit gleicher Intensität, wie ein Schauspieler, der
1884 1960 3089 2055 eine große Rede mit flammenden Sätzen schließt. Die
1884 2004 3103 2100 Einfachheit triumphiert; man ist versucht, von einem Raffinement!
1871 2048 3093 2157 der Einfachheit zu sprechen, in der Herr Sauer an der Bühne
1869 2071 3074 2180 der Gegenwart seinesgleichen vielleicht vergeblich suchen würde.
1965 2142 3077 2238 In die Stimmung der Trauer ist das Schauspiel gehüllt.
1868 2171 3067 2275 Denn Professo Robert Pilgram hat eben seine um zwanzig
1873 2224 3075 2312 Jahre jüngere Frau durch einen jähen Tod verloren. Noch
1873 2242 3070 2363 klingen die stillen Schauer des Begräbnisses nach. Doch schnell
1869 2302 3072 2405 soll über den Witwer ein niederschmetterndes Erkennen kommen.
1870 2344 3082 2456 Durch eine Freundin seiner verstorbenen Gattin, durch Briefe,
1860 2396 3080 2465 die diese zurückbegehrt, wird dem Professor nach und nach be¬
1869 2436 3084 2550 stätigt, was er lange wußte: seine Frau hat ihn betrogen, mit einem
1867 2488 3098 2591 jüngeren Gelehrten betrogen, der Pilgrams Schüler und
1869 2532 3062 2625 Freund ist. Pilgram versteht, begreifi und würde auch ver¬
1858 2580 3077 2673 ziehen haben, wenn die beiden zu ihm gekommen wären und
1852 2620 3077 2709 gebeten hätten, sie frei zu lassen. Schlimmeres aber noch wird
1860 2655 3072 2765 dem Professor offenbar. In später Abendstunde erscheint, aus
1858 2713 3066 2800 einem Seebade herbeigeeilt, jener Freund, um dem Professor
1856 2747 3088 2849 kondolierend die Hand zu drücken. Ein geschickt gesteigertes
1847 2788 3054 2887 Gespräch entdeckt, daß der junge Mann bereits seit Jahr und
1847 2833 3060 2935 Tag eine Verlobte besitzt. Das raubt dem Professor Pilgram
1846 2876 3052 2984 die Fassung: denn somit ist seine Gattin ja nur für jenen eine
1849 2918 3064 3020 untergeordnete, eine lediglich genießende Geliebte gewosen! Er weist
1849 2956 3057 3060 in aufbrausender Entrüstung dem bisherigen Freunde die Tür.
1839 3006 3056 3119 Dann ein kurzer innerer Kampf, und Pilgram gewinnt sich
1847 3054 3053 3146 selbst zurück, schüttelt das Vergangene wie eiwas Ekles ab und
1843 3106 3050 3198 verschließt das Zimmer seiner Frau, gewillt, auf längerer Reise
1838 3129 2331 3198 vollends zu überwinden.
2375 3158 3042 3227 Wie nun Herr Sauer diesen
1840 3175 3037 3275 Professor Pilgram darstellte, wie er alle Phasen seines seelischen
1841 3216 3037 3302 Ringens zu packender Wahrhaftigkeit werden ließ, wie dieser
1833 3271 3032 3361 feingeschnittene Kopf, dieses seltsame Blicken der Augen, dieser
1838 3319 3032 3399 ganze vornehme Gestus zu überzeugenden Ausdrucksmitteln und
1838 3346 3029 3444 sprechenden Interpreten für den inneren Kampf wurden, — das
1831 3404 3025 3494 war schlechthin meisterlich, und das wirdso leicht nicht vergessen, wer
1824 3460 3018 3527 es gesehen und gehört hat... Die Freundin der Professorsgattin
1821 3477 3020 3588 spielte Frl. Mathilde Sussin wie ein Verhängnis, das auf
1822 3530 3030 3644 leisen Sohlen unerbittlich naht; und den Schüler und ehemaligen
1827 3573 3029 3680 Hausfreund machte Herr Stieler mit einem Ton der Ver¬
1819 3613 3024 3722 haltung, der das Bewußtsein einer Schuld vernehmlich genug
1820 3661 3023 3750 anklingen ließ. Am Ende des Stückes — der Vorhang senkt
1820 3695 3017 3798 sich über das mondscheindurchleuchtete Zimmer der Ver¬
1810 3759 2980 3843 storbenen, das der betrogene Gatte von außen verschließt —
1813 3793 3011 3905 löste sich die Spannung in lebhaften Beifall auf. Doch der
1815 3923 3021 4003 Verfasser konnte nicht vortreten, da er nicht anwesend war
1828 3969 2612 4040 und die Schauspieler durften es nicht ..
1910 3996 3022 4063 Die Traumdichtung Hanneles Himmelfahrt vor
1817 4057 3020 4110 Gerhart Hauptmann folgte. Man hatte sie in einigen
2004 4098 2568 4145 gegen früher anders besetzt
2597 4097 2672 4155 und
3071 2824 3124 2886 00
