3344 4352
484 155 961 229 aracelsus
212 157 955 262 9. 1. K. Gn  nnen.
1098 144 1519 233 box 14/6
2213 88 2583 153 Telefon 12801.
1926 178 2912 270 Unternehmen für Zeitungs-Ausschnitte.
2790 234 2969 302 Ausschnitt
2082 266 2702 391 „OBSERVER“
2787 287 3074 390 Nr. 14
1678 393 3127 468 I. österr. behördl. conc. Bureau für Zeitungsberichte u. Personalnachrichten
1881 462 2959 529 Wien, IX/1, Türkenstrasse 17.
2089 547 2739 630 Filiale in Budapest: „Figyelö“
1783 614 3032 684 Vertretungen in Berlin, Chicago, London, Newyork, Paris, Stockholm.
1683 666 3130 808 hss ne Muur
1684 842 2236 977 vom 6/ 710
2493 800 3129 976 M
1954 1320 3003 1374 X.Das Deutsche Theater hat mit „Hans“ und dem
1876 1349 3007 1406 „Probekandidater“ so günstige Erfahrungen gemacht, daß es
1863 1404 3002 1455 die anderen Werte Max Dreyers heranruft, um sie an dem
1868 1440 3012 1500 Glücke ihrer Geschwister theilnehmen zu lassen. Das längst nicht
1870 1484 3005 1537 mehr neue Drama „Winterschlaf“ das heute auf dieser Bühne
1861 1523 3008 1577 zum ersten Male gegeben wurde, verdient es, aufgefrischt und durch
1870 1561 3002 1607 das Ensemble des Deutschen Theaters innerlich neu belebt
1851 1579 3012 1651 zu werden. Es gehört zu den seiner gestimmten Arbeiten des
1868 1634 3012 1675 herzhaften Dramatikers Dreyer und ist originell und wahr¬
1858 1674 3002 1734 haft in der Darstellung eines Milieus, das die Ueber¬
1856 1717 3006 1758 lieferung uns nur von der anheimelnden Seite zeigt, während
1869 1756 3000 1795 es in seiner Enge und Beschränktheit auch schwul und be¬
1858 1804 3005 1854 ängstigend wirken kann. Der aus dem Herzen des modernen
1859 1820 2994 1892 Menschen emporsteigende Gedanke, das Milien der viel¬
1855 1876 3005 1924 gepriesenen Waldidylle in ein neues scharfes Licht
1859 1913 2994 1964 zu rücken und in die Gebundenheit einer Frauen¬
1865 1939 2381 1998 existenz hineinzuleuchten,
2386 1954 2997 2002 die sich aus dem Winter¬
1862 1981 2364 2035 schlaf der Traulichkeit
2427 1982 2998 2046 das rege arbeitskräftige
1861 2024 3001 2081 Leben der Großstadt hinaussehnt, drückt dem Stücke ein
1863 2062 3001 2138 interessantes Gepräge auf. In der Art, wie sich die Richtun¬
1858 2131 2998 2178 gen personifiziren und um ein liebebedürftiges Frauenherz
1861 2168 3001 2214 kämpfen, bewährt sich die gestaltende Kraft des Dramatikers.
1699 2209 3091 2280 Für 5] Die Katastrophe: der Selbstmord des Mädchens, das von ###e
1864 2251 3003 2298 Scham und Schmerz in den Tod getrieben wird, weil
1869 2282 2996 2329 es sich durch eine brutale Thaisache dem Ideal ent¬
3040 2283 3082 2347 600
1870 2326 3003 2378 fremdete, wirkt freilig) nicht völlig überzeugend. Die
2997 2348 3093 2398 laus.
1868 2350 2732 2415 beiden (in der Art ihres Zusammenhangs
2740 2362 2998 2417 an Hebbels
1730 2374 1861 2437 „ 100
1871 2401 2991 2461 „Maria Magdalena“ erinnernden) Gewaltsamkeiten, die nur
1864 2440 3004 2492 durch wenige Stunden von einander getrennt sind, wollen trotz
3008 2459 3157 2509 es den
1716 2479 2994 2529 Abonn aller feinen Dialektik und alles Stimmungszaubers, den
1709 2512 1862 2575 Abonn
1858 2517 2992 2565 Dreyer aufbietet, innerlich nicht recht zu einander stimmen.
1858 2556 2991 2612 Die Menge der Motive hebt hier die Unerklärlichkeit nicht auf,
1869 2599 3010 2638 wie ja gewöhnlich auch die Krankheiten, für die man ver¬
1867 2631 2999 2674 schiedene Gründe anführt, die unergründlichen sind. Aber wenn
1857 2671 2998 2714 das Gefühl auch nicht bis zur äußersten Konsequenz des
1859 2710 3004 2754 Stückes mitgeht, so fühlt es sich doch durch den dargestellten Zwie¬
1868 2741 2996 2799 spalt auf das Lebhafteste angeregt und das Deutsche Theater
1862 2783 2996 2843 bewährte wieder einmal die Kunst, alle Vorzüge des Kolorits
1853 2832 3005 2875 zur Geltung zu bringen. Die Regie Lessing hatte für einen
1867 2860 2996 2920 günstigen Rahmen der Darstellung und für die feine Abtönung
1850 2901 2997 2958 der Reden gesorgt, Hr. Nissen brachte als Förster den
1858 2952 3011 2996 echten Ton der Treuherzigkeit und des Humors, der aus dem
1854 2979 3006 3031 Gemüthe kommt, Hr. Rittner charakterisirte treffend die
1860 3007 2999 3059 trotzig dumpfe Leidenschaftlichkeit des beschränkten Menschen, Frl.
1866 3059 3000 3105 Sarrow mischte in der weiblichen Hauptrolle wohl zu früh
1852 3091 3006 3147 die Herbheit in's Spiel, fand aber zuletzt einen so über¬
1858 3121 3001 3189 zeugenden Ausdruck für die seelische Verwirrung, daß sogar
1862 3177 2985 3225 der jähen Katastrophe die Momentwirkung nicht versagt blieb.
1860 3213 2991 3251 Herr Sauer war ein moderner Idealist von gewinnender
1860 3250 2996 3303 Freiheit des Wesens und entschiedener Liebens¬
1851 3286 2996 3344 würdigkeit; etwas zu viel von der letzterwähnten
1859 3330 2993 3377 Eigenschaft hatte Fr. v. Poellnitz in der Rolle der bös¬
1863 3368 2992 3424 artigen und lüsternen Tante; das Tiefgemeine, das Dreyer
1850 3395 2996 3447 hier als Farbenstrich in seinem Bilde anbrachte, ist ihr nicht
1861 3443 2994 3493 gegeben; aber sollen wir wegen dieses schönen Fehlers mit
1862 3479 2987 3529 ihr rechten? Die starken Züge des Stückes, namentlich die
1851 3519 2987 3566 humoristischen entschieden, für den günstigen Erfolg;
1859 3552 3000 3604 nach dem zweiten Akte rief der aub ltende Applaus den
1859 3596 2998 3653 Autor aus dem Zuschauerraum an die Rampen. Einmal
1862 3632 2992 3690 gab es auch Händeklatschen ##ioffener Szene; die Dialog¬
1864 3661 3000 3742 stelle „Ich bin Schriftsteller“ — Sind die Kerls jetzt ver¬
1856 3714 2016 3775 boten?“
2052 3714 2989 3757 wurde mit lautem, heiterem Beifall ausgenommen.
1936 3746 2990 3811 Zur Ausfüllung des Abends (war eine solche
1856 3789 2992 3829 nöthig?) wurde in ziemlich später Stunde das geistreiche
1857 3823 2998 3878 kleine Lustspiel „Paracelsus“ von Schnitzlen= ein im Style
1852 3864 2987 3921 der deutschen Renaissance eingerichter Salonscherz — ge¬
1855 3904 2989 3956 gegeben. Herr Reicher, der als Paracelsus neu war,
1851 3944 2992 3990 spielte die geistige Ueberlegenheit ins Magische hinüber; aber
1855 3981 2989 4037 auch Frl. Dumont als Vertreterin der verschleierten und
1849 4018 3012 4083 entschleierten Neigung verstand in ihrer Art zu zauhern. A. K
2718 4066 2823 4134 E
