3392 4352
1159 122 1581 205 box 14/7
637 126 1023 202 Faehrtin
346 138 420 204 D1
87 136 1023 239 9. 2   0 Ge e
316 1142 541 1233 S
652 1225 1533 1320 Theater und Musik. 1) Geum
762 1301 1089 1373 Lessing=Theater.
1340 1296 1462 1382 4—
420 1344 1531 1399 Sonnabend, den 11. September, zum ersten Male: Die Ge¬
293 1390 1042 1458 fährtin. Schauspiel in einem Akt von Artl
1361 1398 1523 1455 Hierauf,
1168 1406 1225 1471 1
301 1423 1535 1497 neu einstudiert: Hanneles Himmelfühkt. Trünmöichlung in
299 1476 1079 1536 zwei Teilen von Gerhart Hauptmann.
434 1524 1534 1578 „Und das macht mir das Leben so vielfältig und abwechs¬
303 1567 1529 1621 lungsreich, daß mir eine Faroe die ganze Welt verändert“ sagt
306 1605 1538 1648 Schnitzler. Bei ihm ist alles Stimmung und feinste psychologische
305 1646 1538 1694 Analyse. Er gibt sie uns in gedämpftem Planderton, den unter
297 1676 1524 1733 allen Deutschen wohl nur die Wiener mit solch leichter Selbstverständ¬
299 1725 1533 1778 lichkeit und solch subtilem Stimmungszauber zu behandeln verstehen.
305 1765 1535 1817 Seine Einakter sind eigentlich dramatisierte Novellen, — Dialoge ohne
313 1806 1530 1849 Handlung, in denen er halb ironisch, halb resigniert das
307 1844 1533 1894 Fazit irgend einer Lebenserfahrung gibt. „Die Gefährti“ ist eins
303 1883 1536 1939 dieser elegischen Stimmungsbilder, das schon vor 10 Jahren im
313 1924 1529 1962 Deutschen Theater unter der Direktion Brahm aufgeführt wurde,
302 1963 1534 2014 dann aber von den Berliner Bühnen verschwand. Das lag wohl
300 1995 1531 2040 an einer gewissen Monotonie des Dialogs, an den vielen Gedanken¬
303 2038 1531 2089 strichen, die ihn wie tote Punkte unterbrechen. Nur ein hervor¬
303 2078 1533 2133 ragender Künstler vermag es, durch Wiedergabe der Hauptrolle hier
295 2121 1100 2163 Leben zu schaffen und Interesse zu erregen.
426 2153 1535 2207 Professor Pilgram hat seine Frau verloren. Er stand ihr
303 2190 1532 2248 schon lange fern, er weiß, daß sie einen anderen liebte, und hätte
316 2234 1527 2285 sie freigegeben, weun sie darum gebeten hätte. Er sah in ihr ge¬
302 2274 1535 2319 wissermaßen eine Heldin der Entsagung, und die Leiden, die er um
300 2311 1531 2363 sie litt, waren ihm eine Art Entschädigung für den Ver¬
1351 2352 1442 2399 es
1457 2351 1539 2401 sei
300 2349 1333 2410 lust ihrer Liebe. Nach ihrem Tode erfährt er
850 2387 1523 2448 die sie zum Schweigen trieb,
292 2389 827 2452 nicht Entsagung gewesen
302 2431 1533 2492 sondern ihre Liebe zum andern sei nur niedrige Spielerei gewesen
309 2473 1528 2524 und sie habe nie den Wunsch gehabt, ihm zu gehören. Da erkennt
306 2509 1528 2563 er, daß sie eine genz gewöhnliche Natur gewesen ist, er sieht, daß er
304 2548 1540 2596 in einer erträumten Welt gelebt und sie weit überschätzt hat. Ver¬
720 2592 1542 2653 er wende sich ab, — nun erst ein Wissender
294 2587 658 2644 achtung packt ihn,
299 2627 723 2691 und zugleich Befreiter.
419 2653 1545 2717 Oskar Sauers Darstellung des Professors war eine geniale
300 2703 1543 2755 Leistung. Er war unvergleichlich in der Subtilität der Charakter¬
299 2741 1544 2792 zeichnung, in der leise angedeuteten, aber doch scharf pointierten
306 2783 1541 2835 Wiedergabe der Seelenregungen des feinsinnigen Gelehrten, bei dem
307 2823 1541 2892 kühler Verstand künstlich des Herzens Fühlen zugedeckt hatte, das
311 2874 1267 2919 nun doch, nach dem Tode der Gefährtin hervorbricht.
427 2913 1534 2957 Die Rollen des Assistenten und der Hausfreundin sind eigent¬
292 2940 1544 2998 lich nur Besler'viegel für die des Professors und wurden von Frl
305 2973 1539 3026 Sussin und Herrn Stieler ohne persönliche Note wiedergegeben
299 3018 1534 3084 Eine geschmackvolle Inszeuierung bot den richtigen Stimmungshinter¬
297 3059 704 3133 grund für das Stück.
417 3083 1531 3149 Mit „Hanneles Himmelfahrt“ der zweiten Neu
301 3122 1531 3205 einstudierung des Abends, hat der Schnitzlersche Einakter eigentlie
1546 1231 2783 1304 nur das gemein, daß sie beide im Zeichen des Todes stehen. Hier
1548 1275 2775 1333 fein sezierende, kühle Analyse, — dort das Ueberströmen einer Dichter¬
1539 1329 2780 1393 phantasie, die aus dem Vollen schöpft, die aus den Tiefen,
1542 1363 2770 1423 des Gemüts quillt und sich auch beim Beschauer an das seelische
1552 1403 2772 1458 Mitempfinden wendet. Wie ein Klang aus fernen Kindertagen, der
1551 1445 2769 1500 längst verstummte Saiten wieder zum Tönen bringt, zog Gerhart
1557 1479 2774 1522 Hauptmanns Traumdichtung in ergreifender Beseelung an uns vors
1549 1518 2776 1570 über. Die Aufführung wurde sowohl der naiven Innigkeit und phan¬
2576 1563 2610 1591 9
1558 1563 2789 1611 tastischen Poesie, als auch dem düstern Realismus des werkes in
1554 1595 2780 1645 gleicher Weise gerecht. Sie war mit liebevoller Sorgfalt inszeniert, nach
1550 1639 2775 1686 Entwürfen von Ludwig v. Hofmann. Das Schemenhafte der Traum¬
1544 1686 2775 1728 gestälten wurde durch die Beleuchtung glücklich hervorgehoben, sie
1554 1716 2785 1767 wirkten wie Visionen — die Gruppe der Armenhäusler, die dem be¬
2255 1750 2786 1812 wie das personifizierte böse“
1545 1757 2245 1801 trunkenen Maurer gegenüber steht —,
1550 1791 2752 1839 Gewissen. Nur die drei lichten Engel waren zu grell beleuchtet —
1539 1829 2732 1886 auch brachten sie die Klangschönheit ihrer Verse nicht zur Geltung.
1655 1871 2789 1911 Die Hauptrollen waren in den Händen der ersten Kräfte, die
1557 1903 2785 1954 sich ihnen mit voller Hingabe widmeten. Ida Orloff führte uns
1550 1950 2772 1997 das verängstigte kranke Kind mit packendem Realismus vor und fand
1546 1990 2777 2044 erschütternde Töne für seine visionäre Verzückung. Heinz Monnard
1552 2020 2772 2079 brachte in Spiel und Stimme das Mild=Beruhigende, das von der
1549 2060 2795 2116 Person des geliebten Lehrers ausgehen soll, zu glücklichstem Ausdruck
1551 2106 2780 2156 und sprach die Bibelverse besonders schön Auch Irene Triesch brachte
1558 2143 2771 2185 die Traumerscheinung der toten Mutter durch die mystisch, in halben
1554 2186 2778 2229 Tönen geflüsterten Worte stimmlich zu schönem Gelingen. Emmanuel
1558 2217 2780 2274 Reicher zeichnete den rohen Vater mit derbem Naturalismus und
1559 2265 2769 2314 wußte das erwachende Gewissen im boshaften Trunkenbolde scharf zu
1558 2306 2773 2352 markieren. Die Armenhäusler erfuhren eine gleich drastische Wieder¬
1547 2339 2766 2391 gabe durch die Damen Wüst und Albrecht und durch die Herren
1539 2380 2154 2444 Forest, Ziener und Marr.
1653 2397 2759 2473 Ueber der Aufführung schwebte ein Stern schönen Gelingens
1554 2458 2764 2508 und sie machte sichtlichen Eindruck auf die Hörer. Weihevolle Stille
1553 2501 2774 2556 lag über dem Hause, — kein lauter Beifall störte den Zauber, der
2521 2537 2718 2602 E. v. B.
1557 2534 1936 2597 alle gefangen nahm.
