3392 4352
417 150 871 219 aracelsus
157 152 879 253 9. 1. J
1026 151 1445 233 box 14/6
2036 98 2792 145 österr. behördlich konzessioniertes Unternehmen für
2009 123 2802 180 Zeitungsausschnitte, Wien, I., Wollzeile 11, Tel. R 23-0-43
2174 234 2714 345 ABENDAUSG A9
1929 282 2275 345 Ausschnitt aus:
2133 342 2699 438 BrünnerTagesbote, Brünn
1934 473 2568 567 vom 26. JAN. 1937
1903 549 2806 634 Der Tor und der Tod. — Paracelsus.
1919 619 2803 688 Gastspiel von Mitgliedern des Burgtheaters im
2215 672 2495 735 Landestheater.
2057 728 2812 777 G. — Mag wahrscheinlich die gleiche kleine
1911 769 2803 821 Anzahl von handelnden Personen in erster Linie
1915 816 2818 867 bei der Zusammenfügung der beiden einaltigen
1915 849 2814 904 Dichtungen für Provinzgastspiele des sechsköpfigen
1923 879 2807 940 Burgtheaterensembles maßgebend gewesen sein,
1922 919 2812 982 so war gewiß auch die gedankliche Harmonie, die
1930 966 2801 1001 im Loben und Schaffen die beiden Wiener Ro¬
1919 1004 2812 1068 mantiker Hugo v. Hofmannsthal und Arhur
1919 1040 2811 1097 Schnitzter einte, nicht übersehen worden. Die
1927 1072 2802 1128 Tragodie des ewigspielenden, nie im Leben ver¬
1919 1114 2815 1174 woben, nie an dieses verloren gewesenen Toren,
1921 1153 2798 1200 der erst im Angesicht des Todes erkennt, an wel¬
1921 1198 2795 1236 chen Glücksmöglichkeiten er blind und in ästheti¬
1914 1237 2798 1283 sierendem Egoismus vorübergegangen ist, findet
1914 1269 2805 1323 in der Renaissancegestalt des mit Menschenseelen
1918 1314 2800 1363 erperimentierenden Arztes Paracelsus, das komö¬
1915 1351 2819 1406 dienhafte Gegenstück. Als er der einst geliebten
1913 1397 2800 1439 Justina wieder begegnet, ist sie die Gattin des
1915 1427 2800 1479 engstirnigen, prahlerischen Waffenschmiedes Cy¬
1919 1455 2821 1501 prian, dessen Verachtung seiner ärztlichen Seelen¬
1915 1494 2805 1545 kunst Paracelsus durch eine Justina erteilte Sug¬
1928 1539 2808 1586 gestion strafen will. Dabei „schlägt ihm jedoch
1926 1587 2810 1631 des eigenen Zaubers Schwall überm Haupt mit
1919 1608 2817 1669 Hohn zusammen“ er erfährt, — zu spät — daß
1917 1652 2816 1710 einst ein Feuster in der Stadt nächtlich offen¬
1929 1690 2813 1748 stand für ihn, der nicht kam.=Ob sich dann frei¬
1929 1731 2812 1766 lich aus dem Bombastus Theophrastus Hohen¬
1914 1769 2812 1815 heim, wenn er in die Netze des Eros geraten
1922 1806 2809 1849 wäre, der große Seelenarzt entwickelt hätte, dessen
1917 1843 2812 1892 Bahre vom Archeus, dem unbewußt wirkenden
1918 1886 2810 1928 Lebensprinzip, Schnitzler in die Kunst umdeutet,
1922 1923 2812 1974 durch Hypnose das Tor der Seelengeheimnisse zu
1919 1958 2820 2005 öffnen, bleibt uncrörtert. Raoul Aslan spielte
1915 1997 2812 2056 die beiden Abenteurer des Lebens Claudio, der
1916 2040 2811 2082 Tor Hofmannsthals, blieb leider hohles Vir¬
1920 2073 2819 2119 tuosentheater. Und die Regieidee, das tragische
1927 2116 2811 2172 Spiel entgegen den Absichten und genauen
1920 2156 2817 2206 Milienangaben des Dichters in einen imaginären
1923 2195 2816 2248 Raum zu verlegen, in dem dann stillos doch
1911 2228 2828 2288 ein Stuhl stand. Die Mätzchen, den Diener einen
1928 2253 2822 2321 unsichtbaren Teller in die leere Luft stellen zu##
1917 2303 2824 2360 lassen, aus einer nicht vorhandenen Lade un¬
1922 2350 2832 2402 sichtbare Briefe herauszureißen, Landschaftsschil¬
1916 2384 2820 2439 derungen und Porträtbetrachtungen in den aus
1916 2431 2818 2477 einer Loge kommenden Lichtkegel zu sprechen,
1918 2457 2824 2516 brachten das an Stimmungswerten und sprach¬
1916 2496 2806 2552 lichen Kostbarkeiten in der gesamten Weltliteratur
1922 2542 2823 2588 einzig dastehende Werk des 18jährigen Hofmanns¬
1920 2574 2825 2619 thal fast um jeden Zauber, zumindest für alle,
1918 2615 2815 2666 denen es bisher unbekannt geblieben ist, und sol¬
1920 2652 2816 2712 cher werden nicht wenige gewessen sein. Claudio
1921 2694 2815 2753 ist auch nicht der überreise Mann, als den ihn
1926 2732 2817 2783 Aslau gestaltet. Die äußere Rhetorik ließ über¬
1919 2771 2805 2826 dies die innere Musik der herrlichen Verse un¬
1920 2807 2822 2873 erlöst und der erschütternde Schmerz, den jede
1921 2847 2822 2894 Loktüre des Dramas immer wieder vermittelt,
1914 2882 2819 2939 blieb diesmal aus. Aslans Claudio drang nur
1927 2927 2804 2976 zum Trommelfell. Nicht wenig trug zur Des¬
1928 2967 2813 3020 illusionierung des Zuschauers die Unbeteiligung
1919 3004 2803 3059 des stummen Claudio an den um ihn sich abspie¬
1930 3048 2812 3092 lenden Ereignissen bei, da sich der Darsteller in¬
1929 3080 2816 3138 zwischen angelegentlichst mit dem Beleuchter und
1930 3119 2816 3172 dem Souffleur beschäftigte. Um Aslaus Paracelsus
1920 3165 2818 3213 hingegen wob eine fesselnde Atmosphäre des ge¬
1930 3181 2812 3252 heinmisvollen Schicksalslenkers, durchblitzt von
1924 3237 2808 3298 köstlicher Ironie und lächelndem Humor, mit
1914 3276 2819 3336 denen er Sieg und Niederlage dieser entscheiden¬
1928 3318 2808 3365 den Lebensstunde zur Schau trug. Auguste Pün¬
1928 3348 2818 3406 kösdy sprach das Mutterleid ergreifend und
1925 3393 2806 3443 schlicht und gab auch der Justina im Banne des
1929 3432 2816 3485 Jugendfreundes Farben und Töne zartester soe¬
1920 3452 2811 3520 lischer Aufgeschlossenheit. Julia Janssen lag
1922 3512 2810 3575 die verhaltene Klage der toten Geliebten Clau¬
1924 3548 2817 3594 dios nicht minder überzeugend als der kindliche,
1924 3584 2811 3634 Trotz Cäcilias. Aus dem stilvoll=statuarischen
1924 3626 2813 3682 Erlöser=Tod verwandelte sich Reinh. Siegert
1934 3662 2809 3723 in den lauten, von starker Drastik getragenen
1928 3706 2805 3756 Prahlhaus Cyprian. Philipp Zeska lieh dem
1924 3752 2805 3798 anklagenden Jugendfreund Glaudios die bedrän¬
1927 3782 2802 3832 gende Wucht eines „Nachtmahrs“ und entfaltete
1929 3827 2804 3868 hierauf als zuerst stürmischer, dann verdutzter
1929 3865 2800 3902 Junker Ansolm feuriges Temperament und er¬
1922 3898 2805 3947 heiternde Nuancen. Als Doktor Copus belustigte
1925 3936 2813 4006 Viktor Braun durch künstlerisch gebändigte
1925 3977 2827 4049 Groteslkomik. Die Wiener Gäste wurden nach bei¬
1926 4016 2489 4067 den Stücken herzlichst gefeiert.
