3296 4256
1031 122 1104 188 W
1520 125 1977 214 box 34/2
168 125 1377 228 30. Der Gang zuneiner
2073 485 2239 578 „ diel
1043 588 2288 718 Uraufführung im Burgiheater
1089 675 2285 749 Gestern wurde die nicht mehr ganz neue, aber wesentliche
1056 707 2230 814 und tiefe Dichtung Artur Schnitzlers „Der Gang
1057 758 2215 825 zum Weiher“ aufgeführt, und damit hat das Burg¬
1057 801 2207 883 theater eine Schuld beglichen. Fast alle Bühnenstücke
2216 845 2289 902 A
1053 841 2215 937 Schnitzlers sind in Prosa geschrieben, die meisten mit dem
2211 893 2290 945 K
1057 878 2215 973 Anklang an Wien, dieses ist ein seltsam=fernes und doch
2221 937 2298 988 al
1053 916 2208 1012 wieder vertrautes Traumreich gebannt, edle und melancholi¬
2217 983 2289 1031 sti
1053 962 2193 1059 sche Verse, die in der Linie Grillparzer=Hofmannsthal liegen,
2208 1020 2286 1083 be
1059 1009 2194 1093 schwingen ins Herz des Zuschauers hinein. Es ist eine
2219 1072 2292 1118 un
1042 1052 2190 1142 Freude, dem Betrieb entrissen und wieder einmal von
2221 1110 2290 1156 all
1054 1093 2195 1182 reiner Dichtung umweht zu werden. Die Damen Jo¬
1043 1140 2193 1227 hannsen und Wohlgemuth, die Herren Onno,
1052 1178 2187 1267 Balser, Hennings, Heim hatten die Hauptrollen
2221 1178 2286 1258 zu
1045 1221 2201 1323 inne, die Darstellung war vortrefflich. Der Erfolg groß.
1040 1258 1568 1333 Eingehender Bericht folgt.
2027 1295 2173 1362 E. L.
1050 1347 1431 1475 Abschluß
2208 1403 2269 1450 p
1434 1362 2175 1474 der Weltrundfunk¬
1399 1553 2061 1634 aere Kroen häusig ourch Erstana)
2078 1573 2196 1654 von
910 1561 2066 1683 des natürlichen „Franz=Josef“=Bitterwassers, ein Glas voll
2090 1641 2206 1696 gast
906 1624 2057 1721 abends kurz vor dem Schlafengehen, behoben. In Apoth. erhältlich.
1136 1681 1341 1759 S
2086 1683 2206 1744 Fried
2071 1726 2200 1780 begin
1005 1735 1975 1830 Theater= und Kunstnachrichten.
2080 1768 2217 1827 alte
983 1777 2060 1881 (Burgtheater.) „Der Gang zum Weiher", ein wohl¬
898 1833 2056 1930 lautendes Versstück von Arthur Schnitzler, von einer Rein¬
2067 1844 2207 1908 Ber
2068 1895 2193 1951 Land¬
903 1877 2052 1970 heit des Tones, wie man ihn aus Burgtheaterneuheiten schon
2070 1942 2203 1999 minif
891 1920 2058 2014 lange nicht vernommen, erzielte bei würdigster Vorstellung einen
2081 1985 2212 2037 Aus
898 1965 2048 2057 vollen Erfolg. Die überragende Rolle des Kanzlers fand an
2063 2027 2206 2084 Schi
894 2000 2046 2090 Balser einen durch Kraft und Väterlichkeit überzeugenden
2064 2066 2192 2116 dka
887 2052 2053 2133 Vertreter. Ein unerfülltes Frauenschicksal erfüllte Frau Wohl¬
2069 2098 2195 2160 Ause
889 2100 2051 2189 gemuth mit edelstem Anstand, Frau Johannsen ein er¬
2065 2149 2187 2200 Wen
894 2137 2039 2229 fülltes mit hintergründiger, nur manchmal etwas zu leiser An¬
884 2174 1642 2255 mut. Herzlichster Beifall rief den Dichter.
2057 2186 2178 2248 Kolb
1856 2210 2009 2271 R. A.
2059 2234 2188 2285 dami
963 2237 2041 2310 (Komödie.) Woher nimmt das Drama „Sarajevo
2066 2270 2192 2325 deren
894 2269 2036 2359 1914“ von St. Brandowski, dessen deutsche Uraufführung
2062 2317 2180 2369 gebill
885 2315 2036 2429 gestern einen lebhaften Erfolg errang, seine starken Spannungs¬
2048 2356 2195 2424 ziehn
876 2364 1772 2456 reize? Man kennt doch den Ausaang dieser N
888 2480 1227 2551 TrbctterLsutr.
887 2515 1742 2585 Rudolfsheimer Männerchors (Stepyan##
882 2579 2021 2637 („Weiße Rose"), Tanzkränzchen („Marokkaner"), Ver¬
884 2616 1839 2677 des G. V. „Reit im Winkel“ (Matzinger=Saal).
1031 2687 1981 2787 Theater und Kunst.
1248 2771 1761 2872 Burgtheater.
884 2864 2114 2927 Zum erstenmal: „Der Gang zum Weiher.“ Dramatische
992 2909 1994 2975 Dichtung in fünf Akten von Artur Schnitzler.
804 2961 876 3002 in,
815 2990 877 3036 n
978 2983 2128 3031 Das Stück, das man als ein Denkstück bezeichnen
814 3022 876 3065 em
887 3018 2121 3081 kann und das alle Zeichen einer hohen Geisteskultur
891 3068 2120 3128 trägt, wurde namentlich nach den ersten drei Akten mit
794 3085 882 3164 an
895 3114 2111 3165 langandauerndem Beifall ausgenommen, der sich der
883 3156 2122 3214 Bedeutung des Dichters bewußt zeigte. Schließlich er¬
898 3207 2112 3269 schien der Dichter selbst auf der Bühne und konnte für
891 3253 2116 3318 eine persönliche Huldigung des Publikums wiederholt
892 3306 2106 3353 danken. Seine dramatische Dichtung vereinigt mehrere
880 3352 2120 3409 Themen in polyphoner Verschlingung. Politik, Mystik,
900 3400 2115 3457 Erotik. Die Lektüre des Buches erscheint manchmal not¬
888 3442 2123 3492 wendig, zumal, wenn auf der Bühne nicht allzu deutlich
892 3490 2122 3543 gesprochen wird. Am deutlichsten erschien Ewald
890 3541 2112 3599 Balser in der Figur des Freiherrn und Kanzlers, der
772 3571 850 3625 6.
874 3577 2124 3627 entfernt an Bismarcks Gestalt erinnert, obwohl das
828 3630 878 3681 *
889 3627 2024 3686 Stück ins Rokoko oder besser ins Zeitlose verlegt ist.
973 3692 2106 3747 Wir kommen auf die Dichtung noch zurück, deren
768 3724 2118 3796 Ul. 9 Verse das Wiener Publikum, namentlich die ältere
772 3784 2119 3842 sl.9 Generation, mit sprachmusikalischer Wirkung berühren.
1887 3833 2063 3893 E. D.
1664 3895 1978 3979 4IE
