3344 4224
1611 173 2059 277 box 34/1
251 159 1530 287 30. DerGang zum Neiher
3115 1512 3312 1594 Mtes
443 1491 2720 1594 d Eanbesacher, zu diesem Behufe an Stenel— h
3130 1558 3296 1623 letzten
453 1571 1386 1643 deines elegauten steifen Hutes einen aten
1433 1590 2937 1663 Die ersten Schneepflüge säubern die Mariahilferstraße. (Photo Rübelt.)
3142 1601 3303 1668 Kinos,
529 1677 1369 1736 Und diesen Stolz, diesen Fanatismus zur
1426 1701 3152 1769 Das wären so die erotischen Angelegen= Morgen in sich trüge, wo Mörder und Opfer
3147 1703 3234 1753 es
444 1714 1349 1781 Freiheit, bewahrt Leonilda auch vor ihrem
1347 1729 2241 1797 heiten, mit denen die Zuschauer vom
2251 1741 2943 1797 von vornherein bestimmt wären.
3153 1740 3298 1816 Schärfe
447 1772 1352 1822 Vater. Frei will sie sein, nicht ewige Sklavin
1346 1768 2246 1831 Schnitzler=Stück befaßt werden. Es kommt
2324 1767 3157 1857 Es ist ein wahrer Haßgesang gegen den
441 1813 1346 1867 jener Nacht am Weiher. Auch nicht Sklavin
1353 1816 2250 1875 aber auch das große Menschheitsproblem des
2249 1815 3144 1905 falschen Glauben vom Krieg als unver¬
3142 1815 3303 1905 Wohlge
448 1857 1354 1912 eines Mannes. Doch als schließlich Konrad
1360 1861 2251 1909 Krieges vor das Forum der Zühne. Der er¬
2246 1865 2652 1937 meidliches Schicksal.
3138 1887 3237 1940 Es
446 1884 1349 1962 vor ihr niederkniet, um sich ihr für alle Zu¬
1358 1905 2257 1958 wähnte junge Konrad, der Merschallsohn, war
2326 1911 2597 1965 Und man
2603 1891 3143 1976 glaubt, Friedensakkorde
3142 1921 3295 1989 Rolle,
437 1937 1350 2001 kunft zu versprechen, sagt sie doch nicht nein.
1355 1936 2238 2003 eigentlich als Künder des bevorstehenden
2248 1947 3145 2036 herüberklingen zu hören aus dem Völkersaal
1343 1985 2239 2041 Krieges zum ehemaligen Kanzler gekommen.
2245 1998 2542 2065 zu Genf.
3134 2016 3287 2081 überstü
1357 2034 2254 2095 Er will den Freiherrn für diesen neuen Krieg
542 2028 1340 2104 Aber nicht nur die Tochter, auch die un¬
3145 2069 3277 2125 Schnit
1351 2077 2256 2130 gewinnen. Doch darob ergreift den alten
2313 2071 3305 2168 Um wieder zu den Liebeshelden des Charge
435 2099 1346 2152 vermählt gebliebene Schwester des Freiherrn
1359 2112 2239 2179 Herrn Entsetzen. Er will lieber noch mit dem
2244 2119 3307 2207 Stückes zurückzukehren: Silvester Thorn kann vertrau
445 2143 1347 2200 hat der Dichter zur Trägerin eines Probleme
1352 2161 2240 2206 feindlichen Gesandten, seinem Freund, ver¬
2243 2190 3148 2254 es nicht ertragen, von Leouilden abgewiesen
440 2183 1350 2238 gemacht. Der Bruder fühlt sich dieser vor¬
3138 2196 3304 2250 ein ver
1355 2203 2249 2259 handeln, doch der junge, kriegslüsterne Soldat
2249 2222 3143 2289 zu sein. Er ertränkt sich im Teich. Den Frei¬
450 2228 1353 2287 nehmen Seele gegenüber schuldig, weil er sie
3144 2240 3304 2294 Philoso
1354 2246 2248 2301 heißt solch ein Gesprach erniedrigend. Denn
2244 2266 3146 2315 herrn berührt der Tod des Freundes tief
441 2270 1351 2329 „in falschem brüderlichen Wahn von Ehre“ zu
3132 2283 3291 2342 Zibeben
1347 2293 2241 2345 bei aller Vorsicht würde immer die Angst vor
2247 2307 3144 2379 schmerzlich, doch „mit getrosterem Sinn“ weiß
443 2307 1348 2363 sehr vor den Gefahren des Lebens bewahrt
3138 2326 3302 2382 gelahrt
1350 2328 2235 2398 dem Feind herausklingen. Der Freiherr aber
2251 2355 3140 2425 er ihn tot im kühlen Grund „als im Hochzeits¬
444 2361 1344 2407 hat, das heißt vor den Gefahren der Liebe.
3146 2369 3251 2420 die
1346 2372 1936 2438 lächelt zu solchem Vorwurf.
2245 2388 2706 2447 bett mit seinem Kind“.
443 2400 1354 2453 (Es ist der Seufzer, der auch dem Munde des
3136 2407 3316 2467 der ein
1430 2418 2203 2488 „Armseliger, verruchter Sinn wäre es —
2330 2425 3143 2495 Die Tragik der Vereinigung von Alt
429 2445 1354 2522 greisen Musikers in der „Liebelei“ entströmt.)
3132 2452 3308 2514 leugnet
1356 2455 2239 2535 erwidert er — der nicht, auf die Gefahr hin,
2247 2464 3133 2561 und jung — sie wird hier (man sieht's) ger
3129 2493 3250 2545 Hum
532 2494 1344 2550 Doch in unserm Fall antwortet die
1350 2513 2244 2581 feig zu erscheinen, noch das Letzte wagte, ein
2243 2524 2637 2600 stark unterstrichen.
3143 2526 3307 2609 Müller
435 2531 1349 2590 Schwester selbstbewußt — gleich ihrer Nichte
1355 2555 2102 2617 drohendes Verhängnis abzuwenden!“
439 2574 1361 2649 Leonilda der Bruder möge durch unerbetenes
1406 2592 2252 2671 Und als Konrad mit dem alten Argument
2312 2590 3141 2673 Die Darstellung des Burgtheaters schöpfte
450 2628 1341 2703 Mitleid ihr Los nicht entweihen. Er trage
1350 2645 2242 2713 der Friedensverächter kommt, der Krieg sei
2249 2659 3135 2714 aus den Sprachschönheiten des Stückes was
447 2661 807 2736 keinerlei Schuld.
1345 2697 2233 2747 vorbestimmt, da ruft der alte Kanzler aus.
3138 2685 3301 2759 Publiku
2245 2694 3133 2760 ihr möglich war, um den Schatz mit offenen
541 2704 1347 2774 „Hätt' ich mich für mich selber nicht be¬
1347 2739 2246 2787 Jederzeit haben die Kriegsfreunde vor¬
3148 2748 3310 2807 erzählt.
2251 2747 3139 2796 Händen den Hörern darzubieten. Aber in
447 2742 602 2817 wahrt
643 2763 1349 2843 ruft sie aus — mehr als einem
1352 2760 2246 2859 bestimmt genannt, was ihnen wahrscheinlich
3133 2788 3291 2848 Wildga
2241 2788 3138 2859 diesem Hause ist es gar schwer. Verse zu
445 2797 968 2876 müßt' ich angehören. ...“
1365 2819 1852 2880 schien. Vorbestimmtheit!
3142 2836 3255 2887 tief si
2240 2836 3125 2886 sprechen. Wie glänzend Balser (Kanzler) und
542 2833 1362 2907 Die Frau braucht keinen Vormund. Man
1378 2848 2241 2929 Nicht einen Tag litte es ihn in einer
3132 2872 3296 2932 der Sp
2247 2878 3141 2940 Hennings (Konrad) ihrer Aufgabe gerecht
449 2899 1351 2960 fieht: durchaus moderne Schnitzlersche Frauen
1352 2896 2235 2969 Welt, die nichts von Schuld und doch von
3134 2915 3311 2976 leute al
2245 2908 3147 2967 wurden, haben wir schon im ersten kurzen
452 2941 1352 3011 erschauen wir in diesem achtzehnten Jahr¬
1347 2946 3140 3015 Sühne wüßte, nichts vom Verdienst und doch Bericht erwähnt. Ebba Johannsen als Leonilda
445 2986 665 3060 hundert.
1338 2980 3120 3064 vom Lohn der Tat — keinen Tag litte es beredt in der stummen Sprache ihrer vor¬
3126 2989 3306 3065 Dichter
1347 3045 2761 3124 ihm in einer Weit, wo jedes Heut' sein nehmen Bewegungen. Ih#
2781 3044 3301 3125 m Worte gebnach nehmnen
