3296 4256
168 232 1988 342 30. Der Gang zum Weiher box 34/2
789 1309 2159 1410 Ein Hauch von Schwermut. Stärker weht er jetst über
685 1396 2155 1461 diese Landschaft hin von den Zypressen des Friedhofes, der meinen
679 1450 2151 1526 Sommerhaidenweg mit mildem Ernst bewacht. Hier auf dieser Bank,
679 1516 2145 1587 erzählt man, hat Arthur Schnitzler seinen wienerischen Roman
690 1575 2095 1637 „Der Weg ins Freie“ skisziert. Jetzt umringen mich Schatten
743 1745 2092 1865 Behördliche Regelung des Autoverkehres
1089 1841 1739 1960 beim Burgtheater.
1088 1939 1742 2022 ZU- UND ABFAHRT.
856 2019 2091 2086 Zu den Eingängen an der Haupttront des Theaters darf
746 2070 2094 2144 nur in der Richtung zum Volksgarten zu- und in derselben
745 2124 2078 2176 Richtung von dort weggefahren werden. Zu den beiden Seiten¬
750 2170 2092 2227 flägeln dieses Theaters darf nur von der Ringstraße her
742 2220 2091 2279 zugefahren und mub in der Richtung zur Ringstrabe weg¬
739 2270 1164 2333 gefahren werden.
742 2303 2088 2407 (Verordnung der Bundespoltzei-Direktion in Wien vom 30. Dezember 1930,
1264 2371 1570 2442 V. A 3482 30.)
1257 2428 1579 2508 PARKEN.
852 2490 1367 2570 Es wurden bestimmt:
858 2550 2081 2609 für bestellte Fahrzeuge der Platz vor dem Volksgarten¬
736 2614 2087 2675 gitter bis zum Eingang in den Volksgarten und die Teinfaltstraße
747 2655 2094 2725 auf der Seite der ungeraden Nummern (Richtung zum Theater);
852 2706 2091 2768 für Fahrzeuge der Selbstfahrer die Löwelstraße längs
740 2756 2083 2823 des Volksgartengitters (Richtung zum Theatergebäude) oder
741 2798 2087 2885 der Platz vor den Häusern Löwelstraße Nr. 12—18 (Richtung
738 2848 1176 2916 zum Volksgarten).
737 2895 2077 2989 (Verordnung des Wiener Magistrates vom 30. Dezember 1930, Mag.-Abt.
1278 2951 1542 3028 52 3578 30.
675 3099 2147 3176 die Gestalten seiner Geschichten. Und vor diesem Friedhof hier,
678 3171 2142 3254 an dem, die Laute am Band, verliebte Jugend vorübertlirrt, schlägt
683 3232 2139 3301 mir plötzlich der tietere Sinn dieser spielerisch schwermütigen
677 3284 2140 3353 Schnitzlerweise entgegen: Ein Maskenscherz des Todes ist dieses
668 3342 2154 3427 Dasein — er tritt in die Lebensfülle hinein, wie dieser fremde,
673 3418 2156 3487 todbringende Herr der „Liebelei“ in das Gezwitscher der jungen
674 3463 867 3546 Leute.
