3436 4384
1699 267 2164 370 box 34/2
338 269 1672 390 30. Der Gang zun Neiher
2677 918 2854 1007 5
2174 919 2518 1017 Gra geiegen
1837 921 2162 1006 awf
794 950 978 1031 Wute.
2842 947 3449 1053 Gerät entsprechend möglich w
1827 995 2849 1064 steueramt in Graz, für andere Liegenschaften
840 990 1506 1082 Hiezu wird amtlich festgestellt:
2843 1026 3443 1084 arbeit herangezogen worden.
1833 1043 2843 1101 (Baurechte) das Steueramt, in dessen Amtsbereich
841 1042 1854 1125 Die Mitteilungen des „Abend“ sind selbstver¬
2837 1069 3440 1134 klärte schließlich, daß er sowo
805 1096 2849 1178 ständlich vollkommen unwahr. Niemals ist die Liegenschaft (das Baurecht) gelegen ist. Die
2848 1106 3451 1176 wie über den Wunsch der Ab
1828 1141 2850 1216 näheren Bestimmungen über die Bemessung und
796 1155 1831 1220 ein Offizier des Bundesheeres zu Unterrichts¬
2840 1166 3451 1242 meister unverzüglich Bericht
1837 1192 2849 1244 Entrichtung der Tilgungsbeiträge enthält die
797 1205 1838 1270 zwecken oder sonstigen privaten Verrichtungen für
1835 1231 2851 1297 IV. Wohnbauförderungsverordnung (verlautbart
792 1255 1837 1325 den Bundespräsidenten oder dessen Familie heran¬
2869 1230 3450 1329 Der städtische Fuhrwerksbet#
1847 1284 2840 1344 in dem am 15. d. M. ausgegebenen 11. Stück des
2858 1293 3436 1351 reinigung in Wien besorgt, te
805 1301 1834 1372 gezogen worden. Es ist daher auch unwahr, daß ein
1834 1333 2853 1386 Bundesgesetzblattes (Jahrgang 1931), das im
2847 1346 3451 1396 Schneesäuberung 999 Mann des
807 1352 1839 1407 Offizier gewissermaßen zur Belohnung für eine
2840 1373 3440 1439 außerdem 9012 für die Schnee
811 1377 2839 1452 solche angebliche Dienstleistung in der Familie des Bücherverschleiß der österreichischen Staatsdruckerei,
2837 1419 3425 1471 genommene Schneearbeiter in
811 1430 2670 1509 Bundespräsidenten außertourlich befördert worden Wien, 1. T.g., Seilerstätte 24, käuflich ist.
2830 1447 3444 1529 Von den städtischen Straßenbah
2842 1500 3435 1554 arbeiter ausgenommen und in
800 1499 973 1576 wäre.
2850 1593 3428 1666 eigenen Entschluß abhängig
1836 1597 2862 1675 anfange. Diese Haft versüßt ihm der gewiegte Po¬
809 1605 1842 1658 langt, droht er sogar mit Abfall des Heeres, wenn
2847 1650 3450 1705 muß das Unvermeidliche kor
1836 1645 2851 1710 litiker und kluge Vater mit — Leonitda. Der un¬
806 1654 1841 1706 der Kaiser nicht den Krieg erklären wolle. Siloester
2854 1694 3451 1753 das Alter an Verstand und
1842 1701 2851 1761 richtige Thorn soll durch den Richtigen ausgestochen
798 1702 1843 1764 Thorn beabsichtigt mitten in der Nacht das Schloß
2851 1738 3448 1813 so mag die Jugend nur Be
1837 1749 2856 1812 werden. Halb verrät der Vater das Geheimnis des
804 1751 1836 1826 zu verlassen. Er hat nur das hier aufbewahrte Tage¬
2851 1796 3452 1857 des Schicksals. Die ewige 2
798 1797 1843 1859 buch seiner Jugend — wir befinden uns eben in
1836 1795 2852 1860 Weihers, und damit ist der Sinn des Hitzkopfs gleich
2860 1836 3451 1907 Lebensalter ist in einem echt
798 1841 1846 1903 einem schreibfreundlichen Haus — noch einmal lesen
1832 1840 2854 1921 auf ein anderes Spiel als das der Waffen gebracht.
2857 1889 3451 1959 gestaltet, nicht ohne daß die
807 1890 1848 1957 und dann verbrennen wollen, hat abgeschlossen mit
1871 1907 2858 1961 In der Tat hat Leonilda am Weiher ihn als den
2857 1935 3445 2011 Alters den Dialog manchma
798 1939 1847 2006 seinen einstigen Wirrungen und glaubt sich mit
1843 1962 2859 2032 Richtigen gefunden und der Kanzler glaubt alles
2858 1993 3439 2044 aber keiner ist ohne weite Au
802 1993 1834 2065 seiner Sehnsucht nach Bindung, Besitz und Familie
1844 2012 2853 2078 gewonnen, als er vom Hof auf kurzen Aufenthalt
801 2038 1839 2108 vor neuem gefeit, als ihn Leonilda überrascht, warnt
2855 2042 3439 2105 heit der Erkenntnis erleuch
1846 2068 2855 2122 ins Schloß zurückkehrt. Er hat Liebe und Vertrauen
797 2077 1843 2142 und so bedeutungsvoll ablenkt, daß er ihre Neigung
2855 2094 3449 2161 Situation, so daß auch di
1853 2112 2853 2180 des Kaisers wieder, den Frieden mit dem Nachbar
808 2129 1847 2198 vermutet und die seinige gleich lichterloh brennen
2855 2131 3439 2199 Szenen, die verweilenden, ja
1854 2160 2860 2220 meint er gesichert und den glücklichen Ausgang seiner
803 2180 1838 2250 fühlt und gesteht. Sie sagt weder ja noch nein, sie
2862 2193 3440 2261 Lauf der verschlungenen Har
1848 2207 2863 2270 List erblickt er in den frohen Mienen der jungen
801 2226 1846 2302 läßt alle Möglichkeit offen, sie wandert den Weg
2867 2241 3441 2307 und vertiefen. Wie bedeutend
1844 2249 2857 2318 Leute. Indessen: auch Thorn kommt zurück und
804 2275 1837 2339 zum Weiher hin. Ob er ihn findet? Das Vielleicht
2870 2288 3444 2370 zweiten Aufzug schließt: „Na
1851 2306 2861 2374 fordert „unverändert“ Leonilda. Seine Geliebte und
813 2325 1849 2386 schon entflammt den Entzündlichen, er fordert
2859 2345 3024 2405 Welt!“
1848 2354 2864 2429 sein Kind sind gestorben, um so dringender begehrt
802 2375 1839 2444 Leonildens Hand vom entsetzten Veter, der den
2899 2368 3438 2453 Das kann nur de Jugen
1841 2398 2876 2477 er neues Glück. Aber wie anders erscheint der
804 2424 1836 2489 Leidenschaftlichen mit der Erinnerung an die Ge¬
2860 2441 3440 2514 und fühlen, die den ewigen
1846 2451 2869 2533 Arme der nun Erfahrenen, nun Belehrten! Alt,
807 2463 1846 2545 liebte, an das erwartete Kind, an Haus und Heim
2859 2487 3446 2564 aller Dinge weiß und das ole
1841 2511 2866 2584 unmöglich! Sie bietet ihm Freundschaft, er fordert
803 2519 1848 2593 nicht bändigen und höchstens zum Versprechen be¬
2868 2541 3443 2605 sätze. Von dem vielartigen E
1840 2559 2863 2615 Liebe und geht, zurückgewiesen, den Weg zum
800 2562 1852 2651 wegen kann, gleich zu gehen und wenigstens noch
2868 2596 3449 2662 einer klarflüssigen Sprache,
1844 2607 2870 2678 Weiher, den er früher nicht finden konnte, und geht
819 2614 1855 2679 eine Zeit zu warten, dann wiederzukommen und zu
2862 2636 3449 2709 reichen Inhalt mitteilt, ist
1854 2654 2867 2728 ihn zu Ende — ins Wasser. Noch einmal — die,
820 2662 1856 2729 sehen, ob er, ob Leonilda noch die Gleichen seien.
2859 2677 3450 2764 Dienstes am Zusammenwirken
1844 2700 2873 2780 wenn auch gesteigerte Wiederholung der moralischen
810 2711 1855 2777 Erst in diesem Fall wolle der Vater zustimmen. Die
2864 2743 3448 2804 der beste: es ist der Sim
1847 2758 2866 2839 und physischen Gefangensetzung eines Unbändigen
813 2758 1851 2831 beiden Freundesfiguren wandeln in selbständiger
2862 2789 3449 2867 Dichtung schlechthin zu allen
1847 2804 2870 2866 ist, wie jede Wiederholung eines Motivs im
821 2807 1853 2869 Bedeutung das charakterologische Motiv von Tasso
2894 2848 3440 2914 Die Aufführung hat gera
1844 2844 2870 2920 Drama, technisch bedenklich — noch einmal will der
825 2860 1212 2938 und Antonio ab.
2860 2887 3441 2973 tung der Sprache nicht genu
1859 2901 2871 2974 Kanzler den jungen Ursenbeck gefangensetzen, um
863 2894 1853 2993 Der Kaiser sendet durch den jungen Ursenbeck
2865 2945 3446 3015 die Regie doch wie immer
1851 2957 2857 3023 Störungen des Friedens zu verhindern, aber es ist
824 2969 1856 3033 ein Handschreiben, worin Mayenau wieder zum
2874 2993 3451 3062 stellung im sichtbaren Raum
1852 2998 2861 3071 zu spät, der Krieg ist durch die Nähe der beiden
818 3019 1849 3101 Kanzler ernannt wird. Mayenau nimmt das Amt
2860 3044 3442 3102 Balser als Mayenau gibt
1851 3051 2867 3116 Heere von selbst entbrannt, und auch die Liebe kann
817 3064 1849 3126 an, weil er nur so den Krieg im letzten Augenblick
2859 3093 3444 3164 tigen Plau, er spielt nicht
1849 3103 2871 3178 den Jüngling und Leonilda nicht hindern, ihrerseits
824 3109 1863 3181 verhindern zu können hofft. Sein erstes ist, den
2865 3138 3440 3212 und selbst das bißchen Trac
1849 3156 2872 3229 auf dem Leben, auf der Freiheit dem Kampf auch
815 3166 1863 3230 Neffen als Gefangenen hier zu behalten, damit der
822 3236 3450 3297 Unbesonnene nicht im Lager den Krieg aus eigenem in der Liebe zu bestehen und jede Bindung nur vom fachheit und Geradheit verstö
