3296 4256
223 192 1444 303 30. Der Gang zun Weiher
1598 182 2054 285 box 34/2
1844 1106 3010 1188 k. Rinah „bunziglausend Wohnungen, das ist um drei¬
668 1122 1827 1222 geringerer Tätigkeit und freilich auch geringerer Ent¬
1834 1171 3017 1236 zehn Prozent, überschritten. Allein Berlin hat im Jahre 1930
122 1156 291 1246 lon.
669 1173 1630 1259 lohnung die Betriebe als solche gerettet werden.
1843 1205 3017 1268 beinahe vierundvierzigtausend Wohnungen neugeschaffen,
123 1227 480 1311 Korrespondenten.
208 1282 625 1373 Paris, 16. Februar.
1831 1308 3017 1383 und Reife im Gleichgewicht gehalten; nie hat er schönere
913 1298 1592 1421 Feuilleton.
131 1336 658 1433 nachts im Marine¬
1826 1349 3015 1433 Verse gemacht und nie noch hat man dankbarer empfunden,
1833 1396 3007 1498 daß er, zur Muttersprache aller Poesie zurückkehrend, welche
110 1380 661 1486 brochen. Die große
1834 1428 1981 1519 macht.
1048 1447 1444 1534 Burgtheater.
107 1463 665 1543 oote, ein Gebäude
1914 1471 3009 1566 Der Musikalität der Form entspricht in dem neuen Werk
684 1495 1806 1595 „Der Gang zum Weiher“ von Arthur Schnitzler.
120 1520 663 1600 und fünfzig Meter
1818 1509 3013 1621 auch eine hohe Musikalität des Inhalts. „Der Gang zum
744 1572 1821 1652 In Arthur Schnitzlers weitverzweigtem Werk, dessen
121 1574 648 1671 jen Augenblicken in
1829 1589 3005 1675 Weiher“ nennt es sich, aber läßt man den symphonischen
657 1601 1828 1714 Fruchtbarkeit seine Gültigkeit bescheinigt, gibt es Gruppen
1822 1628 2990 1721 Widerstreit der Motive, aus denen es sich zusammensetzt, in
652 1673 1819 1757 von Motiven, die, aus dem gleichen Grundmotiv entsprossen,
1829 1681 3006 1773 der Erinnerung nachhallen, so würde man es für sich selbst
653 1716 1811 1800 nah beieinander wohnen und gleichsam eine Familie bilden.
1825 1729 2996 1812 am liebsten als „Adagio eines Lebensabends“ bezeichnen.
647 1762 1821 1841 Auch seine neueste dramatische Dichtung „Der Gang zum
1822 1779 2998 1864 Sein Inhalt ist fast so schwer zu erzählen wie derjenige einer
110 1759 520 1890 lage der
640 1798 1817 1888 Weiher“, die so neu nicht mehr ist, weil sie so ungebührlich
1826 1823 2991 1897 Symphonie; nicht, weil er nicht klar geordnet wäre, aber
646 1854 1820 1936 lange auf ihre Aufführung hat warten müssen, gehört zu
1821 1873 2988 1953 weil man das Gefühl hat, daß man dieser aus Nachdenklich¬
647 1908 1812 1987 einer solchen Familie, und für einen Linné der Schnitzlerschen
111 1862 627 2008 n Presse“.
1817 1916 2987 1997 keit, Geist und Schmerz zart verwobenen Lebensmusik un¬
643 1950 1813 2016 Flora dürfte es nicht allzu schwierig sein, ihre botanische und
1822 1970 2996 2031 recht tut, wo immer man sie mit harten Worten anfaßt. Der
638 2002 1815 2078 organische Zusammengehörigkeit mit dem „Schleier der
1810 2011 3003 2090 „Gang zum Weiher“ hat viel vom Märchen, aber auch manches
639 2043 1816 2124 Beatrice", dem „Ruf des Lebens“ und vor allem der
160 2043 621 2139 Wunderkind.“
1814 2067 2982 2132 von Ibsen und alles von Schnitzler. Ein mildes Meisterwerk,
639 2101 1816 2168 „Komödie der Verführung“ aufzuzeigen. Mit dieser etwas
1806 2109 2549 2187 ist es zugleich ein Werk sui generis.
642 2140 1819 2217 locker komponierten Komödie hat das in jedem Betracht jüngere
1908 2161 2973 2241 Starke dramatische Akzente fehlen ihm so wenig wie es
626 2183 1805 2255 Stück im Wurzelgeflecht der Thematik und auch in seiner
130 2186 618 2289 im Hamburger
1820 2207 2975 2288 dem Drama an ihrem szenischen Ausdruck, den dankbaren
633 2230 1803 2308 blühenden Liebesweisheit — die die ganze Gattung kenn¬
1813 2257 2975 2333 Rollen, fehlt. Die dankbarste hat der „Kanzler“ inne, im
113 2255 625 2350 ofessor Dr. Fer¬
628 2290 1798 2363 zeichnet — manches gemein. Doch hat es zu seinem Glück auch
1813 2305 2972 2387 Stück als „der Freiherr“ bezeichnet. Ein verabschiedeter
626 2330 1799 2388 Zweierlei vor ihr voraus. Das eine ist die straffer gebundene
1801 2349 2972 2434 Kanzler, seit sieben Jahren in Ungnade beim Kaiser, dessen
624 2361 1794 2459 Handlung, das andere der edle Vers. Mag es sich auch
1810 2402 2972 2486 „Freund“ er sich nennen durfte, tut er, auf seine Wieder¬
124 2394 621 2492 jung des Welt¬
628 2423 1799 2500 hierin an „Beatrice“ scheinbar nur anschließen, so übertrifft
1802 2447 2976 2530 verwendung wartend, dasjenige, was heute so viele tun, die
622 2470 1792 2546 es doch gerade in diesem Punkte das ältere Stück beiweitem,
136 2472 623 2565 Von Emmerich
1806 2496 2968 2575 auf ihre Wiederverwendung warten: er diktiert seine Denk¬
620 2513 1797 2598 ja Schnitzler übertrifft sich selbst. Nie hat sein dramatischer
1790 2532 2976 2628 würdigkeiten. Schloß „Mayenau“, am Ufer des Stromes
609 2553 2888 2649 Vers so melodisch geatmet, so „Tasso“=ähnlich Süßigkeit und Rand des Gebirges nah der „Residenz“ gelegen
2874 2600 2969 2677 —
105 2689 2567 2823 sse Woche bis 21. Februar verlängert!
112 2804 562 2880 ermel, mil Spange oder
689 2799 1306 2885 Oriordhemden, Strapazqualilät
1689 2828 1817 2894 S 6.—
1557 2832 1688 2899 „„
351 2845 655 2908 per Stück S 1.—
683 2834 1581 2922 Popeline-Auilagehemd, weiss, gute Qualität
1855 2836 2869 2942 Jehenererte Innendesoration.
1655 2877 1859 2947 S 4.95
109 2854 666 2955 eidengriff... per Paar S 1.50
683 2905 1736 2965 Herren-Unterhosen, Gradl, lang S 5.50, kurz S 4.20:
1863 2903 2838 2993 eiseher Tempelhain.
126 2925 564 2991 mi langen Aermeln.
717 2932 1012 2990 Chilion rayé
1374 2930 1855 3031 lang S 3.50, kurz S 2.60
345 2951 668 3032 per Stüch S 1.60
669 2949 1731 3052 Herren-Nuchthemden, mit und ohne Kragen, echtlarbiger
94 2971 565 3065 Ama Oualuct, in hellen
714 3012 1846 3104 Bortenbesatz S 7.20
349 3043 665 3097 per Paar S 2.50
106 3045 680 3136 ss m.larb. gestreilt. Passe S 2.80
758 3061 1783 3168 „Frühling im Schuee“ in der Herzmansky-Passage
1861 2969 2793 3183 CReremesn
100 3122 633 3180 ide“, i. hell. Farb., p. Paar S 3.—
904 3136 1634 3200 täglich bis 8 Uhr abends lrei zugänglich.
1812 3122 2848 3200 LHe V., Mariaflfest. 56-28
