3296 4256
1037 190 1160 254 Ne
165 176 1364 292 30 Deanzuniher
1527 195 1980 286 box 34/2
1790 783 2010 940 7
1123 1072 1535 1145 I7. Februar 1931
2045 1090 2238 1156 Seite 7
1407 1258 2291 1375 Bühne und Kunst
1460 1384 2152 1487 „Der Gang zum Weiher.
1704 1471 1956 1533 Burgtheater.
1410 1499 2288 1596 Über die dichterischen Werte des Schnitzler¬
1373 1575 2286 1621 Dramas habe ich hier bereits am Sonntag be¬
1374 1632 2283 1675 richtet. (Die Ereignisse spielen übrigens im
1377 1670 2288 1734 18. Jahrhundert und nicht, wie der Druckfehler
1375 1719 2290 1772 wollte, im 16.) Die Aufführung der drama¬
1366 1768 2284 1839 tischen Dichtung kommt Schnitzler insofern nahe,
1372 1810 2290 1867 als sie innere und äußere Noblesse besitzt. Die
1373 1863 2287 1924 Regie Albert Heines hat die Behutsamkeit
1383 1911 2286 1976 für das Kammerspielhafte dieser in eine Zeit¬
1352 1951 2284 2027 wende gestellten seelischen Vorgänge. Sie ge¬
1354 1992 2283 2077 winnen dadurch auf dem Burgtheater verhaltene
1371 2065 2290 2107 Intensität einer Musikalität, die mehr als
1363 2112 2291 2164 Stimmungswerte, die auch innere Anteilnahme
1365 2135 2286 2212 gibt. Schauspielerisch allerdings ist vieles nicht
1375 2210 2290 2261 ausgeschöpft und nur angedeutet. Schon die
1370 2256 2289 2312 Verteilung der Lebensalter unter die Darsteller
1363 2288 2287 2356 ist nicht immer glücklich. Einerseits ist Herr
1363 2336 2278 2417 Balser für einen Fünfziger zu wenig abgeklärt,
1371 2387 2274 2460 anderseits ist Herr Hennings für einen Neun¬
1340 2422 2283 2513 zehnjährigen zu männlich. Dies aber muß her¬
1360 2495 2288 2565 auskommen, daß Jugend zu Jugend findet
1369 2543 2284 2603 und sich wieder voneinander löst, wartend auf
1115 2568 1270 2651 15
1376 2584 2273 2641 seine Erfüllung. Fred Hennings hat diesen
1361 2633 2286 2687 unberührten Schmelz der ersten Jugend nicht
1364 2687 2270 2732 mehr, er kann sie darum auch nicht bringen. Er
1368 2727 2274 2784 behilft sich mit Chargieren. Es kommt eine
1372 2781 2263 2832 Figur heraus: ein etwas eitler, leicht über¬
1360 2830 2268 2892 heblicher Militär — aber das ist nicht der junge
1371 2882 2272 2956 Mensch, der zum erstenmal „den Gang zum
1099 2857 1281 2950 g°3.
1370 2916 1647 2986 Weiher“ geht.
1089 2934 1351 3008 ch selbst zu
1393 2982 2273 3041 Ewald Balser ist das, was man einen
1119 2986 1360 3045 Bilde d=s
1373 3033 2270 3077 „glühenden“ Schauspieler nennt. Wie aus einem
1093 3037 1354 3115 uen besessen
1376 3081 2272 3141 Vulkan bricht es aus ihm hervor, die Sätze
1356 3109 2274 3193 kochen wie Lavaströme. Das sichert dem Frei¬
1146 3144 1359 3205 mit den
1371 3173 2272 3242 herrn und gewesenen Kanzler eine großartige
1114 3197 1353 3266 Massenauf¬
1365 3230 2273 3281 Aktivität. Man fühlt: der Mann weiß zu be¬
1102 3249 1357 3318 karx und
1365 3273 2276 3345 fehlen, er kann wirklich einmal im Mittelpunkt
1113 3305 1348 3369 Hinden¬
1367 3324 2274 3384 eines Reiches gestanden haben. Nun aber —
1105 3357 1344 3420 chaden, den
1370 3365 2262 3413 und das ist das Schnitzlerhafte, das Öster¬
1093 3411 1352 3479 en, beläuft
1361 3417 2269 3482 reichische an der Gestalt — sie steht nicht mehr
1353 3441 2272 3524 dort, sie ist freiwillig zurückgetreten, ihr
1362 3517 2268 3559 Wollen ist am Lebensekel gebrochen, ihre durch¬
1132 3512 1343 3589 Lustmann
1367 3554 2264 3614 schauende Weisheit ist von der Erkenninis der
1211 3582 1354 3631 wegen
1095 3569 1172 3633 ist
1361 3609 2260 3658 Vergeblichkeit alles menschlichen Tuns unheil¬
1104 3612 1348 3676 treuung
1363 3661 2262 3708 bar getroffen worden. Dieses, was hinter der
1106 3664 1349 3723 len an¬
1365 3695 2268 3750 Figur steht, was aber ihr Schicksal ausmacht,
1103 3708 1346 3770 u auch vor,
1360 3749 2272 3819 fehlt Balser, weil zu viel Leidenschaft in ihm noch
1100 3756 1339 3811 ld mit dim
1363 3793 1461 3849 rast.
1104 3802 1352 3860 #ürde ihnen
1385 3830 2263 3889 Das Hintergründige vermißt man auch bei
1109 3847 1351 3909 neirals¬
1355 3889 2266 3947 dem Dichter Ferdinand Onnos. Dieser erlebt,
1370 3939 2260 3996 was immer er spielt, von dem nervösen Schwung
1143 3935 1337 3998 Inflation
1366 3982 2264 4031 der Worte, nicht aber von der Gestalt aus.
1133 3989 1346 4047 B. Lust¬
1365 4032 2269 4091 Schnitzlers Dichter aber, der den „einsamen
1111 4036 1346 4094 durch den
1130 4085 1345 4139 signierten
1364 4078 2262 4126 Weg“ geht, ist auch ein Spieler mit seinem
1121 4126 1340 4180 zes Ver¬
1354 4126 2260 4188 eigenen Leben, ist auch der Gaukler seines
