3296 4256
224 183 390 282 30
1090 186 1170 267 W
1584 194 2050 307 box 34/2
373 208 1450 312 DerGang-Zun-eiher
446 913 3310 967 „ deh austandischen Bankentonforkium über bie — 2.. Rethschild und Sohn, Earing Vrothele u. Co., ungenhandels peo
438 962 3306 1024 Bevorschussung der Reichsbahnvorzugsaktien haben I. H. Schröder u. Co., Mendelssohn u. Co., Amsterdam, Werte von 883 Mill
446 1013 3311 1062 heute zum Abschluß des Kredites von 32 Millionen Nederlandsche Handels=Maatschappij N. V., Skandinaviska 1000 Millionen Kron
2846 1052 3162 1119 Kronen auf.
434 1058 2063 1115 Dollar geführt. Das Reich erhält von einem ausländischen Kreditaktiebolaget.
1675 1172 3311 1234 religion. Leonilda fällt an Konrad, der zum Weiher nicht innerem Ge
441 1170 1677 1237 er mit liebevoller Deutlichkeit belautet: „Ihr glaubt,
1664 1211 3304 1270 kommt. Aber mehr. Sie fällt an jeden, der zum Weiher Ungnad hatte alle
442 1203 1675 1283 daß ihr vorhanden seid?“ hätte er das nicht ver¬
2886 1252 3312 1345 jedes mystische Ha
444 1277 2897 1332 schluckt — auch in diesem Belang erreichte ich als kommt. Sie übt ihr Selbstbestimmungsrecht, betont die
2882 1313 3300 1380 haft, fast bis zur
444 1321 2890 1369 Alterswerk tiefere Schächte des Geistes als jene Freiheit der Geschlechtsmoral und bleibt ein Doppel¬
2874 1344 3307 1427 tuelle Schauspieler
1658 1371 2886 1425 wesen: eine Nixe, die sich nächtlich hingibt, und ein
445 1370 1681 1439 dramatisierten Leitartikel und Denkwürdigkeiten, die
2889 1415 3311 1473 vielleicht weniger
1671 1405 2882 1469 Weib, das sozusagen „extra“ noch erobert sein will. Wer
444 1421 1672 1485 man als Literatur der Jungen heute zu servieren pflegt.
2888 1458 3314 1520 Silvester als der
1670 1458 2899 1518 ihren Körper hat der weiß noch lange nichts von den
538 1475 1668 1543 Ein Wort von meiner Leonilda. Vorausgeschickt
2892 1502 3313 1582 altgewordenen Kö
1677 1504 2892 1571 Obertönen ihrer Seele. Denn es gibt eine Reinheit, die
448 1509 1677 1583 ein andres Wort von ihrer — wie soll man sagen:
1666 1565 3309 1618 oberhalb des Nabels beginnt. Dieses verrucht=naive Freiin Mayenau,
448 1565 1680 1629 Tante? Muhme? — kurz, ihres Vaters Schwester
1669 1606 3298 1663 Weibchen wird eines Tages die Frau des Siegers in überwindung vor
439 1621 1671 1683 Anselma. Es ist begreiflich, daß die Schauspielerin des
1672 1646 3308 1719 dem ausgebrochenen Krieg, die Frau des Kaisers bekannter Kontrag
442 1661 1677 1725 Burgtheaters diese Rolle zuerst ablehnte. Denn sie hat
2885 1696 3303 1761 sie der rollenlos
1668 1695 2883 1755 werden. Und so füge ich, ich Alterswerk, die Neben¬
437 1705 1687 1760 keinen großen Ausbruch, nirgends zischt die Flamme der
2891 1737 3309 1812 Tragödie zu sein.
1665 1749 2887 1809 handlung in die Haupthandlung ein, und so gebe ich
436 1756 1682 1824 Affekte auf, und Schauspielerinnenaugen suchen im
2893 1787 3311 1853 beck, befliß sich in
447 1798 2894 1861 Rollenheft zuerst die starken Stellen, des großen im wallenden Gewand der klassischen Verse einen ganz
2883 1838 3301 1906 kriegerischen Kna#
435 1861 2888 1922 Appassionato beifallsicheren Abgang. Und doch ist modernen Typ. Sie erinnern sich aus Bülows Denk¬
2886 1888 3297 1949 dabei bei diesem
443 1899 2889 1971 Anselma die lebenswichtigste Frauenfigur des Stückes, würdigkeiten jener Fürstin, die ihre Laufbahn mit dem
2883 1931 3312 1995 deutete die geheim
446 1949 2893 2023 Sie stellt das alternde Weib dar, das nicht altert, weil Freiverkauf der Liebe begann. Eine Leonilda des
2882 1980 3304 2046 theaterüblichen Fo
1670 1996 2721 2059 Lebens. Bin ich nicht logisch wie das Leben?
439 1999 1675 2060 sie ihr eigenes geistiges Zentrum hat und in un¬
2882 2029 3304 2090 Augen ineinander
1738 2025 2888 2105 Ich könnte auch von meinen Schwächen reden, vom
438 2049 1677 2115 zerstorbarer Geschlossenheit des Ichs ihr Leben, nur ihr
2891 2061 3306 2146 Wortes. Doch ihre
1668 2082 2882 2154 Mangel an Humor und äußerem Geschehen, doch muß
444 2096 1672 2162 Leben lebt. Müßte der Dichter diese seine Figur, die er
2885 2121 3301 2201 wahre Jugend, In
1671 2147 2893 2206 ich noch von einer schönen Inszenierung sprechen, einer
434 2147 1662 2208 allen darbenden Frauen dieses Zeitalters zum Trost er¬
2883 2171 3291 2237 den Hohn und
435 2194 1239 2269 schaffen hat, nicht selbst beneiden?
1667 2200 2882 2253 malerischen Aufmachung, zu der ich das österreichische
2883 2219 3313 2287 glaubt sowie das
1674 2238 2889 2298 Schloß mit seiner Halle und dem mozartelnden Garten
536 2232 1669 2307 Sie, die seinem Haupt als Wunschgestalt entsprang,
2963 2270 3315 2338 Mehr wüßte
1670 2289 2898 2357 im Mondschein rechne. Und ich muß von den Schau¬
446 2294 1664 2351 hätte einen Kaiser heiraten können, wäre ihr freiherr¬
2893 2306 3312 2393 nicht anfänglich
1671 2342 2893 2402 spielern sprechen, die mich liebevoll darstellten, und,
440 2343 1664 2407 licher Bruder, der Kanzler, nur etwas demokratischer
2886 2365 3284 2436 empfinden? Sie
447 2390 2890 2452 gewesen und hätte er in einem Träger der Krone nicht wenn ich nicht irre, manchmal liebevoll mißverstanden
2887 2417 3312 2492 stark genug, auch
1664 2431 2896 2489 Doch ich will nicht Recht behalten, weil mich Dankbar¬
443 2434 1668 2493 Allzuhohes“, sondern einen Menschen wie wir gesehen.
2887 2448 3312 2529 gibt ein Schweige
449 2478 2895 2545 Diese seine Borniertheit bedeutet die Begrenztheit seines keit bewegt, und es ohnehin nichts nützt. Bedeutungsvoll
2892 2508 3308 2589 Geschwätzigkeit al
439 2530 1681 2598 Naturells und zugleich das Unglück seiner Schwester.
1665 2536 2904 2592 Herr Ewald Balser als der freiherrliche Kanzler, kernig
449 2571 2895 2652 Sie verblüht, aber weiterblühend empfindet sie keinsim Ton, wenn auch etwas trocken, Schwergewichtler der
2969 2607 3307 2693 So sprach das
451 2630 2904 2710 Unglück. Sie bewirtet, schaltet, waltet, sie schafft im Stimme, wenn auch gar nicht österreichisch, doch von
2891 2671 3299 2757 dem Werk der Kr
442 2695 2902 2729 Haus wie in ihrem Innern Ordnung. Und hier klingen einem großen, großen Vorzug gesegnet: er ist deutlich.
2968 2721 3313 2795 Es ist ein
446 2734 1668 2796 vertraute Schnitzler=Töne her aus einem Jugendwerk.
1664 2728 2904 2806 Ich rühme diese Tugend, weil sie allzurar geworden ist
2892 2756 3313 2851 „Wenn wir Toter
439 2775 2889 2835 Dort sagt der alte Musiker von seiner Tochter: „Ich und von jener Undeutlichkeit verdrängt wird, die schi
2890 2819 3312 2883 haften Urdingen,
451 2822 1276 2883 habe sie vor jedem Unglück behütet!“
1262 2830 2890 2880 — „Aber auch vor Richard Wagner als Quelle alles Mißverstandenwerdens
2878 2859 3304 2929 einander verschlur
442 2879 2884 2939 jedem Glück!“ antwortet eine Stimme. Und hier sagt fürchtete. Ich atme auf: ein deutlicher Schauspieler!
2883 2910 3301 2980 tischen Symphoni
444 2930 2887 2990 der Freiherr in dämmernder Erkenntnis zuletzt zu Ein Künstler, der demokratisch genug ist, sich nicht bloß
2881 2956 3313 3044 für den, der mitz
449 2977 1671 3034 Anselma: „Und wär's vielleicht ein Dirnenlos gewesen,
1672 2979 2887 3039 an die Vorderplätze zu wenden. Ganz im Vertrauen, es
2883 3007 3078 3082 kommt.
1670 3017 2898 3085 soll es niemand hören, ob er's gleich sollte: im Burg¬
436 3031 1675 3093 du hättest doch dein Frauenlos gelebt!“ Wunderbare
2993 3026 3313 3116 ... dem wahr
435 3083 1678 3147 Einheit des Weltbetrachtens, das sich brückengleich über
1669 3076 2887 3144 theater deklamiert man oft, und spricht sehr selten.
2893 3081 3312 3168 ob ein Werk, mag
435 3118 1213 3189 alle Werke eines Dichters wölbt.
1661 3126 2883 3180 Und wenige, die unverspreizt imstande wären: „Guten
2887 3140 3302 3209 glückt sein, aus in
1662 3153 2880 3227 Tag!“ zu sagen. Vielleicht hätte ich im Akademietheater
537 3149 1680 3238 Und Leonilda? Die Tochter des Kanzlers? Sie
2879 3189 3312 3265 irgendwelchen äuß
443 3219 2882 3276 lebt im Gegenbild ihr Frauenlos, fast ist es wirklch deutlicher gewirkt, denn wer mich vorher nicht gelesen
2887 3237 3312 3308 „Gang zum Weih
1655 3259 2884 3328 hatte, verstand im Burgtheater nur die Hälfte. Vielleicht
445 3278 1678 3335 Dirnenlos. Denn Leonilda liebt ihre eigene Schönheit,
2877 3287 3289 3350 Dichters und es
1673 3310 2887 3385 war's bloß ein Drittel. Doch dies alles im Vertrauen.
438 3316 1677 3386 liebt ihren Leib und seine Formen wie keine Schönbeits¬
2890 3324 3294 3393 er dem Werke sag
438 3356 1681 3437 königin der Erde ihre Schönheitswerte schätzt. Sie ist
1743 3372 2887 3436 Ich schätze die Kraft, Bedeutung, Sprach= und
2888 3384 3302 3450 selbst gesagt wird
447 3414 1668 3479 ein weiblicher Narzissus, dem das eigene Bild, im Weiher
1664 3417 2879 3480 Regiegewalt Herrn Heines; weniger jedoch die Wurstig¬
2887 3420 3312 3490 stammt ebenfalls
440 3456 2883 3534 grüngespiegelt, Wonne wird. Eine Selbstanbeterin, tanzt keit, die mitschwingt und die von der maschinellen
2887 3462 3298 3537 Schnitzler. Aus d
453 3518 2902 3582 sie im Mondschein nackt und empfindet einen alten Virtuosität des Wortes herkommt. Andreas Ungnad, das
2882 3516 3304 3584 sein ganzes Leben
453 3564 3313 3642 Stein als den Altar einer heidnischen Schönheits= Zerrbild Thorns — denn er schreibt nur nach Diktat, Sprüche und Bed
