3436 4320
222 3614 408 3703 arische
232 3695 418 3768 ng zum
240 3751 425 3832 geben
1640 137 2089 243 box 34/3
269 154 1483 281 30 Der Gang zun Neiher
1036 1203 1933 1319 Der Gang zum Weiher
1038 1299 2205 1382 (Zur Uraufführung im Kleinen Haus)
1042 1381 1561 1455 Von Horst Hoffmann
1136 1411 2631 1500 im Mittelpunkt des Schauspielprogramms für die diesjährigen
1047 1508 2624 1574 Maifestspiele steht die reichsdeutsche Uraufführung eines Schnitz¬
1048 1566 2627 1624 lerschen Werkes, das bisher nur in des Dichters Heimatstadt Wien
1050 1619 2627 1694 (am Burgtheater) aufgeführt wurde. Schnitzler, der im Jahrzehnt vor
1045 1670 2633 1734 dem Kriege durchaus in die erste Reihe der deutschsprachigen
1047 1733 2632 1801 Dichter gehörte, ist der jungen Generation von heute so gut wie
1058 1782 2639 1865 unbekannt, der älteren nicht viel mehr als eine Erinnerung an
1062 1862 2640 1926 vergangene Zeiten. Auch der „Gang zum Weiher“ ist durch und
1048 1919 2633 2000 durch ein Erzeugnis jener Vorkriegskultur, deren Tage unwider¬
1049 1980 2623 2047 bringlich vorbei sind. Solche Werke indessen rigoros vom Spiel¬
1048 2039 2645 2126 plan des gegenwärtigen Theaters verbannen zu wollen, bloss weil
1054 2085 2633 2171 sie „gestrig“ sind, wäre nicht ällein snobistisch, sondern auch
1063 2149 2627 2223 ungerecht gegen jene Werke, die die Ernte eines gelebten Le¬
1053 2210 2627 2278 bens enthalten und darum noch nicht wertlos sind, weil sie ab¬
1059 2266 2631 2374 geklärt und voll Haltung sind. Ein solches Werk der Reife ist der
1063 2347 1480 2419 neue Schnitzler.
1154 2405 2634 2469 Die schöpferischen Motive in Schnitzlers Dichtung sind durch¬
1056 2453 2648 2535 aus nicht nur solche der Jahrhundertwende. Es sind die ewigen
1059 2533 2648 2596 Fragen des Werdens und Vergehens in ihren greifbaren Formen
1061 2574 2647 2659 Liebe und Tod, um die Schnitzlers Gedanken und Empfindungen
1063 2650 2642 2711 seit jeher kreisen. Es gibt Zeiten, denen das Leben selbst wich¬
1062 2691 2633 2776 #tiger und interessanter erscheint als diese seine ewigen Angel¬
1057 2753 2646 2826 punkte, und unsere Zeit mit ihrer Unsicherheit und Bedrängnis des
1065 2811 2643 2891 äusseren Lebens gehört zu ihnen. Vor dem Kriege hingegen
1070 2879 2637 2943 verlief das Leben in gesicherten und ruhigen Bahnen; um so un¬
1073 2944 2640 3006 sicherer war die innere Haltung der Menschen. In den Schnitt¬
1076 3011 2649 3071 punkt zweier solcher Epochen führt Schnitzlers neues Werk. Das
1082 3062 2645 3126 drohende Verhängnis des Krieges, geahnt, gehemmt, fast schon
1073 3100 2656 3187 gebannt und dann dort mit voller Wucht hereinbrechend, zwingt
1071 3170 2647 3234 die Menschen dieses Stückes zur Klärung. Die einen sind einer
1073 3232 2646 3307 Zeit der Tat nicht gewachsen und zerbrechen; die anderen wach¬
1074 3290 2661 3353 sen von milder Reflexion zur Tatbereitschaft empor. Es ist, als
1075 3344 2656 3432 wollte Schnitzler ein Gleichnis von diesem ewigen Wechsel der
1072 3403 2663 3484 Menschheitsgezeiten geben; als führte ihn die Reife des Alters
1072 3467 2648 3544 zu der Erkenntnis, dass weder das Leben an sich noch der blosse
1075 3526 2662 3604 Gedanke an das Ende den Menschen zu erschüttern und zu ver¬
2520 3616 2668 3687 141
1068 3645 1285 3721 1930/31.
