3392 4224
365 402 3306 468 unwillkürlichen Brinnerns kommt ihm über die Lippen. In Iwiesen, die einander ihrem Wesen nach feindlich gegenübertreter Denkers erscheint in ihr
361 446 3313 501 der Unruhe des Abschiedes sucht er in Scherz und Ernst daven Tmüssen, selbst dann, wenn sie das gleiche Anschauungsprinzip (der Weibgestalt entsprech
357 490 3320 527 abzulenken, sein Wagen wartet, die Stunde drängt. Konrad, Thegen. Doch wird diese Gemeinsamkeit die eingeborene) Bruder zur höchsten V
360 526 2833 609 allein zurückgeblieben, wird von den Zaubern der Sommer-IGeguerschaft abstumpfen, so daß sie im äußeren Leben etwa
2810 544 3323 617 typus erkennen läßt, war
374 578 3300 644 nacht, einer auch auf der Bühne sehr mächtigen Mitspielerin. Tals Geringschätzung oder Gleichgültigkeit erscheint. So fügt dunkelhaarige Sängerin,
365 609 1606 672 zum Weiher geführt. Zwei Nächte und ein Tag sind vergangen.
1580 628 2817 677 Tes sich bei Arbeiter und Denker, die ihr Weltbild der Wirklich¬
2816 636 3322 694 Weib und Gefährtin, den
370 654 1614 709 Konrad will zum Heer entflichen, er fürchtet, in den Armen der
1591 657 2810 724 keit anzugleichen streben, oder bei Krieger und Künstler, deren
2803 674 3316 746 blieben beide fremd, wie
361 686 1597 749 Geliebten sich selbst zu verlieren. Sic entdeckt seine Absicht
1591 696 2820 767 Weltbild illusionär ist, aber nicht notwendig falsch sein muß.
365 725 1605 794 und will ihm den Weg freigeben. Der Freiherr kehrt für Stunden
2870 724 3325 802 Konrad, der Typus d
1590 737 2816 804 IIn besonders glücklichem Falle könnte das eingeborene Welt¬
365 776 1601 828 zurück: Boten sind zum Heere gecilt, auf beiden Seiten werden
2804 767 3324 840 Weib, und hätte Leonilda
1602 789 2802 843 bild des Künstlers mit der Wirklichkeit übereinstimmen, gerade
369 815 1598 867 die Truppen zurückgezogen. Konrad, außer sich gebracht durch
1597 827 2816 883 diese Uebereinstimmung könnte das sein, was großle Kunst von
2808 824 3328 879 bestimmt ist, diese Wertug
360 859 1597 925 die betrogene Hoffnung auf Krieg, stellt ihm die unvergängliche
1589 866 2803 922 geringeren Versuchen unterscheidet, der Ssele des echten
2811 869 3320 917 Der Dichter ist ihm ein
362 884 1065 964 Frage, ob er sich berufen glaube:
1586 907 2815 951 Schöpfers einzig vorbehalten. Shakespeare erscheint von dieser
2805 906 3332 970 eigentlich nicht wullte, das
536 926 1473 1010 „Ein Reich der Lieb“ und Güte aufzurichten? —“
2816 940 3314 1001 er nur den Sekretär und
1574 933 2818 1008 Erwägung als gewaltiger Schatten heraufbeschworen, sie wird
2811 995 3332 1050 wie andere. Der Mensch.
353 967 1239 1052 und empfängt die einzig denkbare Antwort:
1589 987 2818 1045 bestätigt durch die Wirklichkeitstreue seiner Visionen. Die
2807 1027 3331 1091 sucht, der einzige, dem er
1583 1030 2813 1088 Feindschaft zwischen den Erscheinungsformen zeigt sich schroff,
538 1021 1482 1102 „Der Liebe — kaum. Doch der Verträglichkeit.
2805 1058 3322 1123 die Bezeichnung Arbeiter
1580 1057 2814 1120 wenn das Willensprinzip das gleiche ist, wic es bei Arbeiter
2807 1112 3316 1164 geistiger Vollendung als S
1587 1106 2810 1173 und Krieger der Fall ist, die beide ihre Welt zu wandeln streben
534 1005 1431 1170 Grsiheleenlhtlherfür
2813 1151 3320 1222 Maske des Preiherrn von
1583 1150 2817 1210 und sich zunächst durch die Form des Handelns unterscheiden,
541 1151 1492 1217 Der Güte? — Nein. Doch eins, darin die Bosheft
1585 1184 2822 1263 die wiederum auf der Gegensätzlichkeit des Anschauungsprinzips
533 1196 1385 1246 Nicht wie ein toll gewordner Kreisel rast
2871 1200 3333 1280 Der Freiherr von May
1595 1218 1756 1291 beruht.
533 1231 1411 1293 Zu andrer Schaden, kaum zu eignem Heil.
2804 1247 3331 1321 billig auch der Hauptträge
1655 1260 2808 1346 Der kriegerische Geist ist in diesem Drama der eine, dessen
526 1267 1491 1340 Und gar für ewig? — Gestern, heut und morgen
2805 1298 3329 1350 ist, der er ist, wird nächst
532 1317 1377 1385 Hab’ ich als uns gegönnte Frist erkannt.
1596 1304 2811 1386 Auswirkung die anderen zur Entfaltung zwingt, wie ja auch die
2810 1340 3334 1391 Ursache der Begegnungen
534 1360 1332 1404 Und klüger als in Zukunftsfernen sich
1598 1357 2806 1432 Antike den Krieg den Vater der Dinge nannte. Von Anfang an
2816 1375 3329 1450 Schicksal bestimmend erw
539 1392 1490 1448 Ein Wahnbild hohen Menschentums zu träumen.
1594 1404 2713 1444 ist alles von seinen dunklen Schwingen überschattet.
2699 1407 2811 1460 Ihr
2800 1412 3312 1474 die Dinge ihrem Gesetze
532 1441 1516 1517 Scheint’s mir, auf sicherm, eng umzirktem Grund
1585 1441 2811 1520 Rauschen hat den Dichter aus der Fremde heimgescheucht, die
2808 1445 3335 1525 ausgebildet, darum glbt e
1591 1475 2162 1546 er als eine milde schildert:
531 1482 1416 1551 Der Gegenwart bescheid’nes Haus zu bauen.
2799 1491 3322 1559 Kraft, keine Person, die
627 1521 1136 1577 Viel Arbeit steht bevor.
2795 1523 3337 1600 Schicksale ist er bewußt
1825 1544 2305 1608 Mir selbst entronnen.
427 1557 1605 1632 Es sind die Anschauungen eines vollkommenen Arbeiters im
2807 1583 3323 1631 ziehungen, In denen er s#
1759 1571 2619 1668 Ein andrer wandelt ich durch kühle, klare,
354 1607 1601 1665 Sinn des Wortes, eines Menschen, dessen Weltbild der Wirk¬
2811 1612 3327 1675 sind dem Oesetz seiner P
1755 1640 2553 1692 Von keiner Fordrung überhangne Welt.
357 1653 1612 1698 lichkeit, auf die er seine Tätigkeit richtet, höchst gemäß ist.
2806 1659 3326 1720 durch den großen Auge#
1742 1673 2606 1754 Landschaft, inbrünstiger Gewährung voll,
366 1697 1603 1750 Die drei Menschen, die hier beisammen sind, erleben den Zwei¬
2799 1689 3326 1760 Und so stark erweist sich
1750 1707 2562 1777 Umblühte und umweikte meinen Schritt,
364 1740 1608 1796 kampf von Krieg und Frieden als eine so ungeheure Anspannung
2809 1728 3329 1794 für sein Wollen noch sei
1750 1754 2632 1826 Doch keine griff zudringlich an mein Herz.
358 1773 1616 1841 ihrer seellschen Kräfte, daß jeder nur von sich selber weiß und
2798 1783 3325 1838 Gegenspiel mit den Einze
1751 1792 2527 1858 Gestalten, in vielfältigster Begegnung,
360 1812 1604 1877 sie beinah aufgehört haben, für einander zu fühlen. In diesen
2804 1820 3331 1883 Stellung ein, der Widersac
1753 1831 2616 1885 Seltsame und gemeine, Männer, Frauen —
363 1853 1610 1907 Kreis kehrt Sylvester Thorn zurück um Leonilda heimzuführen.
2799 1851 3327 1942 ist eine Macht, kein Mens
1757 1866 2573 1928 Sie spielten auch in einer neuen Welt
359 1889 1610 1955 Für sie ist Liebe nicht mehr das edelste Geschenk, das zwischen
1751 1904 2589 1985 Mit Kinderernst die ew’gen Lebensspiele
2853 1918 3325 1988 Dieser übergewaltige
355 1930 1609 1989 Mann und Weld getauscht werden kann. Der Dichter, der ihr
1754 1954 2511 2018 Den heiter-unberührten Sinnen vor —
2806 1975 3312 2027 wie wir ihn kennen: eine
363 1969 1603 2046 Erleben errät und dem sie das ihm von Ewigkeit bestimmte
1741 1989 2649 2059 Dech keine mahnte: bild’ uns nach und deute,
2798 2002 3333 2064 Geschöpf Einzelner, seien
357 2006 1608 2077 Weib, den Geist bedeutet, in dem er sein wahres Leben lett,
1753 2038 2660 2113 Was der uns vor dir schuf, mit uns gewollt.
2794 2047 3328 2106 leidenschaftlich oder berech
356 2046 1611 2125 verfällt dem alten Irrtum des Mannes: die früh Buttäuschte an
1754 2074 2617 2154 Und also schwebt' ich über fremder Erde,
2799 2093 3271 2152 rischen Zeiten nur die
364 2094 1615 2150 sich zu fesseln, verspricht er ihr. Freiheit in der Liebe. Das
1744 2115 2601 2189 Von Wurzelkräften nirgends festgenalten,
2795 2130 3329 2192 den allgenseinen Willensan
360 2138 1604 2205 jange Weib vernimmt diese Werbung mit dem Gefühl, daß sie
1742 2160 2156 2229 Ein Gast und frei.
2798 2180 3314 2238 Motive der Massen sind
361 2185 1609 2252 einen Fremder höre, dem sie fr. nd sel. Im Gegensatze zi den
352 2210 1603 2265 Männern ist sie der Raserei der Ereignisse in niefster Seele
1656 2198 3288 2263 Die beiden Bindungen, ohne die kein künstlerisches Schaffen Wesen der Elemente.
2806 2249 3330 2311 seinem eben erschienenen
357 2255 1586 2317 unzugänglich geblieben. In dieser Unberührbarkeit könnte die
1590 2258 2801 2328 denkbar ist oder sichtbar wurde, das Wissen um die Zugehörig¬
2806 2288 3326 2350 Ausdruck gegeben: „Past
352 2296 1596 2370 Eigenart des weiblichen Geistes begründet sein, vielleicht er¬
1586 2304 2812 2369 keit zur Gottheit, die über alle Begrifie ist, und zur Heimat, die
2796 2330 3334 2403 geschlossene Menschengrug
354 2333 1584 2400 scheint er darum in dem Bilderschatze der Meuschheit als Hexe,
1589 2336 2807 2404 das Begrenzte sinnenfällig macht, sinc ihm gerade in der Ferne,
2806 2376 3326 2427 duen, sondern als ein Eleme
355 2365 1599 2457 Nixe oder Fec, ein Wesen, das jeder Bindung entrinnen, In die
1595 2376 2810 2451 der scheinbaren Abgelöstheit lebhaft segenwärtig geworden. In
2800 2420 3316 2476 Feuer, Wasser, Luft und
360 2421 1162 2486 Elemente übergleiten kann, frei wie sie.
1588 2430 2806 2493 seine Ruhe und Betrachtugg hinein spie“, das Vorgefühl des
2794 2450 3317 2512 tare des Krieges dadurch
1596 2470 2302 2535 ungeheuer heraufziebenden Krieges:
432 2479 1599 2532 Meldung kommt vom Ausbruch des Krieges. Konrad wird
2789 2499 3331 2557 der Vertreter des krieg¬
357 2505 1594 2571 zum Heer eilen. mt feierlichem Versprechen will er sich der
1833 2513 2396 2573 Wann denn traf das Wort
2792 2534 3322 2600 geistigen Durchschnittsm
364 2553 1611 2607 Geliebten verbinden. Sie lordert, daß beiden die Frciheit gewahrt
1738 2559 2664 2637 Zum erstenmal, das mich nicht treffen wollte?
2795 2574 3329 2658 von Gerialität gegeben, h
352 2592 1615 2658 bleibe, frei geht er in den Kampf, der für ihn der höchste sein
1751 2607 2662 2681 Wann fühlt ich die Gefahr, die mir nicht galt,
2813 2623 2939 2689 führt.
359 2636 1596 2693 muß. Unbemerkt verläßt Sylvester die Menschen, für die es
1756 2646 2594 2721 Wie wetterdrohend über meinem Haupt?
349 2673 1604 2744 noch Lebensmöglichkeiten gibt. Ihm ist die Erfüllung seiner
2872 2675 3319 2756 Fs hat sich gazeigt,
1658 2687 2800 2781 Dem Gefühl für die endlich wiedergefundene, einst ihm
355 2713 1595 2768 Sendung entrafft, seines Selbst. Er habe sich im Weiher er¬
2794 2719 3311 2795 nur zwischen solchen Gel
1597 2746 2512 2822 feindliche Heimat gibt er herrlichen Ausdruck:
357 2753 1593 2811 tränkt, meldet der Sekretär. Dieser Denker auf der Grenze
2788 2775 3304 2837 strebt wird, in denen die
353 2800 1593 2856 des Wahnsinns hat die Welt als Schöpfung seines Bewußtseins
1748 2804 2549 2873 Und schrien sie alle, die von Urzeit her
2796 2812 3327 2876 dung von der Umwelt imW
344 2836 1598 2892 betrachtet, die außerhalb seines Geistes nicht sei. Der Mensch
1747 2845 2643 2905 In diesem Lande hausen, meine Freindschaft
2797 2851 3327 2916 ist: der Dichter und der 8
352 2877 1599 2943 aber, der ihm vorüberschritt, als wäre er nicht, und den kein
1750 2875 2636 2951 Ins Antlitz mir — und schichteten sie selbst
2794 2900 3332 2955 Welt Nachbildner, Konrad
348 2910 1603 2979 Ruf auf seinem Gang zum Weiher anhic“t, erscheint ihm nicht
1748 2924 2722 2993 Den Holzstoß für mich auf: — mir könnte nimmer
2794 2947 3336 2997 sonen dagegen, denen dar
353 2951 1601 3009 #mehr als sein Geschöpf. sondern als Lebenoiger gleich ihm selbst.
1737 2967 2655 3033 Ihr Drohn, ihr Hassen uus Gefühl verwirren. —
2804 2978 3331 3044 ist, wie Konrad und der Dil
358 3001 1609 3066 Er läßt ihn untergehen, um das erschütterte Weltbild zu retten.
1741 3007 2626 3075 Du Erde weißt, daß ich aus Dir erwuchs,
2788 3011 3322 3079 bild haben, der Preiherr
347 3027 1602 3100 Allein die Gewißheit des Einzigseins ist durchbrochen, im ent¬
1744 3052 2652 3111 Du Himmel, daß Du Helmat überglänzest. —
2800 3051 3320 3121 streben, finden keine Besi
342 3075 1593 3139 fesselten Wahn sicht er dte Schöpfung aus seinem Hirn in die
1742 3084 2664 3152 Und kein Verworfner atm' ich zwischen euch.
2789 3098 3287 3155 alltäglicher Natur. Dieser
351 3108 1602 3181 Wirklichkeit stürzen; der sich für den einzig Lebendigen hielt,
2796 3144 3312 3206 Dramen der Weltliteratu
1650 3146 2806 3213 Die Heimkehr läßt ihn dem Mädchen wieder begegnen,
344 3151 1595 3215 fühlt sich von Leben umtost, allein gegen eine Welt. Die
2798 3173 3311 3240 deren Handlung übernatü
1578 3174 2796 3253 dessen Geist, in der Gewitteratmosphäre des nahenden Krieges
346 3196 1593 3250 beiden Typen des männlichen Geistes, die Baugeheimnis und En.
2809 3214 3322 3286 bringt eine Wahrhelt zum
1581 3243 2796 3295 schnell und wunderbar gereift, einen verführerischen Glanz über
348 3243 1584 3306 scheinung der Welt nachbilden wollen, gehen unter, da dieses
2798 3251 3321 3335 Erkenzenisgebiet gilt. (Bu
1575 3268 2801 3352 ihr ganzes Wesen strahlt. Und diese Begegnung wird ihm zum
351 3291 1595 3346 Geheimeis, diese Erscheinung, ungeheuer geworden, des Den¬
1592 3299 1856 3379 Verhänguis.
3164 3312 3319 3385 30
352 3327 1596 3377 kers wie des Bildners spotten. Der Freiherr wird sein unnütz
356 3351 1607 3431 gewordenes Amt in die Hände des Kaisers zurücklegen und
1638 3363 2809 3445 Sein Schleksal hat auch den Denker in den Untergang ge¬
3056 3395 3316 3483 Schnitzier-
345 3399 2815 3450 mit seinem alten Regiment ins Feld zichen. Leonilda wird den Frissen, der In ihm von vornherein den Feind witterte, die
350 3447 2815 3533 Vater an den Hof begleiten. Im rasch umgeworfenen Reise-IOegnerschaft lag in den geistigen Naturen de: beiden, sie war
2858 3460 3312 3526 Arthur Schnitzlers
355 3474 1603 3559 mantel nimmt sie Abschied von der einsam zurückbleibenden
1579 3498 2805 3558 niemals gewollt, für den Dichter nie bewußt. Er ist der einzige
2802 3500 3329 3562 „Anatols Hochzeitsmorgen
345 3526 1593 3585 Anselma, die eine kaiserliche Vermählung für sie vorausahnt,
1582 3531 2797 3599 Mensch der auf das Leben des Denkers entscheidenden Einfluß
2798 3548 3336 3623 Theatre zur Erstaufführung
346 3563 1590 3625 in lichten Bildern scheint sich e Zukruft vor dem jungen Mäd¬
1578 3573 2800 3647 nehmen kann, echte Feindschaft bedeutet vielleicht die einzige
356 3610 1589 3662 chen aufzutun. Die Gegenwart ii Zuschauerraume bietet der
3179 3605 3319 3686 Leh#
1574 3608 2815 3682 Möglichkeit einander nahe zu kommen, ein Gedanke, der
348 3641 2817 3718 Zukunitrision der Bühne einen Gegensatz, der ein mächtiger! Schnitzler eige#stümlich ist. Den anderen Figuren des Stücks
2868 3661 3314 3729 „Der Grai von Lu
356 3674 1585 3751 Akkord in der tragischen Gestimmtheit dieses Ausgangs ist. Es
1574 3682 3323 3774 steht der Sebretär nur als Beobachter, dem Freiherrn allein, musikalischer Leitung des
357 3719 855 3794 gibt keine Siegesieste.
1581 3737 3333 3826 dem er das tägliche Brot verdankt, als bescheiden genügsamer 'rischka in der Titelrol
423 3774 2801 3807 Die Menschheit im Kampfe mit sich selbst, nichts Geringeres Nutznießer in #tcchtbarer Abgelöstheit gegenüber. Auch dem
2795 3782 3282 3869 IIn, zur Neuaufführung.
355 3794 2806 3886 ist der Gegenstand dieses Dramas. Die vier Erschelnungsformen! Dichter bleiben beinah alle anderen innerlich fern, unwirklich.
350 3845 2812 3908 des menschlichen Geistes: Arbeiter, Krieger, Denker und! Leonilda, die ihm zum Schicksal wird hat den Blick für die
3212 3844 3320 3928 n
350 3876 3306 3931 Kunstler haben in symbolischen Gestalten sich als solche er-Oesetze des eigenen Ich und fremden Wesens. Der Typus desjveröffentlicht demnächst
2769 3968 3314 4020 Orchester auf Dichtungen
2766 4003 3311 4061 zeiten“ (Morgen—Mittag—
430 4009 3320 4067 Bühnenbild und Darstellung wirkten vollkommen konven-Ider polnischen Nationalgalerle. mit einer Reihe von Bildern ver-Tim Juli dieses Jahres durch
361 4066 1755 4122 Lonell. diese teilweise unfertig, wofür der Regisseur die Ver-Ptreten.
2763 4081 3312 4150 tung von Professor Viktor
362 4103 1591 4158 antwortung trägt. Sehr Gutes ist dem Chor, besonders den
1647 4099 2791 4172 Eine ungleich problematischere Nater ist der seit? Jahren
