3296 4256
217 224 1429 338 30 Der Gang zum Neiher
706 2283 988 2359 (Phot. Dietrich)
89 2285 632 2361 ich Gottes in Böhmen“
95 2349 661 2424 ennings — Sternberg: Höbling
99 2440 1014 2521 insam dort in Dunkelheit und Düften zu
100 2514 999 2590 londschein, ein schönes, nacktes Menschen¬
86 2560 1028 2642 hiedenen Weiher taucht, in jenen Weiher,
96 2721 952 2785 gen lschias, Hexenschuß, Neuralgien
93 2772 954 2808 dRheumatismus, italienische Ischlas¬
88 2808 948 2867 handlung in allergenfreien Kammern
87 2843 929 2890 hit Desensibilisierungsverfahren. —
87 2890 943 2956 g. Darmbäder (Enterocleanerbad)
100 2944 947 3013 rungs-, Fieberkuren und alle sonstigen
87 2985 575 3050 chen Kurbehelfe in der
95 3042 941 3129 EIEANSTALT
94 3116 186 3171 um
363 3117 945 3179 Klinisch-diagnostisches Institut
101 3166 943 3234 20 Telephon A 25-0-83 tägl. v. 8—18 Uhr
248 3323 303 3385 14
1517 241 2035 332 box 34/2
1493 1087 2953 1164 den ich aus meinen Spazierwegen auf das Hameau so nahe meinem
1495 1148 2356 1227 Sommerhaidenweg zu kennen glaube:
1697 1215 2679 1286 „Bis mir nach kurzer Weile, windumspielt,
1690 1270 2690 1341 Von ihrer Haare blondem Ring umleuchtet,
1678 1331 2739 1404 Ihr blasses Haupt erscheint in Weihers Mitte.“
1599 1389 2946 1446 Dieses Nixenhafte ist es vielleicht besonders, das den Dichter
1476 1449 2951 1528 Sylvester, den Jugendgenossen des Freiherrn, lockt, sein Blut ent¬
1485 1516 2950 1576 zündet. Er ist auf das Schloß gekommen, ein Tagebuch, das er
1489 1560 2953 1644 dort hinterließ, an sich zu nehmen und dem Feuer zu überliefern.
1480 1623 2951 1687 Leonilda hat mit schwärmenden Mädchengedanken an ihn gedacht.
1478 1684 2953 1744 Nun tritt sie ihm, zart erblüht, entgegen — da erwacht das
1482 1742 2949 1807 leidenschaftliche Begehren des alternden Mannes — er verlangt
1481 1807 2943 1867 sie von seinem Freunde zur Frau. Bestürzt vernimmt der Freiherr
1478 1864 2946 1925 die seltsame Werbung. Er erkennt die Gefahr einer solchen Ver¬
1482 1932 2941 1991 bindung, doch möchte er nicht dem Freund versagen, was er als
1489 1968 2950 2035 Vater versagen muß. Darum erbittet er von Sylvester nur die
1474 2038 2936 2101 Autschiebung. Er hofft, ein stärkeres, menschliches Band, die
1481 2093 2935 2161 Geliebte Sylvesters, eine Sängerin, die noch dazu ein Kind von
1470 2167 2947 2229 ihm erwartet, werde ihn vor dieser Torheit bewahren. Uberdies
1474 2233 2938 2287 ersinnt er, um diese unnatürliche Verbindung zu hindern, einen
1478 2278 2931 2345 verwegenen Plan. Konrad, der junge Offizier, soll dem Mädchen,
1480 2340 2942 2391 da es dem Weiher enttaucht, begegnen. Jugend, so hofft er, wird
1478 2391 2940 2464 sich zu Jugendfinden. Und er behält recht — einstweilen wenigstens.
1478 2457 2933 2510 Leonilda und Konrad finden sich in der Mondesdämmerung, die
1477 2518 2930 2581 den Weiher umwebt — aber nur zu einer Stunde flüchtiger Lust.
1474 2571 2930 2627 Leonilda will darum noch nicht über ihr ganzes Leben entscheiden.
1471 2630 2929 2688 Der Krieg flammt auf, Konrad stürzt sich hinein und Silvester in
1477 2685 2934 2751 den Weiher. Schattet nicht wieder der Tod über dem Liebesbacchanal?
1591 2808 2940 2867 Nein, dieses Spiel ist doch, wenn man tiefer hineinhorcht, weit
1464 2872 2889 2935 anderes als eine Paraphrase des Schnitzlerthemas: Liebe — Tod.
1593 2929 2923 2988 Man erkennt, dies ist ein innig schmerzhaftes Bekenntnis
1478 2995 2946 3081 von der Sehnsucht nach immerwährender Jugend, die bis zuletzt
1467 3045 2064 3115 den Künstler beschwingt.
1591 3119 2946 3192 Schon im „Weiten Land“ zuckt diese Antithese — Alter und
1466 3178 2936 3252 Jugend — auf. Hofreither sie““ im Auge seines Duellgegners
1473 3225 2384 3312 etwas blitzen — den Hohn der Jugend.
