3296 4256
1521 144 1979 236 box 34/2
163 138 1372 254 30. Der Gang zum deiher
705 658 1017 752 same 21. "
709 726 1326 805 Grete war bereits bewuß###s,
1983 748 2694 843 Heuschaft zum Kommissariar
614 785 2710 854 und konnte schließtich in häuslicher Pflege belasse#den. bracht. Ursache der Tat ist unglückliche Liebe.
606 848 2909 963 EEEEELGIEILEEELLE
2016 923 2087 1013 7
666 900 2652 1105 * Theater der Woche
1843 1125 2912 1222 Und dann kommt der Dichter wieder mit der Kunde,
751 1091 1580 1221 „Der Gang zum Weiher“
1751 1159 2909 1253 daß ihm inzwischen Weib und Kind gestorben sind, aber
695 1205 1753 1268 „Das Herz, nicht Brockhaus' Lexikon bestimmt das
1757 1222 2906 1288 Leouilda, die wirklich nicht mehr die gleiche ist, weist ihn
598 1251 1744 1314 Alter des Poeten!“ Anton Wildgans führte sich vielleicht
1761 1259 2911 1328 sanft ab. In seiner Verzweiflung stürzt er sich in den
608 1294 1745 1359 dieses hübsche Wort des einstigen Burgtheaterdirektors
1760 1308 2909 1382 Weiher. So endet die Liebestragödie, die mit Politik und
602 1345 1749 1411 Dingelstedt zu Gemüte, als er Artur Schnitzlers dramatische
1754 1341 2910 1438 leidenschaftlichen Gesprächen für und wider den Krieg ver¬
607 1382 1751 1454 Dichtung „Der Gang zum Weiher“, das angebliche Lese¬
1765 1396 2908 1476 quickt ist. Der Marschallssohn zieht in den Krieg, um nach
601 1421 1745 1500 stück (!), nach mehrjähriger Wartezeit aufzuführen beschloß.
1756 1429 2914 1500 glücklich überstandenem Schlachtfeld Leonilda zu ersiegen.
681 1480 1745 1539 Aus dem Werke hört man das Herz des Dichters bald
1844 1479 2908 1554 Diese dürftige Inhaltsangabe kommt beinahe einer
589 1502 1744 1592 laut, bald leise schlagen, begleitet von der herrlichen Musik
1745 1513 2897 1595 Verfündigung an der Dichtung gleich. Welch ein Reichtum
602 1560 1742 1630 seiner Sprachkunst. Und dieses Herz ist jung geblieben in
1745 1560 2900 1636 an fesselnden Gedanken! Welch ein Goldgehalt an Poesie!
592 1600 1232 1655 allen Bitternissen des Lebens.
1747 1608 2906 1671 Mag es auch schwache Szenen geben, die von dieser Fülle
1747 1646 2896 1731 ganz erdrückt werden, was liegt daran? Um all die herr¬
683 1650 1744 1715 Alles ist da, was zum verstaubten kritischen Inventar
1748 1693 2899 1767 lichen Worte über Jugend und Alter, über Krieg und
598 1695 1745 1767 gehört und immer wieder hervorgeholt wird: Wienerische
583 1736 1742 1810 Anmut und Melancholie, Romantik und Modernität, Ge¬
1748 1726 2900 1817 Frieden, über Erinnerung und Unsterblichkeit zu zitieren,
1744 1779 2616 1850 müßte die Zeitung zum Buchmann werden.
584 1778 1747 1855 dankentiefe, Mystik, Seelenanalyse, Erotik und epische
582 1836 1734 1912 Breite. Die Literaturgeschichte aber wird nicht zum Baga¬
1836 1816 2892 1885 Die Aufführung wird trotz Heines energischer Regie
581 1857 1571 1945 tellgericht. Reden wir lieber von der Handlung.
1741 1849 2886 1943 dem Wirke nur teilweise gerecht. Den Kanzler spielt
1740 1905 2892 1990 Ewald Balser mit eindringlicher Charakteristik und einer
671 1923 1738 1990 Das Drama spielt um die Mitte des achtzehnten
1742 1942 2893 2032 Deutlichkeit des Wortes, die hier besonders wichtig ist.
591 1969 1729 2033 Jahrhunderts auf dem Schloß des gewesenen Kanzlers
1742 2001 2891 2079 Ebba Johanusen gibt die komplizierte junge Mädchen¬
585 2010 1728 2078 Freiherrn von Mayenau, dessen Jugendfreund, der
1737 2036 2895 2126 gestalt zu fraulich und nicht temperamentvoll genug,
584 2051 1736 2125 Dichter Sylvester Thorn, zu Besuch erwartet wird, be¬
1742 2088 2891 2157 immerhin alles mit Poesie und Liebenswürdigkeit verkla¬
584 2094 1724 2170 sonders freudig von Leonilda, der Tochter des Freiherrn.
1746 2122 2890 2205 rend. Frisch und losgeherisch der vielseitige Frod Hennings
583 2143 1734 2204 Das ist eine seltsame Mädchengestalt. In schwülen Som¬
1735 2163 2886 2245 als kriegslustiger Marschallssohn. Ferdinand Onno wird
588 2185 1734 2255 mernächten pflegt sie in einem entlegenen Weiher ein Bad
1739 2219 2879 2295 in din weiteren Vorstellungen den gramzerrissenen
582 2219 1734 2308 zu nehmen und dann um einen Opferstein zu tanzen,
1731 2252 2892 2334 Dichter zweifellos weniger fahrig spielen. Albert Heines
572 2279 1736 2345 dessen Aug', kein Menschenaug', das schöne Mädchen mit
1736 2309 2883 2379 toller Sekretär Ungrad überläßt es klüglich, den Zuschau¬
587 2309 1736 2385 seinem Blick spöttisch=mitleidsvoll umfängt, die nackte
1729 2347 2889 2418 ern in seinem Wahnsinn Methode zu wittern, Else Wohl¬
575 2359 1732 2432 Jungfrau, die sich ahnungsheiß dem Blick des Gottes gibt.
1728 2383 2880 2460 gemuth als die Schwester des Kanzlers, die in der Liebe
657 2407 1712 2473 Der Dichter, ein friedloser Mann mit Weltschmerz
1721 2421 2885 2509 die Überfuhr versäumt hat, bleibt im Schlosse resigniert
570 2434 1727 2519 beladen, war der Märchenerzähler ihrer Mädchentage und
1738 2476 2879 2562 und allein zurück. Sie steht zum Schlusse da, eine Statue
578 2488 1728 2565 seither lebt er in ihr. Schon beim ersten Wiedersehen
1734 2511 2080 2575 der Entsagung.
582 2536 1726 2607 macht sie kein Hehl aus ihren Geführen, trotzdem er stark
1808 2563 2866 2633 Rauschende Ovationen wurden Artur Schnitzler zu¬
580 2577 1723 2647 gealtert ist und eine Geliebte besitzt, die ein Kind von
1725 2577 2874 2675 teil. Ich freute mich herzlich seines Werkes und seines Er¬
576 2626 1716 2696 ihm erwartet. Nun fängt auch er Feuer und hält beim
1733 2644 2876 2718 folges. Wie sagt der Kanzler? Die Welt riecht nach
565 2656 1390 2741 Kanzler um die Hand Leonildens an.
1740 2688 2869 2779 Jugend! Ja, aber die Jugend schreibt keine gute Stücke.
649 2710 1716 2791 Der Kanzler gibt ihm den Rat, abzureisen. Wenn er
2885 2666 2990 2800 64
2506 2748 2841 2827 Julius Bauer.
562 2761 1719 2848 von seines neugeborenen Kindes Wiege und der Mutter
2894 2774 2985 2829 erf
564 2806 1709 2873 Schmerzensbett zurückkehrt als der gleiche, der er ging,
2028 2816 2572 2904 Renaissance=Bühne.
559 2843 1726 2936 und findet Leonilda als die gleiche wieder, wie er sie ver¬
568 2889 1711 2975 lassen, dann stehe der Hochzeit nichts im Wege. Nestroy
1955 2888 2627 2963 Einöd und Török: „Idas Roman“.
558 2925 1617 3005 würde sagen: „Das hat der Kanzler schlau berechnet!“
1809 2933 2873 3016 Diesmal ist es wirklich eine Gartenlauben=Angelegen¬
650 2976 1717 3048 Im Schloß weilt nämlich eine jüngere Kraft, der
1720 2975 2863 3061 heit und die Vorbilder die die beiden Dramatiker gewählt
550 3016 1710 3097 Marschallssohn Konrad von Ursenbeck, der ein passenderer
1719 3021 2856 3101 haben, sind nicht die schlechtesten: wenn der Vorhang aufgeht,
1728 3063 2863 3138 wird man irgendne an den „Lügner und die Nonne“ er¬
562 3059 1711 3141 Eidam wäre. der Freiherr, mit seinem Kaiser versöhnt
2865 3081 2982 3140 ver
1719 3101 2855 3176 innert, um im weiteren Verlauf des Abends lebhaft an den
562 3100 1715 3168 und wieder zum Lanzler ernannt, läßt in Konrads Gegen¬
1713 3133 2859 3223 seinerzeitigen Volkstheatererfolg von „Josette, ma semme“ zu
562 3141 1711 3229 wart ein paar Worte über den verzauberten Weiher und
1712 3177 2852 3246 denken Diese kleine Ida, die den sogenannten Roman erlebt,
2857 3202 2917 3243 g
563 3192 1701 3271 die dort schwebenden Nixen fallen und reizt scheinbar ab¬
2854 3228 2963 3283 der
1711 3209 2857 3294 ist übrigens eine ziemlich bekannte Lustspielfigur und Lili
560 3231 1709 3324 sichtslos den jungen Offizier, einen Gang zum Weiher zu
1716 3256 2868 3332 Kranz erleb: ihr Bühnenschicksal jedenfalls hübsch und an¬
2857 3267 2995 3335 schof
559 3281 1702 3357 unternehmen. Der arme Teufel Thorn soll mit dem feschen
1717 3296 2855 3374 mutig, ganz auf naives junges Mädchen, das auf das Wun¬
548 3312 1415 3375 Beelzelbuben Konrad ausgetrieben werden.
1712 3328 2853 3409 derhare wartet, eingestellt. Das Publikum quittierte die von
2863 3317 2970 3393 der
652 3360 1699 3436 Es gelang. Leonilda, das Freud=Mädchen aus dem
1708 3369 2849 3453 Josef Jarno inszenierte Vorstellung stellenweise mit großer
2850 3373 2973 3447 Nr.
542 3386 1699 3480 achtzehnten Jahrhundert, gab sich nicht mehr ahnungs¬
1698 3403 2856 3490 Heiterkeit. Aus der übrigen Aufführung ist das begabte Fräu¬
552 3443 1704 3530 heiß dem Blick des Gottes hin, sondern wonneheiß dem
1702 3442 2842 3532 lein Pillerstorf, ferner die Damen Schleinitz
1703 3481 2844 3574 Paneth und Schläger, die Herren Schich Schöbin¬
544 3472 1707 3578 Leutnant von Fleisch und Blut. Der aber ist undankbar,
2847 3492 2968 3567 schu
1690 3532 2706 3610 ger, Mahr und Werner besonders zu erwähnen.
551 3534 1415 3622 fühlt sich verkuppelt und wird unangenehm.
2853 3547 2974 3607 gen“
2603 3572 2974 3664 M. Fr.  gebe
2919 927 3056 1040 bale
2914 1021 3046 1094 Böh
2910 1090 3061 1169 wetz
2904 1209 3055 1280 Thea
2916 1269 3049 1337 Scha
2910 1333 3051 1411 regis
2924 1396 3051 1456 mase
2914 1434 3063 1500 im 2
2913 1548 3054 1630 „W
2904 1610 3037 1675 ist de
2908 1664 3040 1721 schrif
2909 1711 3032 1768 Läch
2913 1751 3042 1813 lauf
2907 1794 3010 1846 die
2919 1826 3031 1899 halt
2910 2169 2994 2249 die
