3344 4224
1593 160 2060 259 box 34/1
234 163 1457 272 30. Der Gang zun Weiher
2290 628 2411 724 2.
188 649 457 740 Arbamimen,
2361 678 2437 743 2
2747 656 2949 743 Täcea
1930 698 2235 775 i Pt d, beit.
134 708 1940 784 zu noch nie mitgewirktj nur für den ersten, nicht ful den
2293 704 3141 795 sonl die „Achuanunitas“, das seelische
770 767 1940 828 Wunscherteilt, denn so lange der Eingriff auch nur
125 764 776 822 ive dazuergriffenhabe.
1936 767 3016 823 Gleichgewicht, s uns am Krankenbetie in
775 801 1951 883 eine geringe Chance auf Besserung verspricht, kann man alles
127 809 777 874 wohl auch einem hoffnungs¬
1947 802 3134 898 manchem schweren seelischen Konflikt keiten soll, nicht in
1936 856 2298 919 Gefahr bringen.
157 853 1839 915 den Gnadenschuß, den man wagen; zu dem anderen fühle ich mich nicht berechtigt.
778 953 1939 1006 Tassoscher Fülle und jäh wieder in der Kühnheit der Ver¬
1953 960 3129 1035 sich geht, taucht insgeheim in belichteten Sommernächten
785 999 1940 1064 schlingungen und Kadenzen, kleistisch umfunkelt, wie auch
1958 1014 3125 1079 ein Mädchen Leonilda, die neunzehnjährige Tochter des
119 960 531 1102 turblatt.
781 1057 1945 1113 seine letzte Novelle „Die Frau des Richters“ in der jagenden
1941 1060 3126 1128 alternden, aber noch immer stattlichen, keineswegs leben¬
776 1093 1938 1165 Hast der Begebenheiten und öfters im Pomp des Wortes
1944 1100 3129 1159 verzichtenden Freiherrn, des vormaligen, dann verab¬
783 1136 1262 1218 kleistisch umwittert war.
1959 1143 3129 1213 schiedeten Kanzlers und Freundes kaiserlicher Majestät.
122 1137 645 1228 ers neues Drama.
854 1180 1942 1250 Ein Drama Arthur Schnitzlers. Und so erwartet
1939 1192 3124 1264 Leonilda gleitet „wollüstig wie ein Hecht", wie es Kleist
127 1201 725 1283 er.“ Dramatische Dichtung in fünf
774 1231 1938 1287 man, daß Traum und Wirklichkeit, Liebe, vom Sterben be¬
1949 1232 3118 1300 in seiner „Idylle im Bade“ beschrieben, durch die be¬
254 1255 727 1339 S. Fischer=Verlag, Berlin,
134 1267 268 1329 tler.
776 1277 1937 1341 schattet, Tod, der sich in Wollust löst, sich wie Figuren auf
1953 1282 3137 1363 glänzte Flut — lockend, nixenhaft — nicht der müden,
126 1299 252 1363 1926.)
777 1331 1932 1387 einem Sarkophag bacchantisch, ineinander schlingen werden.
1947 1330 3117 1386 totbestimmten Johanna gleich, nein, das eben ent¬
132 1334 439 1433 Werlheimer.
769 1374 1941 1435 Man wird in Abgründe von Seelen, von der Hand eines
1939 1376 3129 1445 lassene Klosterfräulein, aus drängendem Lebensmut und
779 1420 1937 1478 Erkenners geleitet, hinabblicken, kluge, lebenstiefe Wahr¬
1949 1420 3128 1490 Uebermut. Anselma, die unvermählte Schwesier des Frei¬
141 1400 777 1489 gedämpften Farben. Von der
770 1457 1939 1514 heiten werden aufblitzen, und man weiß, daß doch alles zu¬
1945 1466 3120 1532 herrn, hat den Elfenspuk in der Sommernacht belauscht,
116 1471 770 1530 nen Spätsommerabends, aus dem
765 1501 1938 1568 letzt, weil es Dichtererfindung ist, wie ein Spiel und wie ein
1945 1509 3118 1569 und sie erzählt, was sie erspäht, dem Bruder. Die Baronesse
125 1519 758 1590 cher Abende in unserer Landschaf
770 1552 1328 1630 Märchen verklingen wird.
1942 1552 3130 1625 ist die Tochter eines Weisen — des Freiherrn v. Mayenau,
125 1564 758 1642 ückend — die Flamme des Früh¬
859 1578 1935 1662 So ist auch das neue Schnitzler=Drama. Ein Gedicht,
1950 1603 3125 1652 der sich, seit sieben Jahren schon, in Bücher vergräbt, dem
830 1641 1932 1706 vielen Schönheiten schimmernd, von spätsommerlicher
1946 1652 3130 1697 Sekretär, einem kantisch philosophierenden, zuletzt durch
772 1643 842 1703 in
116 1633 778 1718 n. In solchen Versen, wie nur
763 1700 1930 1756 Weisheit durchleuchtet. Ein Werk, in cdelster Maßen ein¬
1947 1693 3134 1760 rationalistisches Grübeln fast in den Wahnsinn verstrickten
128 1708 767 1768 k. dessen Prosa selbst rhythmiseh
774 1736 1929 1798 herschreitend, ein Benenntnis, ein schmerzliches, selbstquäle¬
1945 1746 3129 1797 Sekretär seine Erinnerungen diktiert, am liebsten aber doch
125 1747 767 1818 sen — wäre er sonst Oesterreichs
773 1783 1934 1847 lisches oft, wie jedes gedichtete Werk. Das Bekenntnis
1944 1792 3120 1854 sein Roß durchs Grüne hetzt, selbst noch verschwiegenen
127 1797 763 1852 — von Musik umwoben ist. Es
767 1831 1934 1886 eines Mannes von Bedeutung, den man in einer Zeit groß¬
1943 1831 3133 1889 Abenteuern nachpürscht und die jugendlichen Regungen des
108 1831 770 1915 us“, im „Schleier der Beatrice“,
778 1878 1930 1937 mäuliger Kunstscharlatane um seines noch immer reifenden
1941 1879 3120 1934 Blutes versteht. Darum hält er es auch nicht für bedenklich.
118 1896 772 1956 tt im „Gang zum Weiher“ — von
771 1924 1932 1991 Könnens willen ehren, um seiner reinen Menschlichkeit willen
1948 1924 3130 2002 seinen Freund und Gefährten von einst, den Dichter
116 1936 758 2003 jenem Kreis aufblühten, dem er
766 1971 1038 2036 lieben muß.
1944 1971 2927 2027 Sylvester Thorn, zu Gast in sein Schloß zu laben.
119 1976 770 2037 rt: Nicht von dem flackernden,
853 1998 1930 2078 Der Weiher, der im Hiniergrund, Symvol des Ganzen,
2034 2015 3119 2088 Sylvester Thorn, wie könnte er anders bei Schnitzler
125 2029 773 2088 Ungestüm Hofmannsthals, nicht
762 2061 1941 2116 hinter Weidengebüsch und Blattgehänge glitzert, ist dem
1953 2036 3117 2127 in dieser altöstereichischen Dichtung heißen — Sylvester,
119 2073 764 2136 lerischer und seiner Glaubens¬
770 2094 822 2140 1.
775 2111 1942 2184 Schnitzler=Kenner nicht fremd, wie so viele Motive dieses
1940 2100 3119 2185 der wählerische, leise melancholische Skeptiker, ein Vorahne
120 2110 768 2185 nitzler Vers in seiner schlanken,
764 2150 1642 2227 Dramas, die sich auch hier ineinanderketien.
1936 2156 3123 2221 des Herrn von Sala, Menschendurchschauer und Beargwöhner,
119 2170 758 2225 was spitzigen Fülle, seiner klaren,
1930 2202 3115 2263 der früher einmal, ach schon vor Jahrhunderten, da er noch
153 2214 768 2277 manchmal spielerischen Anmut
856 2187 1935 2271 Leiher ..., etwas Heimliches, man kann es nicht
1938 2252 3122 2315 jung gewesen, um die süße Beatrice warb und Philippo
141 2250 774 2320 r herüber. Manche dieser Zeilen
770 2244 1943 2329 anders sagen, Zärtliches und Verschwiegenes und dabei
1942 2290 2208 2360 Loschi hieß.
119 2303 775 2376 Klang. „Wir spielen alle, wer es
779 2313 1934 2360 etwas österreichisch Romantisches, etwas schwindisch Melu¬
2030 2322 3107 2395 Sylvester Thorn tritt alsbald auf den Plan. Er kommt
116 2343 770 2410 dem „Schleier der Beatrice“ dieser
767 2347 1943 2418 sinenhaftes ist um dieses Wort und um dieses Bild. Schnitzler
1945 2369 3100 2440 ein wenig verspätet „auf Jugendwegen lässig hergeschlendert“
120 2400 768 2454 tenaissance entgegenlodert: „Um¬
764 2397 1925 2449 hat es immer bevorzugt. Treffen sich nicht im „Weiten
1936 2437 3114 2490 — er ist ja das Schlendern, das Wandern in der Fremde
778 2432 1930 2492 Land“ Hofreiter und Erna und der tennistapfere Paul und
120 2440 765 2509 r Gefahr.“ Oder die betörend
1942 2486 3120 2533 gewohnt. Seit zehn Jahren ist er heimatlos geworden. Der
119 2494 770 2550 du nicht, Beatricc, nur ein Kind,
775 2480 1925 2545 Frau Wahl, die besorgt schwatzhafte, am Völser Weiher?
1939 2531 3117 2584 Pöbel hat in ienen kriegerisch erregten Zeiten, weil seine Ut¬
775 2530 1939 2595 Sucht Johanna nicht im Teich, der das Schlößchen des Herrn
119 2537 775 2594 veil sie glänzte, mit eines Dichters
120 2581 196 2649 90
1933 2570 3123 2638 Urahnin fremdländischen Geblütes war, sein Haus bestürmt;
186 2580 769 2639 Oder aus einem vergessenen
767 2587 1942 2639 von Sala abschließt, zwischen den sandsteinernen Figuren
1934 2624 3124 2694 da gab er seibst Haus und Heimat auf. Anselma, die jetzt einsam
769 2629 1929 2694 letztes Vergessen — in jenem „Einsamer Weg“ zu dem von
123 2633 765 2694 — wie man überhaupt vergißt
1938 2675 3126 2731 heranaltert, ist damals seinem Gefühl und wohl auch seinen
757 2656 1932 2738 diesem „Gang zum Weiher“ manche Wege, Gedankenwege
105 2674 761 2738 ings bezeichnendste Gedichte ge¬
1946 2714 3122 2784 Sinnen nahe gewesen, nun ist sie längst für ihn schattenhaft.
773 2719 1283 2795 eines Einsamen, führen?
106 2723 762 2791 ksliedhaft wienerische Ausklang:
1943 2745 3107 2812 Nicht ihr zu begegnen, ist er in dem drohenden Kriegs¬
850 2746 1941 2826 Auch in den Weiher dieses Dramas, das nicht in den
107 2764 772 2851 hied von hier genommen, mein
1946 2811 3113 2870 getümmel dieser Tage zu seinem Freund gewandert, durch
763 2809 1939 2873 heute heute schon so entfernten und doch nur eben vorüber¬
107 2818 187 2877 hl.“
1946 2850 3116 2907 Gefahr, durch Not und Tod. Er gehört zur schreibenden
765 2858 1932 2908 gerauschten Tagen des früheren, des eigentlichen Schnitzler¬
112 2838 766 2915 nkverse dieser neuen dramatischen
1937 2901 3118 2962 Zunft: und so sucht er nicht eine Frau, sondern — ein
771 2905 1924 2960 Wien, sondern in der Mitte des achtzehnten Jahrhunderts,
113 2910 760 2977 erhaft leicht, aber bann wieder,
757 2938 3119 3032 im Saale und Schloßpark des Freiherrn von Mayenau vor' Mannskript, das eigene sogar, ein Tagebuch seiner Jugend,
113 2955 749 3033 ler, von überraschender, Goethe¬
795 2983 1093 3054 a Stebg Haie 8
